万得代码,交易所代码,自然日,时间,委托编号,交易所委托号,委托类型,委托代码,委托价格,委托数量,
000088.SZ,000088,20251209,91500040,0,596,0,B,44000,5000,
000088.SZ,000088,20251209,91500040,0,608,0,S,45200,4000,
000088.SZ,000088,20251209,91500040,0,669,0,B,44300,20300,
000088.SZ,000088,20251209,91500040,0,670,0,S,44800,13100,
000088.SZ,000088,20251209,91500050,0,984,0,S,46100,6500,
000088.SZ,000088,20251209,91500060,0,2153,0,B,44300,65400,
000088.SZ,000088,20251209,91500060,0,3952,0,S,45100,2100,
000088.SZ,000088,20251209,91500060,0,4365,0,S,44700,5000,
000088.SZ,000088,20251209,91500070,0,5586,0,B,44500,100,
000088.SZ,000088,20251209,91500070,0,6831,0,S,47500,200,
000088.SZ,000088,20251209,91500070,0,6945,0,S,49000,15000,
000088.SZ,000088,20251209,91500070,0,6995,0,B,43000,200,
000088.SZ,000088,20251209,91500070,0,7588,0,S,45300,1000,
000088.SZ,000088,20251209,91500070,0,7590,0,S,45400,1000,
000088.SZ,000088,20251209,91500070,0,8134,0,S,45500,1000,
000088.SZ,000088,20251209,91500080,0,9107,0,S,49000,17200,
000088.SZ,000088,20251209,91500080,0,9108,0,S,49000,10000,
000088.SZ,000088,20251209,91500080,0,9109,0,S,49000,10000,
000088.SZ,000088,20251209,91500080,0,9111,0,S,49000,10000,
000088.SZ,000088,20251209,91500080,0,9112,0,S,49000,10000,
000088.SZ,000088,20251209,91500080,0,9114,0,S,46200,10000,
000088.SZ,000088,20251209,91500080,0,9198,0,B,44500,1000,
000088.SZ,000088,20251209,91500080,0,9565,0,B,43600,500,
000088.SZ,000088,20251209,91500080,0,9589,0,B,43000,500,
000088.SZ,000088,20251209,91500080,0,9744,0,B,44200,500,
000088.SZ,000088,20251209,91500080,0,9747,0,B,44300,500,
000088.SZ,000088,20251209,91500080,0,9825,0,S,49000,1400,
000088.SZ,000088,20251209,91500080,0,9910,0,S,45300,100,
000088.SZ,000088,20251209,91500080,0,10003,0,S,44900,100,
000088.SZ,000088,20251209,91500080,0,10004,0,S,44800,100,
000088.SZ,000088,20251209,91500080,0,10059,0,S,45100,10900,
000088.SZ,000088,20251209,91500080,0,10340,0,B,44400,7000,
000088.SZ,000088,20251209,91500080,0,10341,0,B,44300,7500,
000088.SZ,000088,20251209,91500080,0,10342,0,B,44200,7000,
000088.SZ,000088,20251209,91500080,0,10491,0,B,44100,7100,
000088.SZ,000088,20251209,91500080,0,11028,0,B,44400,4400,
000088.SZ,000088,20251209,91500080,0,11571,0,S,44700,200000,
000088.SZ,000088,20251209,91500080,0,11606,0,S,44800,157300,
000088.SZ,000088,20251209,91500080,0,11607,0,S,44900,100000,
000088.SZ,000088,20251209,91500080,0,11792,0,B,44200,10000,
000088.SZ,000088,20251209,91500080,0,12194,0,B,44400,10000,
000088.SZ,000088,20251209,91500080,0,12207,0,B,44300,10000,
000088.SZ,000088,20251209,91500080,0,12364,0,B,44400,2500,
000088.SZ,000088,20251209,91500080,0,12427,0,S,44600,2500,
000088.SZ,000088,20251209,91500080,0,12643,0,S,49000,1800,
000088.SZ,000088,20251209,91500090,0,13199,0,S,49000,100,
000088.SZ,000088,20251209,91500090,0,13211,0,S,49000,600,
000088.SZ,000088,20251209,91500090,0,13355,0,S,45900,1000,
000088.SZ,000088,20251209,91500090,0,13437,0,S,45500,3000,
000088.SZ,000088,20251209,91500090,0,13504,0,S,49000,9400,
000088.SZ,000088,20251209,91500090,0,13518,0,S,46900,9900,
000088.SZ,000088,20251209,91500090,0,13917,0,B,43200,100,
000088.SZ,000088,20251209,91500090,0,13918,0,B,43100,100,
000088.SZ,000088,20251209,91500090,0,14304,0,S,48500,1300,
000088.SZ,000088,20251209,91500090,0,14305,0,S,49000,1300,
000088.SZ,000088,20251209,91500090,0,14311,0,S,47000,2000,
000088.SZ,000088,20251209,91500090,0,14345,0,S,45000,2500,
000088.SZ,000088,20251209,91500090,0,14477,0,S,45300,2500,
000088.SZ,000088,20251209,91500090,0,14479,0,B,44400,2500,
000088.SZ,000088,20251209,91500090,0,14573,0,S,44800,100000,
000088.SZ,000088,20251209,91500090,0,14574,0,S,44900,100000,
000088.SZ,000088,20251209,91500090,0,14637,0,B,44100,2500,
000088.SZ,000088,20251209,91500090,0,14725,0,S,45000,118100,
000088.SZ,000088,20251209,91500090,0,14742,0,S,44700,4000,
000088.SZ,000088,20251209,91500090,0,14744,0,S,44800,4000,
000088.SZ,000088,20251209,91500090,0,14745,0,S,44900,4000,
000088.SZ,000088,20251209,91500090,0,15030,0,S,49000,100,
000088.SZ,000088,20251209,91500090,0,15479,0,S,49000,52700,
000088.SZ,000088,20251209,91500090,0,15507,0,S,48900,52700,
000088.SZ,000088,20251209,91500090,0,15508,0,S,48800,52800,
000088.SZ,000088,20251209,91500090,0,16441,0,S,47000,300,
000088.SZ,000088,20251209,91500100,0,17107,0,S,47500,100,
000088.SZ,000088,20251209,91500100,0,17467,0,S,49000,800,
000088.SZ,000088,20251209,91500100,0,17589,0,S,47500,500,
000088.SZ,000088,20251209,91500100,0,17831,0,S,44700,150000,
000088.SZ,000088,20251209,91500100,0,17832,0,S,44700,150000,
000088.SZ,000088,20251209,91500100,0,17930,0,S,44800,1000,
000088.SZ,000088,20251209,91500100,0,17931,0,S,44900,1000,
000088.SZ,000088,20251209,91500100,0,17932,0,S,45100,1000,
000088.SZ,000088,20251209,91500100,0,17933,0,S,45600,1000,
000088.SZ,000088,20251209,91500100,0,17938,0,S,49000,10000,
000088.SZ,000088,20251209,91500100,0,18073,0,S,45800,1000,
000088.SZ,000088,20251209,91500100,0,19435,0,S,45300,3900,
000088.SZ,000088,20251209,91500110,0,20634,0,S,49000,10000,
000088.SZ,000088,20251209,91500110,0,20800,0,S,44900,12800,
000088.SZ,000088,20251209,91500110,0,20807,0,B,44300,12800,
000088.SZ,000088,20251209,91500110,0,20874,0,S,46900,1000,
000088.SZ,000088,20251209,91500110,0,21181,0,B,44300,500,
000088.SZ,000088,20251209,91500110,0,21658,0,S,49000,500,
000088.SZ,000088,20251209,91500110,0,22163,0,S,45000,1000,
000088.SZ,000088,20251209,91500110,0,22164,0,S,45200,1000,
000088.SZ,000088,20251209,91500110,0,22166,0,S,45500,1000,
000088.SZ,000088,20251209,91500110,0,22451,0,S,45100,3000,
000088.SZ,000088,20251209,91500120,0,23339,0,S,45700,1000,
000088.SZ,000088,20251209,91500120,0,23390,0,S,45200,3200,
000088.SZ,000088,20251209,91500120,0,23507,0,S,49000,10000,
000088.SZ,000088,20251209,91500120,0,23802,0,S,46600,100,
000088.SZ,000088,20251209,91500120,0,23838,0,B,44300,3000,
000088.SZ,000088,20251209,91500120,0,23839,0,B,44200,3000,
000088.SZ,000088,20251209,91500120,0,23840,0,B,44100,3000,
000088.SZ,000088,20251209,91500120,0,23841,0,B,43800,3000,
000088.SZ,000088,20251209,91500120,0,23842,0,B,43700,3000,
000088.SZ,000088,20251209,91500120,0,23846,0,B,44300,3000,
000088.SZ,000088,20251209,91500120,0,23847,0,B,44100,3000,
000088.SZ,000088,20251209,91500120,0,23848,0,B,43900,3000,
000088.SZ,000088,20251209,91500120,0,23850,0,B,43300,3000,
000088.SZ,000088,20251209,91500120,0,23851,0,B,44000,3000,
000088.SZ,000088,20251209,91500120,0,23852,0,B,43800,3000,
000088.SZ,000088,20251209,91500120,0,23853,0,B,43600,3000,
000088.SZ,000088,20251209,91500120,0,24181,0,S,44700,10600,
000088.SZ,000088,20251209,91500120,0,24202,0,S,45400,39000,
000088.SZ,000088,20251209,91500120,0,24940,0,B,44200,3000,
000088.SZ,000088,20251209,91500120,0,24941,0,B,43800,3000,
000088.SZ,000088,20251209,91500120,0,24942,0,B,43500,3000,
000088.SZ,000088,20251209,91500120,0,24943,0,B,43200,3000,
000088.SZ,000088,20251209,91500120,0,24995,0,S,49000,4300,
000088.SZ,000088,20251209,91500120,0,25118,0,B,40400,4500,
000088.SZ,000088,20251209,91500120,0,25126,0,S,45000,20000,
000088.SZ,000088,20251209,91500120,0,25609,0,S,45100,20000,
000088.SZ,000088,20251209,91500120,0,25718,0,S,45000,900,
000088.SZ,000088,20251209,91500120,0,25719,0,S,48000,700,
000088.SZ,000088,20251209,91500120,0,25724,0,S,45000,11200,
000088.SZ,000088,20251209,91500120,0,25794,0,S,45500,11100,
000088.SZ,000088,20251209,91500130,0,26034,0,S,44700,463900,
000088.SZ,000088,20251209,91500130,0,26038,0,S,44600,150000,
000088.SZ,000088,20251209,91500130,0,26564,0,S,40100,2200,
000088.SZ,000088,20251209,91500130,0,27024,0,S,44800,2400,
000088.SZ,000088,20251209,91500130,0,27025,0,S,44900,2500,
000088.SZ,000088,20251209,91500130,0,27403,0,S,44700,2400,
000088.SZ,000088,20251209,91500130,0,27550,0,S,45500,10000,
000088.SZ,000088,20251209,91500130,0,27609,0,S,46000,10000,
000088.SZ,000088,20251209,91500130,0,27610,0,S,46500,10000,
000088.SZ,000088,20251209,91500130,0,27611,0,S,47000,10000,
000088.SZ,000088,20251209,91500130,0,27613,0,S,49000,10000,
000088.SZ,000088,20251209,91500130,0,27750,0,B,43100,500,
000088.SZ,000088,20251209,91500130,0,27958,0,S,45200,6000,
000088.SZ,000088,20251209,91500130,0,28366,0,S,45000,2000,
000088.SZ,000088,20251209,91500130,0,28368,0,S,45400,3000,
000088.SZ,000088,20251209,91500130,0,28369,0,S,46000,2000,
000088.SZ,000088,20251209,91500130,0,28370,0,S,46400,3000,
000088.SZ,000088,20251209,91500130,0,28668,0,S,45600,4700,
000088.SZ,000088,20251209,91500130,0,29174,0,S,47000,3500,
000088.SZ,000088,20251209,91500130,0,29555,0,B,43200,2000,
000088.SZ,000088,20251209,91500130,0,29556,0,B,42800,3000,
000088.SZ,000088,20251209,91500130,0,29569,0,B,43800,400,
000088.SZ,000088,20251209,91500130,0,29571,0,S,45900,600,
000088.SZ,000088,20251209,91500130,0,29575,0,S,48800,500,
000088.SZ,000088,20251209,91500130,0,29578,0,S,46800,1000,
000088.SZ,000088,20251209,91500130,0,29661,0,S,47600,1000,
000088.SZ,000088,20251209,91500130,0,29820,0,S,48700,2000,
000088.SZ,000088,20251209,91500140,0,29901,0,B,43200,800,
000088.SZ,000088,20251209,91500140,0,30261,0,S,45700,1000,
000088.SZ,000088,20251209,91500140,0,30262,0,S,45900,1000,
000088.SZ,000088,20251209,91500140,0,30526,0,S,45700,13000,
000088.SZ,000088,20251209,91500140,0,30528,0,S,47000,15000,
000088.SZ,000088,20251209,91500140,0,30676,0,S,48500,18000,
000088.SZ,000088,20251209,91500140,0,30780,0,S,49000,100,
000088.SZ,000088,20251209,91500140,0,31256,0,S,49000,1000,
000088.SZ,000088,20251209,91500140,0,31273,0,S,48800,700,
000088.SZ,000088,20251209,91500140,0,31388,0,S,44900,7800,
000088.SZ,000088,20251209,91500140,0,32332,0,S,48900,100,
000088.SZ,000088,20251209,91500140,0,32763,0,S,48800,4700,
000088.SZ,000088,20251209,91500140,0,32932,0,B,44500,100,
000088.SZ,000088,20251209,91500140,0,32933,0,B,44400,100,
000088.SZ,000088,20251209,91500140,0,32934,0,B,44300,100,
000088.SZ,000088,20251209,91500140,0,32935,0,B,44300,100,
000088.SZ,000088,20251209,91500140,0,32937,0,B,44200,100,
000088.SZ,000088,20251209,91500140,0,32939,0,B,44200,100,
000088.SZ,000088,20251209,91500140,0,32940,0,B,44100,100,
000088.SZ,000088,20251209,91500140,0,32942,0,B,44100,100,
000088.SZ,000088,20251209,91500140,0,32944,0,S,44600,100,
000088.SZ,000088,20251209,91500140,0,32945,0,S,44700,100,
000088.SZ,000088,20251209,91500140,0,32946,0,S,44800,100,
000088.SZ,000088,20251209,91500140,0,32947,0,S,44800,100,
000088.SZ,000088,20251209,91500140,0,32948,0,S,44900,100,
000088.SZ,000088,20251209,91500140,0,32955,0,S,44900,100,
000088.SZ,000088,20251209,91500140,0,32956,0,S,45000,100,
000088.SZ,000088,20251209,91500140,0,32957,0,S,45000,100,
000088.SZ,000088,20251209,91500140,0,32958,0,S,45100,100,
000088.SZ,000088,20251209,91500140,0,32959,0,S,45100,100,
000088.SZ,000088,20251209,91500140,0,32960,0,S,45200,100,
000088.SZ,000088,20251209,91500140,0,32961,0,S,45200,100,
000088.SZ,000088,20251209,91500140,0,33059,0,S,45300,100,
000088.SZ,000088,20251209,91500140,0,33061,0,S,45300,100,
000088.SZ,000088,20251209,91500140,0,33062,0,S,45400,100,
000088.SZ,000088,20251209,91500140,0,33064,0,S,45400,100,
000088.SZ,000088,20251209,91500150,0,33560,0,S,48800,3000,
000088.SZ,000088,20251209,91500150,0,33648,0,S,46500,2400,
000088.SZ,000088,20251209,91500150,0,33758,0,S,48700,10000,
000088.SZ,000088,20251209,91500150,0,33863,0,S,48900,400,
000088.SZ,000088,20251209,91500150,0,34004,0,S,48000,200,
000088.SZ,000088,20251209,91500150,0,34128,0,S,49000,3000,
000088.SZ,000088,20251209,91500150,0,34176,0,S,44800,50600,
000088.SZ,000088,20251209,91500150,0,34178,0,S,44600,30000,
000088.SZ,000088,20251209,91500150,0,34181,0,S,44800,35700,
000088.SZ,000088,20251209,91500150,0,34372,0,S,45000,5000,
000088.SZ,000088,20251209,91500150,0,34615,0,S,48200,1900,
000088.SZ,000088,20251209,91500150,0,35150,0,S,44900,500,
000088.SZ,000088,20251209,91500150,0,35281,0,S,49000,500,
000088.SZ,000088,20251209,91500150,0,35407,0,B,43700,1000,
000088.SZ,000088,20251209,91500160,0,37408,0,B,44400,6300,
000088.SZ,000088,20251209,91500160,0,38406,0,S,48200,6400,
000088.SZ,000088,20251209,91500160,0,38631,0,S,44600,100,
000088.SZ,000088,20251209,91500160,0,39072,0,S,48900,600,
000088.SZ,000088,20251209,91500160,0,39231,0,S,49000,200,
000088.SZ,000088,20251209,91500160,0,39276,0,S,49000,200,
000088.SZ,000088,20251209,91500160,0,39565,0,S,44700,10000,
000088.SZ,000088,20251209,91500160,0,39566,0,B,44300,10000,
000088.SZ,000088,20251209,91500160,0,39761,0,S,48000,4300,
000088.SZ,000088,20251209,91500160,0,40342,0,S,49000,5900,
000088.SZ,000088,20251209,91500170,0,42457,0,S,49000,3300,
000088.SZ,000088,20251209,91500170,0,42458,0,S,48500,1000,
000088.SZ,000088,20251209,91500170,0,42903,0,B,43700,500,
000088.SZ,000088,20251209,91500170,0,43064,0,B,44300,3000,
000088.SZ,000088,20251209,91500170,0,43065,0,B,44200,3000,
000088.SZ,000088,20251209,91500170,0,43066,0,B,44100,3000,
000088.SZ,000088,20251209,91500170,0,43067,0,B,44000,3000,
000088.SZ,000088,20251209,91500170,0,43291,0,S,45000,10000,
000088.SZ,000088,20251209,91500180,0,43541,0,S,44800,3000,
000088.SZ,000088,20251209,91500180,0,43743,0,B,43700,6700,
000088.SZ,000088,20251209,91500180,0,44343,0,S,44700,2000,
000088.SZ,000088,20251209,91500180,0,45522,0,B,44000,3000,
000088.SZ,000088,20251209,91500180,0,45523,0,B,43900,3000,
000088.SZ,000088,20251209,91500180,0,45524,0,B,43600,3000,
000088.SZ,000088,20251209,91500180,0,45525,0,B,43500,3000,
000088.SZ,000088,20251209,91500180,0,45526,0,B,43400,3000,
000088.SZ,000088,20251209,91500180,0,45527,0,B,43300,3000,
000088.SZ,000088,20251209,91500180,0,45632,0,B,43700,3000,
000088.SZ,000088,20251209,91500180,0,45633,0,B,43500,3000,
000088.SZ,000088,20251209,91500180,0,45645,0,B,44200,3000,
000088.SZ,000088,20251209,91500180,0,45951,0,S,44800,600,
000088.SZ,000088,20251209,91500180,0,46083,0,S,47500,500,
000088.SZ,000088,20251209,91500190,0,48346,0,B,44000,5000,
000088.SZ,000088,20251209,91500190,0,48348,0,B,43300,5000,
000088.SZ,000088,20251209,91500190,0,48349,0,B,43600,7200,
000088.SZ,000088,20251209,91500190,0,48364,0,B,42500,200,
000088.SZ,000088,20251209,91500190,0,48391,0,B,40300,6000,
000088.SZ,000088,20251209,91500190,0,48462,0,B,44200,3000,
000088.SZ,000088,20251209,91500190,0,48463,0,B,44100,3000,
000088.SZ,000088,20251209,91500190,0,48464,0,B,44000,3000,
000088.SZ,000088,20251209,91500190,0,48465,0,B,43800,3000,
000088.SZ,000088,20251209,91500190,0,48466,0,B,43600,3000,
000088.SZ,000088,20251209,91500190,0,48467,0,S,44800,3000,
000088.SZ,000088,20251209,91500190,0,48468,0,S,45000,3000,
000088.SZ,000088,20251209,91500190,0,48515,0,S,45900,1000,
000088.SZ,000088,20251209,91500190,0,48885,0,S,44700,3300,
000088.SZ,000088,20251209,91500200,0,49995,0,S,45000,800,
000088.SZ,000088,20251209,91500200,0,50181,0,S,46300,40000,
000088.SZ,000088,20251209,91500200,0,50465,0,B,44300,3000,
000088.SZ,000088,20251209,91500200,0,50468,0,B,43900,3000,
000088.SZ,000088,20251209,91500200,0,50469,0,B,43700,3000,
000088.SZ,000088,20251209,91500200,0,50483,0,B,40200,2000,
000088.SZ,000088,20251209,91500200,0,50752,0,B,43600,500,
000088.SZ,000088,20251209,91500200,0,50919,0,S,44800,100,
000088.SZ,000088,20251209,91500200,0,50920,0,S,45100,100,
000088.SZ,000088,20251209,91500200,0,50921,0,S,45400,100,
000088.SZ,000088,20251209,91500200,0,50929,0,S,44800,8000,
000088.SZ,000088,20251209,91500200,0,50938,0,B,44200,100,
000088.SZ,000088,20251209,91500200,0,51576,0,S,46200,6700,
000088.SZ,000088,20251209,91500210,0,52131,0,S,45000,7200,
000088.SZ,000088,20251209,91500210,0,52143,0,S,45400,5000,
000088.SZ,000088,20251209,91500210,0,52167,0,S,44600,5000,
000088.SZ,000088,20251209,91500210,0,52168,0,S,44700,5000,
000088.SZ,000088,20251209,91500210,0,52170,0,S,44600,5000,
000088.SZ,000088,20251209,91500210,0,52342,0,B,43000,500,
000088.SZ,000088,20251209,91500210,0,52857,0,S,46000,1000,
000088.SZ,000088,20251209,91500210,0,53379,0,B,44100,4000,
000088.SZ,000088,20251209,91500210,0,53393,0,B,44300,600,
000088.SZ,000088,20251209,91500220,0,54119,0,S,49000,200,
000088.SZ,000088,20251209,91500220,0,54192,0,S,44800,900,
000088.SZ,000088,20251209,91500220,0,55642,0,B,44000,400,
000088.SZ,000088,20251209,91500230,0,56722,0,B,44200,1400,
000088.SZ,000088,20251209,91500240,0,58044,0,S,45100,10000,
000088.SZ,000088,20251209,91500240,0,58330,0,B,43000,200,
000088.SZ,000088,20251209,91500240,0,59025,0,B,43100,800,
000088.SZ,000088,20251209,91500240,0,59026,0,S,47600,800,
000088.SZ,000088,20251209,91500240,0,59212,0,S,44800,42000,
000088.SZ,000088,20251209,91500240,0,59601,0,S,44500,500,
000088.SZ,000088,20251209,91500250,0,59921,0,S,45000,20000,
000088.SZ,000088,20251209,91500250,0,59922,0,S,45500,20000,
000088.SZ,000088,20251209,91500250,0,59923,0,S,46000,20000,
000088.SZ,000088,20251209,91500250,0,59924,0,B,44000,20000,
000088.SZ,000088,20251209,91500250,0,59925,0,B,43500,20000,
000088.SZ,000088,20251209,91500250,0,59927,0,B,43000,20000,
000088.SZ,000088,20251209,91500250,0,61308,0,S,48700,100,
000088.SZ,000088,20251209,91500260,0,62113,0,S,49000,2000,
000088.SZ,000088,20251209,91500260,0,62369,0,S,49000,700,
000088.SZ,000088,20251209,91500260,0,62479,0,B,43800,20000,
000088.SZ,000088,20251209,91500260,0,62502,0,B,43500,500,
000088.SZ,000088,20251209,91500270,0,63349,0,B,44000,5100,
000088.SZ,000088,20251209,91500280,0,64467,0,B,44000,500,
000088.SZ,000088,20251209,91500290,0,65971,0,S,45000,20000,
000088.SZ,000088,20251209,91500290,0,65972,0,S,45500,20000,
000088.SZ,000088,20251209,91500290,0,65973,0,S,46000,20000,
000088.SZ,000088,20251209,91500290,0,65976,0,B,44000,20000,
000088.SZ,000088,20251209,91500290,0,65978,0,B,43500,20000,
000088.SZ,000088,20251209,91500290,0,65984,0,B,43000,20000,
000088.SZ,000088,20251209,91500290,0,66079,0,B,44200,3000,
000088.SZ,000088,20251209,91500290,0,66084,0,B,43500,3000,
000088.SZ,000088,20251209,91500290,0,66121,0,S,49000,12500,
000088.SZ,000088,20251209,91500290,0,66129,0,S,44700,28000,
000088.SZ,000088,20251209,91500290,0,66549,0,S,45300,14600,
000088.SZ,000088,20251209,91500290,0,67032,0,B,43200,2500,
000088.SZ,000088,20251209,91500300,0,67900,0,B,41000,2000,
000088.SZ,000088,20251209,91500300,0,69213,0,S,49000,800,
000088.SZ,000088,20251209,91500310,0,70083,0,B,43800,25000,
000088.SZ,000088,20251209,91500310,0,70871,0,S,48500,10000,
000088.SZ,000088,20251209,91500310,0,70933,0,S,47200,1000,
000088.SZ,000088,20251209,91500320,0,72046,0,S,45400,30100,
000088.SZ,000088,20251209,91500320,0,72415,0,S,47500,1000,
000088.SZ,000088,20251209,91500330,0,73794,0,S,45600,1000,
000088.SZ,000088,20251209,91500330,0,73796,0,B,42900,100,
000088.SZ,000088,20251209,91500330,0,74001,0,B,44100,2500,
000088.SZ,000088,20251209,91500330,0,74246,0,B,44600,1000,
000088.SZ,000088,20251209,91500330,0,74343,0,S,44600,5000,
000088.SZ,000088,20251209,91500330,0,74344,0,B,44200,5000,
000088.SZ,000088,20251209,91500330,0,74519,0,B,44500,600,
000088.SZ,000088,20251209,91500340,0,76446,0,B,43600,9100,
000088.SZ,000088,20251209,91500340,0,76464,0,S,47000,500,
000088.SZ,000088,20251209,91500360,0,78952,0,B,44300,3800,
000088.SZ,000088,20251209,91500360,0,79029,0,B,44300,200,
000088.SZ,000088,20251209,91500370,0,79196,0,B,43800,2000,
000088.SZ,000088,20251209,91500370,0,79222,0,S,49000,100,
000088.SZ,000088,20251209,91500380,0,81124,0,B,49000,10000,
000088.SZ,000088,20251209,91500390,0,81512,0,S,45100,3000,
000088.SZ,000088,20251209,91500390,0,81513,0,S,47000,3000,
000088.SZ,000088,20251209,91500390,0,81514,0,S,48000,4000,
000088.SZ,000088,20251209,91500400,0,83090,0,S,45200,3000,
000088.SZ,000088,20251209,91500400,0,83205,0,B,42300,1500,
000088.SZ,000088,20251209,91500400,0,83751,0,S,44800,12700,
000088.SZ,000088,20251209,91500400,0,83752,0,S,45000,12700,
000088.SZ,000088,20251209,91500410,0,84431,0,S,49000,300,
000088.SZ,000088,20251209,91500410,0,84432,0,S,48900,300,
000088.SZ,000088,20251209,91500410,0,84433,0,S,48800,300,
000088.SZ,000088,20251209,91500410,0,84434,0,S,48700,300,
000088.SZ,000088,20251209,91500410,0,84435,0,S,48600,300,
000088.SZ,000088,20251209,91500410,0,84436,0,S,48400,300,
000088.SZ,000088,20251209,91500410,0,84437,0,S,48300,300,
000088.SZ,000088,20251209,91500410,0,84438,0,S,48200,300,
000088.SZ,000088,20251209,91500410,0,84796,0,S,48000,200,
000088.SZ,000088,20251209,91500410,0,85196,0,S,47500,300,
000088.SZ,000088,20251209,91500420,0,85530,0,S,48800,1000,
000088.SZ,000088,20251209,91500420,0,85532,0,B,40500,1000,
000088.SZ,000088,20251209,91500420,0,85981,0,B,44300,3000,
000088.SZ,000088,20251209,91500420,0,85983,0,B,44200,3000,
000088.SZ,000088,20251209,91500420,0,85999,0,B,44100,3000,
000088.SZ,000088,20251209,91500420,0,86000,0,B,44000,3000,
000088.SZ,000088,20251209,91500420,0,86005,0,B,43900,3000,
000088.SZ,000088,20251209,91500420,0,86007,0,B,43800,3000,
000088.SZ,000088,20251209,91500420,0,86008,0,B,43700,3000,
000088.SZ,000088,20251209,91500420,0,86009,0,S,44800,3000,
000088.SZ,000088,20251209,91500420,0,86010,0,S,44900,3000,
000088.SZ,000088,20251209,91500420,0,86011,0,S,45000,3000,
000088.SZ,000088,20251209,91500430,0,86519,0,S,48500,400,
000088.SZ,000088,20251209,91500430,0,86536,0,S,48000,2500,
000088.SZ,000088,20251209,91500430,0,86695,0,S,49000,1000,
000088.SZ,000088,20251209,91500430,0,86815,0,S,45000,5000,
000088.SZ,000088,20251209,91500430,0,86841,0,S,45100,5500,
000088.SZ,000088,20251209,91500440,0,88534,0,S,49000,300,
000088.SZ,000088,20251209,91500440,0,88589,0,S,44800,131600,
000088.SZ,000088,20251209,91500440,0,88761,0,B,44100,2000,
000088.SZ,000088,20251209,91500450,0,88844,0,S,49000,1000,
000088.SZ,000088,20251209,91500450,0,89029,0,B,42200,1000,
000088.SZ,000088,20251209,91500450,0,89375,0,S,49000,1400,
000088.SZ,000088,20251209,91500460,0,89731,0,B,42100,700,
000088.SZ,000088,20251209,91500460,0,90758,0,S,45000,500,
000088.SZ,000088,20251209,91500480,0,92255,0,S,45000,53600,
000088.SZ,000088,20251209,91500480,0,92759,0,S,45500,3000,
000088.SZ,000088,20251209,91500480,0,93148,0,S,46100,6100,
000088.SZ,000088,20251209,91500490,0,93826,0,S,44800,5000,
000088.SZ,000088,20251209,91500490,0,94058,0,B,43300,3000,
000088.SZ,000088,20251209,91500490,0,94062,0,B,44600,524200,
000088.SZ,000088,20251209,91500490,0,94241,0,B,43000,10900,
000088.SZ,000088,20251209,91500500,0,94778,0,B,44000,14000,
000088.SZ,000088,20251209,91500500,0,94783,0,B,43000,15000,
000088.SZ,000088,20251209,91500500,0,94808,0,B,43200,1000,
000088.SZ,000088,20251209,91500500,0,94908,0,S,45100,300,
000088.SZ,000088,20251209,91500500,0,94909,0,S,45100,100,
000088.SZ,000088,20251209,91500500,0,94910,0,S,45300,200,
000088.SZ,000088,20251209,91500500,0,94911,0,S,45300,100,
000088.SZ,000088,20251209,91500500,0,94917,0,B,44400,100,
000088.SZ,000088,20251209,91500500,0,95030,0,S,44600,300,
000088.SZ,000088,20251209,91500500,0,95031,0,S,44900,200,
000088.SZ,000088,20251209,91500500,0,95032,0,S,45100,200,
000088.SZ,000088,20251209,91500500,0,95033,0,S,45300,200,
000088.SZ,000088,20251209,91500500,0,95080,0,S,44500,181,
000088.SZ,000088,20251209,91500500,0,95803,0,B,44000,1000,
000088.SZ,000088,20251209,91500530,0,98155,0,S,46900,300,
000088.SZ,000088,20251209,91500530,0,98268,0,S,46000,400,
000088.SZ,000088,20251209,91500540,0,99283,0,B,44100,2500,
000088.SZ,000088,20251209,91500540,0,99602,0,S,47500,1000,
000088.SZ,000088,20251209,91500540,0,99626,0,B,42500,1000,
000088.SZ,000088,20251209,91500550,0,100141,0,B,44300,1500,
000088.SZ,000088,20251209,91500550,0,101029,0,S,44800,2500,
000088.SZ,000088,20251209,91500550,0,101039,0,S,45400,2500,
000088.SZ,000088,20251209,91500550,0,101040,0,S,45600,2500,
000088.SZ,000088,20251209,91500550,0,101041,0,S,45800,2500,
000088.SZ,000088,20251209,91500550,0,101042,0,S,46000,2500,
000088.SZ,000088,20251209,91500550,0,101043,0,S,46400,2500,
000088.SZ,000088,20251209,91500550,0,101044,0,S,46800,2500,
000088.SZ,000088,20251209,91500550,0,101188,0,S,45500,500,
000088.SZ,000088,20251209,91500560,0,101859,0,S,48800,200,
000088.SZ,000088,20251209,91500570,0,102571,0,S,45000,1000,
000088.SZ,000088,20251209,91500570,0,102573,0,S,46000,1000,
000088.SZ,000088,20251209,91500570,0,102575,0,B,43000,1000,
000088.SZ,000088,20251209,91500570,0,103175,0,B,43800,3000,
000088.SZ,000088,20251209,91500570,0,103176,0,B,43200,3000,
000088.SZ,000088,20251209,91500580,0,103636,0,S,44900,13000,
000088.SZ,000088,20251209,91500580,0,103781,0,S,48800,200,
000088.SZ,000088,20251209,91500580,0,104066,0,S,48500,3000,
000088.SZ,000088,20251209,91500590,0,104459,0,S,48000,1200,
000088.SZ,000088,20251209,91500590,0,104988,0,S,49000,500,
000088.SZ,000088,20251209,91500610,0,106361,0,B,43300,12000,
000088.SZ,000088,20251209,91500610,0,106522,0,B,41700,1000,
000088.SZ,000088,20251209,91500610,0,106523,0,S,47100,1000,
000088.SZ,000088,20251209,91500610,0,106641,0,B,41000,100,
000088.SZ,000088,20251209,91500610,0,106688,0,S,44800,3000,
000088.SZ,000088,20251209,91500610,0,106689,0,S,45000,3000,
000088.SZ,000088,20251209,91500620,0,107979,0,B,44300,3000,
000088.SZ,000088,20251209,91500620,0,107981,0,B,44200,3000,
000088.SZ,000088,20251209,91500620,0,107982,0,B,44100,3000,
000088.SZ,000088,20251209,91500620,0,107984,0,B,44000,3000,
000088.SZ,000088,20251209,91500620,0,107985,0,B,43900,3000,
000088.SZ,000088,20251209,91500620,0,107986,0,B,43800,3000,
000088.SZ,000088,20251209,91500620,0,107987,0,B,43700,3000,
000088.SZ,000088,20251209,91500620,0,107988,0,B,43600,3000,
000088.SZ,000088,20251209,91500620,0,107989,0,B,43500,3000,
000088.SZ,000088,20251209,91500620,0,107990,0,B,43400,3000,
000088.SZ,000088,20251209,91500620,0,107992,0,B,43300,3000,
000088.SZ,000088,20251209,91500620,0,107993,0,B,43200,3000,
000088.SZ,000088,20251209,91500620,0,107994,0,S,44800,3000,
000088.SZ,000088,20251209,91500620,0,107995,0,S,44900,3000,
000088.SZ,000088,20251209,91500620,0,107996,0,S,45000,3000,
000088.SZ,000088,20251209,91500630,0,108578,0,S,44600,3000,
000088.SZ,000088,20251209,91500630,0,108581,0,S,45000,4000,
000088.SZ,000088,20251209,91500630,0,108798,0,B,44300,25000,
000088.SZ,000088,20251209,91500630,0,108799,0,B,44200,25000,
000088.SZ,000088,20251209,91500630,0,108800,0,B,44100,25000,
000088.SZ,000088,20251209,91500630,0,108801,0,S,44700,25000,
000088.SZ,000088,20251209,91500630,0,108802,0,S,44800,25000,
000088.SZ,000088,20251209,91500630,0,108829,0,S,44600,25000,
000088.SZ,000088,20251209,91500630,0,108977,0,S,49000,3700,
000088.SZ,000088,20251209,91500640,0,110809,0,S,44800,10000,
000088.SZ,000088,20251209,91500640,0,110810,0,B,43600,60000,
000088.SZ,000088,20251209,91500650,0,111800,0,S,49000,9400,
000088.SZ,000088,20251209,91500650,0,111801,0,S,46800,9900,
000088.SZ,000088,20251209,91500660,0,111967,0,B,42300,11800,
000088.SZ,000088,20251209,91500660,0,112688,0,S,46900,100,
000088.SZ,000088,20251209,91500660,0,112689,0,S,49000,100,
000088.SZ,000088,20251209,91500660,0,112880,0,S,44600,4700,
000088.SZ,000088,20251209,91500660,0,112882,0,B,44000,1400,
000088.SZ,000088,20251209,91500670,0,113710,0,S,44800,3000,
000088.SZ,000088,20251209,91500670,0,113711,0,S,44900,3000,
000088.SZ,000088,20251209,91500670,0,113713,0,S,45000,3000,
000088.SZ,000088,20251209,91500670,0,113716,0,S,44800,3000,
000088.SZ,000088,20251209,91500670,0,113717,0,S,44900,3000,
000088.SZ,000088,20251209,91500670,0,113718,0,S,45000,3000,
000088.SZ,000088,20251209,91500670,0,113722,0,S,45000,3000,
000088.SZ,000088,20251209,91500680,0,114219,0,B,44000,100,
000088.SZ,000088,20251209,91500680,0,114227,0,S,45100,100,
000088.SZ,000088,20251209,91500680,0,114228,0,B,44300,100,
000088.SZ,000088,20251209,91500680,0,114636,0,B,43100,900,
000088.SZ,000088,20251209,91500700,0,115823,0,S,44800,1800,
000088.SZ,000088,20251209,91500710,0,116465,0,S,47500,1000,
000088.SZ,000088,20251209,91500710,0,116989,0,S,44900,4400,
000088.SZ,000088,20251209,91500730,0,118304,0,S,46000,5000,
000088.SZ,000088,20251209,91500730,0,118755,0,S,45400,2000,
000088.SZ,000088,20251209,91500730,0,118757,0,S,45900,2000,
000088.SZ,000088,20251209,91500730,0,118758,0,S,46600,2000,
000088.SZ,000088,20251209,91500730,0,118759,0,S,49000,3000,
000088.SZ,000088,20251209,91500730,0,118773,0,B,44000,500,
000088.SZ,000088,20251209,91500730,0,118798,0,S,45200,500,
000088.SZ,000088,20251209,91500740,0,119259,0,B,41000,1000,
000088.SZ,000088,20251209,91500750,0,120274,0,S,48900,5900,
000088.SZ,000088,20251209,91500770,0,121638,0,S,46000,3000,
000088.SZ,000088,20251209,91500770,0,121942,0,S,44900,3100,
000088.SZ,000088,20251209,91500770,0,121943,0,S,45000,5100,
000088.SZ,000088,20251209,91500770,0,121944,0,S,45100,4100,
000088.SZ,000088,20251209,91500770,0,122081,0,S,48800,100,
000088.SZ,000088,20251209,91500780,0,122925,0,S,47800,2200,
000088.SZ,000088,20251209,91500790,0,123611,0,S,48500,2600,
000088.SZ,000088,20251209,91500790,0,123711,0,B,42300,1200,
000088.SZ,000088,20251209,91500790,0,123878,0,B,44000,2000,
000088.SZ,000088,20251209,91500790,0,123952,0,B,44000,11400,
000088.SZ,000088,20251209,91500790,0,123997,0,B,43300,5200,
000088.SZ,000088,20251209,91500790,0,123999,0,B,43500,11500,
000088.SZ,000088,20251209,91500800,0,124284,0,S,45700,10000,
000088.SZ,000088,20251209,91500800,0,124287,0,S,45300,9900,
000088.SZ,000088,20251209,91500800,0,124327,0,S,49000,200,
000088.SZ,000088,20251209,91500800,0,124359,0,B,44100,10000,
000088.SZ,000088,20251209,91500800,0,124360,0,S,45400,10000,
000088.SZ,000088,20251209,91500800,0,124844,0,S,45900,16600,
000088.SZ,000088,20251209,91500820,0,126140,0,S,47200,34400,
000088.SZ,000088,20251209,91500820,0,126141,0,B,44300,34400,
000088.SZ,000088,20251209,91500820,0,126142,0,B,44100,34400,
000088.SZ,000088,20251209,91500820,0,126264,0,S,44800,3000,
000088.SZ,000088,20251209,91500830,0,126449,0,S,48800,500,
000088.SZ,000088,20251209,91500830,0,126931,0,S,44900,1500,
000088.SZ,000088,20251209,91500840,0,127230,0,S,45500,45000,
000088.SZ,000088,20251209,91500840,0,127231,0,S,46800,1000,
000088.SZ,000088,20251209,91500840,0,127232,0,S,47800,1000,
000088.SZ,000088,20251209,91500840,0,127233,0,S,48900,1000,
000088.SZ,000088,20251209,91500840,0,127234,0,B,44000,1000,
000088.SZ,000088,20251209,91500840,0,127371,0,S,45200,60000,
000088.SZ,000088,20251209,91500840,0,127475,0,S,49000,2000,
000088.SZ,000088,20251209,91500850,0,128499,0,B,44300,3000,
000088.SZ,000088,20251209,91500850,0,128500,0,B,44200,3000,
000088.SZ,000088,20251209,91500850,0,128501,0,B,44100,3000,
000088.SZ,000088,20251209,91500850,0,128502,0,B,44000,3000,
000088.SZ,000088,20251209,91500850,0,128503,0,B,43900,3000,
000088.SZ,000088,20251209,91500850,0,128504,0,B,43800,3000,
000088.SZ,000088,20251209,91500850,0,128505,0,B,43700,3000,
000088.SZ,000088,20251209,91500850,0,128506,0,B,43600,3000,
000088.SZ,000088,20251209,91500850,0,128507,0,B,43500,3000,
000088.SZ,000088,20251209,91500850,0,128508,0,S,44800,3000,
000088.SZ,000088,20251209,91500850,0,128509,0,S,44900,3000,
000088.SZ,000088,20251209,91500850,0,128510,0,S,45000,3000,
000088.SZ,000088,20251209,91500870,0,129958,0,S,49000,2500,
000088.SZ,000088,20251209,91500870,0,130194,0,B,43600,5000,
000088.SZ,000088,20251209,91500880,0,130662,0,S,45100,12200,
000088.SZ,000088,20251209,91500890,0,130953,0,B,44300,99900,
000088.SZ,000088,20251209,91500920,0,132784,0,B,43200,900,
000088.SZ,000088,20251209,91500920,0,132786,0,B,42400,1000,
000088.SZ,000088,20251209,91500920,0,132891,0,S,44900,3000,
000088.SZ,000088,20251209,91500920,0,132934,0,S,45800,900,
000088.SZ,000088,20251209,91500920,0,133018,0,S,46500,1500,
000088.SZ,000088,20251209,91500920,0,133027,0,S,47100,1500,
000088.SZ,000088,20251209,91500920,0,133050,0,S,44700,600,
000088.SZ,000088,20251209,91500920,0,133051,0,S,44800,400,
000088.SZ,000088,20251209,91500920,0,133052,0,S,45000,200,
000088.SZ,000088,20251209,91500920,0,133054,0,S,45200,200,
000088.SZ,000088,20251209,91500920,0,133055,0,S,45400,400,
000088.SZ,000088,20251209,91500920,0,133168,0,S,44600,10000,
000088.SZ,000088,20251209,91500940,0,134255,0,B,40300,6000,
000088.SZ,000088,20251209,91500950,0,134785,0,B,43300,12000,
000088.SZ,000088,20251209,91500950,0,134810,0,S,47000,1000,
000088.SZ,000088,20251209,91500950,0,134834,0,B,43000,10000,
000088.SZ,000088,20251209,91500970,0,136230,0,S,44700,4000,
000088.SZ,000088,20251209,91500980,0,136845,0,S,44800,1000,
000088.SZ,000088,20251209,91501000,0,138164,0,B,44100,6000,
000088.SZ,000088,20251209,91501000,0,138348,0,B,43900,3000,
000088.SZ,000088,20251209,91501000,0,138354,0,B,43800,3000,
000088.SZ,000088,20251209,91501000,0,138355,0,B,43700,3000,
000088.SZ,000088,20251209,91501000,0,138356,0,B,43600,3000,
000088.SZ,000088,20251209,91501000,0,138364,0,S,44800,3000,
000088.SZ,000088,20251209,91501000,0,138384,0,S,44900,3000,
000088.SZ,000088,20251209,91501000,0,138388,0,S,45000,3000,
000088.SZ,000088,20251209,91501020,0,139730,0,S,48800,100,
000088.SZ,000088,20251209,91501030,0,140689,0,S,48600,100,
000088.SZ,000088,20251209,91501030,0,140957,0,S,49000,2000,
000088.SZ,000088,20251209,91501050,0,142102,0,S,48900,700,
000088.SZ,000088,20251209,91501060,0,142805,0,S,48800,1000,
000088.SZ,000088,20251209,91501070,0,143593,0,S,45600,1800,
000088.SZ,000088,20251209,91501080,0,143766,0,S,46200,500,
000088.SZ,000088,20251209,91501080,0,144324,0,S,48000,700,
000088.SZ,000088,20251209,91501100,0,145309,0,S,44900,1200,
000088.SZ,000088,20251209,91501100,0,145358,0,S,47000,400,
000088.SZ,000088,20251209,91501100,0,145439,0,S,48900,400,
000088.SZ,000088,20251209,91501130,0,147281,0,S,45500,100,
000088.SZ,000088,20251209,91501130,0,147282,0,S,48300,100,
000088.SZ,000088,20251209,91501130,0,147684,0,S,46400,1000,
000088.SZ,000088,20251209,91501140,0,147965,0,B,44300,2300,
000088.SZ,000088,20251209,91501150,0,148400,0,B,44200,26800,
000088.SZ,000088,20251209,91501150,0,148402,0,B,44100,27000,
000088.SZ,000088,20251209,91501160,0,149082,0,S,46000,1600,
000088.SZ,000088,20251209,91501160,0,149277,0,S,46200,100,
000088.SZ,000088,20251209,91501160,0,149817,0,S,45600,15000,
000088.SZ,000088,20251209,91501160,0,149818,0,B,44200,10000,
000088.SZ,000088,20251209,91501170,0,150405,0,S,45300,5000,
000088.SZ,000088,20251209,91501170,0,150800,0,S,45200,20000,
000088.SZ,000088,20251209,91501180,0,151247,0,S,45300,4000,
000088.SZ,000088,20251209,91501190,0,151730,0,S,48000,2000,
000088.SZ,000088,20251209,91501190,0,151889,0,S,44900,2500,
000088.SZ,000088,20251209,91501190,0,151894,0,S,46100,2500,
000088.SZ,000088,20251209,91501190,0,151895,0,S,46300,5000,
000088.SZ,000088,20251209,91501190,0,151896,0,S,46500,5000,
000088.SZ,000088,20251209,91501190,0,152079,0,S,46700,5000,
000088.SZ,000088,20251209,91501190,0,152086,0,S,47000,2500,
000088.SZ,000088,20251209,91501200,0,152626,0,B,43000,200,
000088.SZ,000088,20251209,91501210,0,152918,0,B,44300,1500,
000088.SZ,000088,20251209,91501210,0,152958,0,B,44100,3000,
000088.SZ,000088,20251209,91501210,0,153291,0,B,42200,1000,
000088.SZ,000088,20251209,91501210,0,153292,0,B,40100,3000,
000088.SZ,000088,20251209,91501220,0,153472,0,B,44100,1500,
000088.SZ,000088,20251209,91501220,0,153473,0,B,43900,1500,
000088.SZ,000088,20251209,91501220,0,153474,0,B,43700,1500,
000088.SZ,000088,20251209,91501220,0,153475,0,B,43500,1500,
000088.SZ,000088,20251209,91501220,0,153476,0,B,43300,1500,
000088.SZ,000088,20251209,91501220,0,153480,0,S,44900,1400,
000088.SZ,000088,20251209,91501220,0,153481,0,S,45100,1400,
000088.SZ,000088,20251209,91501220,0,153482,0,S,45300,1400,
000088.SZ,000088,20251209,91501220,0,153483,0,S,45500,1400,
000088.SZ,000088,20251209,91501220,0,153485,0,S,45700,1400,
000088.SZ,000088,20251209,91501220,0,153486,0,S,45900,1400,
000088.SZ,000088,20251209,91501220,0,153611,0,S,44700,6000,
000088.SZ,000088,20251209,91501220,0,153612,0,B,44300,3600,
000088.SZ,000088,20251209,91501230,0,154266,0,S,49000,10900,
000088.SZ,000088,20251209,91501240,0,154842,0,S,45000,2000,
000088.SZ,000088,20251209,91501250,0,155247,0,B,43100,4800,
000088.SZ,000088,20251209,91501280,0,156499,0,S,45200,5300,
000088.SZ,000088,20251209,91501300,0,157432,0,S,49000,10000,
000088.SZ,000088,20251209,91501310,0,158149,0,B,44300,2000,
000088.SZ,000088,20251209,91501310,0,158150,0,B,44200,2000,
000088.SZ,000088,20251209,91501310,0,158151,0,B,44100,2000,
000088.SZ,000088,20251209,91501310,0,158152,0,B,44000,2000,
000088.SZ,000088,20251209,91501310,0,158236,0,S,49000,17000,
000088.SZ,000088,20251209,91501320,0,158452,0,S,49000,300,
000088.SZ,000088,20251209,91501320,0,158790,0,B,44000,5000,
000088.SZ,000088,20251209,91501330,0,159284,0,B,44400,200,
000088.SZ,000088,20251209,91501330,0,159289,0,B,44300,200,
000088.SZ,000088,20251209,91501330,0,159290,0,B,44100,200,
000088.SZ,000088,20251209,91501330,0,159291,0,B,44000,200,
000088.SZ,000088,20251209,91501330,0,159616,0,S,44700,10000,
000088.SZ,000088,20251209,91501330,0,159617,0,B,44300,10000,
000088.SZ,000088,20251209,91501340,0,159967,0,S,45000,2000,
000088.SZ,000088,20251209,91501340,0,159968,0,S,46000,2000,
000088.SZ,000088,20251209,91501340,0,160176,0,S,49000,200,
000088.SZ,000088,20251209,91501380,0,162254,0,S,49000,2000,
000088.SZ,000088,20251209,91501390,0,162790,0,B,41800,500,
000088.SZ,000088,20251209,91501400,0,163716,0,S,46100,22500,
000088.SZ,000088,20251209,91501420,0,164435,0,S,47000,200,
000088.SZ,000088,20251209,91501460,0,167180,0,B,40200,200,
000088.SZ,000088,20251209,91501460,0,167223,0,S,46300,500,
000088.SZ,000088,20251209,91501460,0,167240,0,S,48800,7600,
000088.SZ,000088,20251209,91501460,0,167456,0,B,42300,4700,
000088.SZ,000088,20251209,91501490,0,169337,0,S,49000,500,
000088.SZ,000088,20251209,91501510,0,171229,0,S,45100,1000,
000088.SZ,000088,20251209,91501510,0,171540,0,S,44800,2000,
000088.SZ,000088,20251209,91501510,0,171576,0,S,49000,37600,
000088.SZ,000088,20251209,91501530,0,172701,0,S,46000,4500,
000088.SZ,000088,20251209,91501530,0,172792,0,S,45200,3400,
000088.SZ,000088,20251209,91501550,0,174541,0,S,47000,1500,
000088.SZ,000088,20251209,91501560,0,174999,0,B,44300,2500,
000088.SZ,000088,20251209,91501560,0,175000,0,B,43900,2500,
000088.SZ,000088,20251209,91501560,0,175122,0,S,45200,400,
000088.SZ,000088,20251209,91501560,0,175127,0,S,46400,500,
000088.SZ,000088,20251209,91501560,0,175131,0,B,43500,500,
000088.SZ,000088,20251209,91501560,0,175161,0,S,48000,300,
000088.SZ,000088,20251209,91501560,0,175577,0,S,45100,2500,
000088.SZ,000088,20251209,91501570,0,175768,0,B,42800,12300,
000088.SZ,000088,20251209,91501580,0,176701,0,S,44800,2500,
000088.SZ,000088,20251209,91501580,0,176703,0,S,45200,2500,
000088.SZ,000088,20251209,91501580,0,176704,0,S,45800,2500,
000088.SZ,000088,20251209,91501580,0,176705,0,S,46400,2500,
000088.SZ,000088,20251209,91501580,0,176706,0,S,46800,2500,
000088.SZ,000088,20251209,91501580,0,176712,0,B,44300,2500,
000088.SZ,000088,20251209,91501580,0,176713,0,B,44100,2500,
000088.SZ,000088,20251209,91501580,0,176714,0,B,43700,2500,
000088.SZ,000088,20251209,91501590,0,177239,0,S,46000,4000,
000088.SZ,000088,20251209,91501620,0,178819,0,S,44600,273900,
000088.SZ,000088,20251209,91501630,0,179261,0,S,48500,120000,
000088.SZ,000088,20251209,91501630,0,179320,0,S,45000,1000,
000088.SZ,000088,20251209,91501630,0,179427,0,S,47200,1000,
000088.SZ,000088,20251209,91501630,0,179521,0,B,44200,100,
000088.SZ,000088,20251209,91501630,0,179522,0,B,44000,100,
000088.SZ,000088,20251209,91501630,0,179524,0,S,45900,300,
000088.SZ,000088,20251209,91501640,0,180064,0,S,45000,2500,
000088.SZ,000088,20251209,91501640,0,180066,0,S,45200,2500,
000088.SZ,000088,20251209,91501640,0,180067,0,S,46200,2500,
000088.SZ,000088,20251209,91501640,0,180068,0,S,46600,2500,
000088.SZ,000088,20251209,91501650,0,181297,0,B,44300,50000,
000088.SZ,000088,20251209,91501650,0,181298,0,S,44800,50000,
000088.SZ,000088,20251209,91501670,0,182047,0,S,46000,100,
000088.SZ,000088,20251209,91501670,0,182049,0,S,47000,100,
000088.SZ,000088,20251209,91501670,0,182075,0,S,48000,100,
000088.SZ,000088,20251209,91501680,0,182840,0,S,47300,1900,
000088.SZ,000088,20251209,91501680,0,182868,0,B,40200,2200,
000088.SZ,000088,20251209,91501710,0,184182,0,B,44100,2000,
000088.SZ,000088,20251209,91501720,0,184554,0,S,49000,4000,
000088.SZ,000088,20251209,91501730,0,185112,0,S,46000,100,
000088.SZ,000088,20251209,91501730,0,185113,0,S,47000,100,
000088.SZ,000088,20251209,91501730,0,185117,0,S,48000,100,
000088.SZ,000088,20251209,91501740,0,185609,0,B,44300,300,
000088.SZ,000088,20251209,91501750,0,185773,0,B,44400,5000,
000088.SZ,000088,20251209,91501760,0,186678,0,S,45100,17800,
000088.SZ,000088,20251209,91501760,0,186679,0,S,44800,17900,
000088.SZ,000088,20251209,91501770,0,186995,0,B,44400,100,
000088.SZ,000088,20251209,91501780,0,187166,0,S,46500,3300,
000088.SZ,000088,20251209,91501780,0,187168,0,S,49000,100,
000088.SZ,000088,20251209,91501780,0,187172,0,B,40100,100,
000088.SZ,000088,20251209,91501780,0,187177,0,B,42000,100,
000088.SZ,000088,20251209,91501790,0,187790,0,S,44800,2000,
000088.SZ,000088,20251209,91501810,0,188809,0,S,49000,2500,
000088.SZ,000088,20251209,91501820,0,189098,0,S,45000,2000,
000088.SZ,000088,20251209,91501820,0,189139,0,S,47000,4500,
000088.SZ,000088,20251209,91501820,0,189320,0,B,44300,1000,
000088.SZ,000088,20251209,91501830,0,189477,0,S,49000,5000,
000088.SZ,000088,20251209,91501830,0,189589,0,S,49000,1600,
000088.SZ,000088,20251209,91501830,0,189601,0,B,42800,1400,
000088.SZ,000088,20251209,91501850,0,190321,0,S,44000,1000,
000088.SZ,000088,20251209,91501850,0,190590,0,B,44300,168000,
000088.SZ,000088,20251209,91501860,0,190818,0,B,43700,1000,
000088.SZ,000088,20251209,91501860,0,190822,0,B,44300,100,
000088.SZ,000088,20251209,91501860,0,190823,0,B,44100,100,
000088.SZ,000088,20251209,91501860,0,190861,0,S,45200,15000,
000088.SZ,000088,20251209,91501860,0,191132,0,B,44500,500,
000088.SZ,000088,20251209,91501870,0,191180,0,B,41600,3000,
000088.SZ,000088,20251209,91501880,0,191602,0,S,45500,10500,
000088.SZ,000088,20251209,91501880,0,191604,0,S,46200,10500,
000088.SZ,000088,20251209,91501890,0,191948,0,S,48800,700,
000088.SZ,000088,20251209,91501890,0,191950,0,S,46600,500,
000088.SZ,000088,20251209,91501890,0,192146,0,S,45800,500,
000088.SZ,000088,20251209,91501900,0,192336,0,S,46700,4000,
000088.SZ,000088,20251209,91501930,0,193338,0,S,49000,2000,
000088.SZ,000088,20251209,91501940,0,193749,0,S,44700,9000,
000088.SZ,000088,20251209,91501970,0,195403,0,S,46900,20000,
000088.SZ,000088,20251209,91501970,0,195404,0,B,44100,11700,
000088.SZ,000088,20251209,91501970,0,195515,0,B,44200,200,
000088.SZ,000088,20251209,91501990,0,196347,0,B,43000,3000,
000088.SZ,000088,20251209,91502000,0,196778,0,S,47600,1000,
000088.SZ,000088,20251209,91502010,0,197305,0,S,46000,100,
000088.SZ,000088,20251209,91502010,0,197306,0,S,48000,100,
000088.SZ,000088,20251209,91502010,0,197500,0,S,47300,3500,
000088.SZ,000088,20251209,91502010,0,197504,0,S,47700,3500,
000088.SZ,000088,20251209,91502010,0,197506,0,S,48100,3500,
000088.SZ,000088,20251209,91502010,0,197507,0,S,48700,3400,
000088.SZ,000088,20251209,91502010,0,197514,0,B,40200,4100,
000088.SZ,000088,20251209,91502010,0,197613,0,B,44000,22000,
000088.SZ,000088,20251209,91502010,0,197761,0,S,45500,5000,
000088.SZ,000088,20251209,91502040,0,199380,0,S,49000,300,
000088.SZ,000088,20251209,91502070,0,200547,0,S,49000,1000,
000088.SZ,000088,20251209,91502080,0,200916,0,S,47000,500,
000088.SZ,000088,20251209,91502100,0,201710,0,S,49000,71100,
000088.SZ,000088,20251209,91502130,0,202529,0,B,42500,100,
000088.SZ,000088,20251209,91502140,0,202890,0,B,44100,500,
000088.SZ,000088,20251209,91502140,0,202891,0,S,46100,500,
000088.SZ,000088,20251209,91502140,0,202942,0,S,45000,10000,
000088.SZ,000088,20251209,91502140,0,202945,0,S,47500,10000,
000088.SZ,000088,20251209,91502140,0,202946,0,S,48000,10000,
000088.SZ,000088,20251209,91502140,0,202948,0,S,48500,10000,
000088.SZ,000088,20251209,91502150,0,203290,0,S,44800,3000,
000088.SZ,000088,20251209,91502180,0,205138,0,S,48700,49800,
000088.SZ,000088,20251209,91502180,0,205166,0,S,47800,1700,
000088.SZ,000088,20251209,91502180,0,205208,0,B,43100,1900,
000088.SZ,000088,20251209,91502180,0,205223,0,B,40200,2000,
000088.SZ,000088,20251209,91502190,0,205782,0,S,49000,7000,
000088.SZ,000088,20251209,91502200,0,206468,0,S,45400,1000,
000088.SZ,000088,20251209,91502200,0,206469,0,S,45500,1000,
000088.SZ,000088,20251209,91502200,0,206470,0,S,45600,1000,
000088.SZ,000088,20251209,91502200,0,206472,0,S,45800,1000,
000088.SZ,000088,20251209,91502210,0,206870,0,S,44900,1000,
000088.SZ,000088,20251209,91502210,0,206924,0,S,44800,2200,
000088.SZ,000088,20251209,91502230,0,207442,0,S,48800,5700,
000088.SZ,000088,20251209,91502240,0,208202,0,S,48900,500,
000088.SZ,000088,20251209,91502250,0,208223,0,S,49000,1200,
000088.SZ,000088,20251209,91502270,0,209011,0,S,45300,100,
000088.SZ,000088,20251209,91502290,0,209499,0,S,47800,11000,
000088.SZ,000088,20251209,91502300,0,210176,0,B,43500,5000,
000088.SZ,000088,20251209,91502350,0,212095,0,S,49000,11400,
000088.SZ,000088,20251209,91502370,0,212743,0,S,44800,35000,
000088.SZ,000088,20251209,91502370,0,212744,0,S,44900,35000,
000088.SZ,000088,20251209,91502390,0,213203,0,B,42000,100,
000088.SZ,000088,20251209,91502400,0,213458,0,B,41900,10000,
000088.SZ,000088,20251209,91502400,0,213459,0,B,40900,10000,
000088.SZ,000088,20251209,91502400,0,213461,0,B,40500,10000,
000088.SZ,000088,20251209,91502400,0,213462,0,B,40100,10000,
000088.SZ,000088,20251209,91502400,0,213463,0,S,48900,10000,
000088.SZ,000088,20251209,91502400,0,213744,0,S,48900,3000,
000088.SZ,000088,20251209,91502400,0,213764,0,S,49000,5000,
000088.SZ,000088,20251209,91502410,0,213972,0,B,44100,3000,
000088.SZ,000088,20251209,91502410,0,213973,0,B,43800,3000,
000088.SZ,000088,20251209,91502430,0,214725,0,S,46900,1600,
000088.SZ,000088,20251209,91502440,0,215227,0,S,46000,1000,
000088.SZ,000088,20251209,91502440,0,215302,0,B,44200,500,
000088.SZ,000088,20251209,91502450,0,215390,0,B,42100,700,
000088.SZ,000088,20251209,91502450,0,215394,0,S,46900,5000,
000088.SZ,000088,20251209,91502450,0,215395,0,S,49000,5000,
000088.SZ,000088,20251209,91502460,0,216033,0,B,43500,5000,
000088.SZ,000088,20251209,91502480,0,216987,0,S,47100,400,
000088.SZ,000088,20251209,91502500,0,217984,0,S,48100,100,
000088.SZ,000088,20251209,91502510,0,218633,0,S,45000,500,
000088.SZ,000088,20251209,91502520,0,218793,0,S,49000,1100,
000088.SZ,000088,20251209,91502540,0,220123,0,S,48900,128000,
000088.SZ,000088,20251209,91502570,0,221548,0,B,44400,40000,
000088.SZ,000088,20251209,91502590,0,222418,0,S,49000,11000,
000088.SZ,000088,20251209,91502590,0,222420,0,S,49000,8000,
000088.SZ,000088,20251209,91502590,0,222421,0,S,49000,11000,
000088.SZ,000088,20251209,91502600,0,222581,0,B,41500,22000,
000088.SZ,000088,20251209,91502600,0,222742,0,B,42600,1000,
000088.SZ,000088,20251209,91502600,0,222748,0,B,43900,500,
000088.SZ,000088,20251209,91502610,0,222904,0,B,44000,300,
000088.SZ,000088,20251209,91502610,0,222925,0,S,46200,800,
000088.SZ,000088,20251209,91502640,0,224286,0,S,46000,10000,
000088.SZ,000088,20251209,91502640,0,224287,0,S,45000,10000,
000088.SZ,000088,20251209,91502640,0,224288,0,S,45500,10000,
000088.SZ,000088,20251209,91502640,0,224289,0,B,43000,10000,
000088.SZ,000088,20251209,91502640,0,224290,0,B,43500,10000,
000088.SZ,000088,20251209,91502640,0,224291,0,B,44000,10000,
000088.SZ,000088,20251209,91502680,0,225937,0,S,48500,500,
000088.SZ,000088,20251209,91502690,0,226491,0,B,44200,500,
000088.SZ,000088,20251209,91502700,0,226632,0,S,49000,100,
000088.SZ,000088,20251209,91502730,0,227690,0,S,46000,100,
000088.SZ,000088,20251209,91502730,0,227691,0,S,47000,100,
000088.SZ,000088,20251209,91502730,0,227693,0,S,48000,100,
000088.SZ,000088,20251209,91502740,0,227773,0,S,45000,4800,
000088.SZ,000088,20251209,91502740,0,227777,0,S,45100,1600,
000088.SZ,000088,20251209,91502740,0,227779,0,S,45200,1600,
000088.SZ,000088,20251209,91502740,0,227785,0,S,45300,1500,
000088.SZ,000088,20251209,91502740,0,227789,0,S,45700,1500,
000088.SZ,000088,20251209,91502740,0,227790,0,S,46600,1400,
000088.SZ,000088,20251209,91502740,0,227793,0,S,47000,1400,
000088.SZ,000088,20251209,91502740,0,227841,0,S,47100,1400,
000088.SZ,000088,20251209,91502790,0,228933,0,B,43600,1000,
000088.SZ,000088,20251209,91502810,0,229246,0,S,48500,400,
000088.SZ,000088,20251209,91502820,0,229659,0,S,44800,500,
000088.SZ,000088,20251209,91502820,0,229718,0,S,49000,4000,
000088.SZ,000088,20251209,91502850,0,230192,0,B,43700,100,
000088.SZ,000088,20251209,91502900,0,231125,0,S,44800,274200,
000088.SZ,000088,20251209,91502930,0,231770,0,B,44000,1300,
000088.SZ,000088,20251209,91502930,0,231904,0,S,48800,1000,
000088.SZ,000088,20251209,91502970,0,233632,0,S,46200,2700,
000088.SZ,000088,20251209,91503000,0,234277,0,S,49000,13000,
000088.SZ,000088,20251209,91503020,0,235291,0,S,49000,16900,
000088.SZ,000088,20251209,91503020,0,235292,0,S,47900,17000,
000088.SZ,000088,20251209,91503030,0,235373,0,B,44400,200,
000088.SZ,000088,20251209,91503030,0,235378,0,S,44800,200,
000088.SZ,000088,20251209,91503030,0,235413,0,S,48900,1000,
000088.SZ,000088,20251209,91503090,0,236826,0,B,41600,2400,
000088.SZ,000088,20251209,91503090,0,237062,0,B,40400,15000,
000088.SZ,000088,20251209,91503100,0,237276,0,S,47300,500,
000088.SZ,000088,20251209,91503110,0,237590,0,S,47200,1000,
000088.SZ,000088,20251209,91503110,0,237649,0,S,45700,200,
000088.SZ,000088,20251209,91503120,0,237851,0,B,44100,2000,
000088.SZ,000088,20251209,91503130,0,237934,0,S,47500,4200,
000088.SZ,000088,20251209,91503130,0,237936,0,S,48700,4200,
000088.SZ,000088,20251209,91503130,0,238036,0,S,48900,500,
000088.SZ,000088,20251209,91503150,0,238710,0,B,44000,1300,
000088.SZ,000088,20251209,91503150,0,238711,0,B,43400,2600,
000088.SZ,000088,20251209,91503150,0,238712,0,B,42800,2800,
000088.SZ,000088,20251209,91503160,0,239121,0,S,45200,1200,
000088.SZ,000088,20251209,91503160,0,239122,0,S,46400,1200,
000088.SZ,000088,20251209,91503160,0,239123,0,S,47000,1300,
000088.SZ,000088,20251209,91503160,0,239301,0,S,44500,1000,
000088.SZ,000088,20251209,91503160,0,239302,0,S,44500,1000,
000088.SZ,000088,20251209,91503160,0,239303,0,S,44500,1000,
000088.SZ,000088,20251209,91503160,0,239305,0,S,44500,700,
000088.SZ,000088,20251209,91503350,0,243199,0,B,44000,100,
000088.SZ,000088,20251209,91503350,0,243200,0,S,45500,100,
000088.SZ,000088,20251209,91503380,0,243846,0,B,44000,4600,
000088.SZ,000088,20251209,91503390,0,244075,0,S,49000,11200,
000088.SZ,000088,20251209,91503400,0,244169,0,B,41800,600,
000088.SZ,000088,20251209,91503410,0,244419,0,B,44000,1200,
000088.SZ,000088,20251209,91503420,0,245001,0,S,48200,500,
000088.SZ,000088,20251209,91503440,0,245364,0,S,45500,300,
000088.SZ,000088,20251209,91503460,0,245664,0,B,42000,1000,
000088.SZ,000088,20251209,91503480,0,246271,0,B,44300,10000,
000088.SZ,000088,20251209,91503500,0,247121,0,B,42800,100,
000088.SZ,000088,20251209,91503520,0,247760,0,B,43000,10000,
000088.SZ,000088,20251209,91503520,0,247761,0,S,44900,8200,
000088.SZ,000088,20251209,91503530,0,248347,0,B,44100,9800,
000088.SZ,000088,20251209,91503570,0,249739,0,S,46000,15400,
000088.SZ,000088,20251209,91503610,0,250871,0,S,49000,6800,
000088.SZ,000088,20251209,91503620,0,251332,0,S,48800,38100,
000088.SZ,000088,20251209,91503640,0,251618,0,B,44100,2500,
000088.SZ,000088,20251209,91503640,0,251619,0,B,43700,2500,
000088.SZ,000088,20251209,91503650,0,251951,0,S,49000,10000,
000088.SZ,000088,20251209,91503660,0,252159,0,S,48700,100,
000088.SZ,000088,20251209,91503720,0,253713,0,S,49000,18300,
000088.SZ,000088,20251209,91503720,0,253718,0,S,49000,900,
000088.SZ,000088,20251209,91503720,0,253746,0,S,46600,500,
000088.SZ,000088,20251209,91503720,0,253757,0,B,44000,500,
000088.SZ,000088,20251209,91503800,0,254788,0,S,49000,500,
000088.SZ,000088,20251209,91503830,0,255180,0,S,46900,700,
000088.SZ,000088,20251209,91503920,0,256138,0,B,44300,7000,
000088.SZ,000088,20251209,91503930,0,256327,0,S,48800,200,
000088.SZ,000088,20251209,91503930,0,256420,0,B,43500,500,
000088.SZ,000088,20251209,91503950,0,257069,0,S,49000,10700,
000088.SZ,000088,20251209,91503960,0,257203,0,S,45900,2200,
000088.SZ,000088,20251209,91503990,0,257813,0,S,46800,12000,
000088.SZ,000088,20251209,91504030,0,258418,0,S,44900,3000,
000088.SZ,000088,20251209,91504030,0,258451,0,S,49000,300,
000088.SZ,000088,20251209,91504060,0,258823,0,S,48900,5000,
000088.SZ,000088,20251209,91504130,0,259446,0,S,49000,100,
000088.SZ,000088,20251209,91504140,0,259542,0,S,44700,2000,
000088.SZ,000088,20251209,91504160,0,259929,0,S,47700,500,
000088.SZ,000088,20251209,91504180,0,260283,0,S,44700,10000,
000088.SZ,000088,20251209,91504190,0,260373,0,S,46000,100,
000088.SZ,000088,20251209,91504220,0,260764,0,S,47800,900,
000088.SZ,000088,20251209,91504240,0,261041,0,S,46900,2000,
000088.SZ,000088,20251209,91504240,0,261042,0,B,42000,2200,
000088.SZ,000088,20251209,91504250,0,261082,0,S,44800,5000,
000088.SZ,000088,20251209,91504250,0,261083,0,S,44900,3500,
000088.SZ,000088,20251209,91504380,0,262607,0,S,46200,600,
000088.SZ,000088,20251209,91504410,0,263005,0,S,49000,23000,
000088.SZ,000088,20251209,91504410,0,263006,0,B,44400,18000,
000088.SZ,000088,20251209,91504410,0,263008,0,B,44400,10000,
000088.SZ,000088,20251209,91504410,0,263009,0,B,44400,5000,
000088.SZ,000088,20251209,91504430,0,263386,0,B,44400,500,
000088.SZ,000088,20251209,91504430,0,263389,0,B,44400,800,
000088.SZ,000088,20251209,91504500,0,264538,0,B,43800,600,
000088.SZ,000088,20251209,91504500,0,264551,0,S,49000,3000,
000088.SZ,000088,20251209,91504540,0,265171,0,B,44300,500,
000088.SZ,000088,20251209,91504540,0,265215,0,B,44400,20000,
000088.SZ,000088,20251209,91504580,0,266200,0,S,49000,3400,
000088.SZ,000088,20251209,91504600,0,266481,0,S,47100,2800,
000088.SZ,000088,20251209,91504600,0,266515,0,S,48800,100,
000088.SZ,000088,20251209,91504640,0,267197,0,B,44200,500,
000088.SZ,000088,20251209,91504640,0,267263,0,B,44000,500,
000088.SZ,000088,20251209,91504650,0,267433,0,S,44900,30000,
000088.SZ,000088,20251209,91504670,0,267746,0,S,49000,1000,
000088.SZ,000088,20251209,91504770,0,268577,0,S,46500,100,
000088.SZ,000088,20251209,91504770,0,268578,0,S,48500,200,
000088.SZ,000088,20251209,91504790,0,268633,0,S,49000,985800,
000088.SZ,000088,20251209,91504910,0,268923,0,S,44700,200,
000088.SZ,000088,20251209,91504990,0,269713,0,S,49000,300,
000088.SZ,000088,20251209,91505170,0,270757,0,S,44800,1500,
000088.SZ,000088,20251209,91505270,0,271722,0,S,45000,1500,
000088.SZ,000088,20251209,91505380,0,272198,0,S,48900,2400,
000088.SZ,000088,20251209,91505500,0,273160,0,S,47400,500,
000088.SZ,000088,20251209,91505510,0,273234,0,B,43100,500,
000088.SZ,000088,20251209,91505540,0,273669,0,B,44200,2000,
000088.SZ,000088,20251209,91505540,0,273670,0,B,44000,2000,
000088.SZ,000088,20251209,91505540,0,273671,0,B,43800,2000,
000088.SZ,000088,20251209,91505540,0,273672,0,B,43600,2000,
000088.SZ,000088,20251209,91505540,0,273684,0,B,43400,2000,
000088.SZ,000088,20251209,91505540,0,273685,0,S,45000,2000,
000088.SZ,000088,20251209,91505540,0,273686,0,S,45200,2000,
000088.SZ,000088,20251209,91505540,0,273687,0,S,45400,2000,
000088.SZ,000088,20251209,91505540,0,273688,0,S,45700,2000,
000088.SZ,000088,20251209,91505540,0,273689,0,S,46000,2000,
000088.SZ,000088,20251209,91505540,0,273690,0,S,46300,2000,
000088.SZ,000088,20251209,91505540,0,273691,0,S,46600,2000,
000088.SZ,000088,20251209,91505540,0,273692,0,S,46900,2000,
000088.SZ,000088,20251209,91505560,0,274328,0,S,45000,2500,
000088.SZ,000088,20251209,91505560,0,274333,0,S,45400,2500,
000088.SZ,000088,20251209,91505560,0,274334,0,S,45600,2500,
000088.SZ,000088,20251209,91505560,0,274335,0,S,46000,2500,
000088.SZ,000088,20251209,91505560,0,274338,0,S,46200,2500,
000088.SZ,000088,20251209,91505570,0,274393,0,S,46600,2500,
000088.SZ,000088,20251209,91505570,0,274403,0,B,43900,2500,
000088.SZ,000088,20251209,91505590,0,274846,0,S,49000,1000,
000088.SZ,000088,20251209,91505670,0,275739,0,B,43000,200,
000088.SZ,000088,20251209,91505680,0,275883,0,S,48800,1000,
000088.SZ,000088,20251209,91505770,0,276475,0,S,49000,200,
000088.SZ,000088,20251209,91505830,0,276569,0,S,48900,1000,
000088.SZ,000088,20251209,91506020,0,277449,0,B,44000,1100,
000088.SZ,000088,20251209,91506100,0,277731,0,S,47300,1200,
000088.SZ,000088,20251209,91506270,0,278769,0,S,45200,10500,
000088.SZ,000088,20251209,91506400,0,279109,0,S,45200,400,
000088.SZ,000088,20251209,91506420,0,279264,0,B,44300,1200,
000088.SZ,000088,20251209,91506540,0,280101,0,S,46800,5000,
000088.SZ,000088,20251209,91506550,0,280217,0,S,48900,300,
000088.SZ,000088,20251209,91506610,0,280761,0,S,44900,300,
000088.SZ,000088,20251209,91506610,0,280764,0,B,44000,200,
000088.SZ,000088,20251209,91506620,0,280847,0,B,43900,2300,
000088.SZ,000088,20251209,91506660,0,281296,0,S,45900,4000,
000088.SZ,000088,20251209,91506660,0,281321,0,S,45900,6000,
000088.SZ,000088,20251209,91506680,0,281478,0,S,46500,500,
000088.SZ,000088,20251209,91507060,0,282613,0,S,45000,8300,
000088.SZ,000088,20251209,91507060,0,282615,0,S,45100,8300,
000088.SZ,000088,20251209,91507060,0,282618,0,S,44800,1500,
000088.SZ,000088,20251209,91507160,0,283078,0,S,44900,2200,
000088.SZ,000088,20251209,91507170,0,283152,0,S,45000,2000,
000088.SZ,000088,20251209,91507170,0,283153,0,B,44000,2000,
000088.SZ,000088,20251209,91507600,0,284754,0,S,45000,30000,
000088.SZ,000088,20251209,91507600,0,284755,0,B,44400,10000,
000088.SZ,000088,20251209,91507640,0,285192,0,S,46700,1200,
000088.SZ,000088,20251209,91507640,0,285195,0,S,47600,1200,
000088.SZ,000088,20251209,91507640,0,285205,0,S,48600,2400,
000088.SZ,000088,20251209,91507680,0,285589,0,B,43500,10000,
000088.SZ,000088,20251209,91507930,0,286151,0,S,44700,4500,
000088.SZ,000088,20251209,91508020,0,286430,0,S,46100,40800,
000088.SZ,000088,20251209,91508500,0,287079,0,S,49000,200,
000088.SZ,000088,20251209,91508590,0,287519,0,S,47400,500,
000088.SZ,000088,20251209,91508630,0,287820,0,B,43700,200,
000088.SZ,000088,20251209,91508930,0,288603,0,S,44700,3000,
000088.SZ,000088,20251209,91508930,0,288609,0,B,44500,3000,
000088.SZ,000088,20251209,91509170,0,288936,0,S,43700,100,
000088.SZ,000088,20251209,91509280,0,288987,0,B,46800,1900,
000088.SZ,000088,20251209,91509480,0,289132,0,S,47400,2700,
000088.SZ,000088,20251209,91509480,0,289136,0,S,47800,2600,
000088.SZ,000088,20251209,91509480,0,289140,0,S,48300,2600,
000088.SZ,000088,20251209,91509480,0,289142,0,S,48600,2700,
000088.SZ,000088,20251209,91509480,0,289146,0,S,49000,2700,
000088.SZ,000088,20251209,91509560,0,289398,0,S,48600,200,
000088.SZ,000088,20251209,91509620,0,289699,0,B,42800,15000,
000088.SZ,000088,20251209,91509640,0,289851,0,S,45800,800,
000088.SZ,000088,20251209,91509670,0,289993,0,S,49000,25800,
000088.SZ,000088,20251209,91509950,0,290324,0,B,44000,500,
000088.SZ,000088,20251209,91510240,0,290807,0,S,40100,500,
000088.SZ,000088,20251209,91510560,0,291220,0,S,48800,3000,
000088.SZ,000088,20251209,91511410,0,292408,0,B,41500,100,
000088.SZ,000088,20251209,91511630,0,292918,0,S,48900,1100,
000088.SZ,000088,20251209,91511920,0,293195,0,B,42600,2000,
000088.SZ,000088,20251209,91511920,0,293197,0,B,41600,3000,
000088.SZ,000088,20251209,91511920,0,293199,0,B,40600,6000,
000088.SZ,000088,20251209,91512360,0,293558,0,B,43400,200,
000088.SZ,000088,20251209,91512360,0,293559,0,S,47000,200,
000088.SZ,000088,20251209,91512410,0,293572,0,B,44400,300,
000088.SZ,000088,20251209,91512410,0,293581,0,S,45000,300,
000088.SZ,000088,20251209,91512490,0,293645,0,S,45300,6700,
000088.SZ,000088,20251209,91512500,0,293671,0,S,49000,5000,
000088.SZ,000088,20251209,91513370,0,294320,0,B,44000,100,
000088.SZ,000088,20251209,91513370,0,294321,0,S,45000,100,
000088.SZ,000088,20251209,91515370,0,295005,0,S,48800,100,
000088.SZ,000088,20251209,91515370,0,295006,0,B,43200,100,
000088.SZ,000088,20251209,91516450,0,295236,0,S,45200,300,
000088.SZ,000088,20251209,91516740,0,295273,0,S,48900,30000,
000088.SZ,000088,20251209,91517400,0,295414,0,S,44800,200,
000088.SZ,000088,20251209,91517400,0,295415,0,B,44000,200,
000088.SZ,000088,20251209,91518080,0,295553,0,B,44400,300,
000088.SZ,000088,20251209,91518120,0,295564,0,S,45000,300,
000088.SZ,000088,20251209,91524500,0,296760,0,B,43800,1000,
000088.SZ,000088,20251209,91526750,0,297250,0,S,44700,500,
000088.SZ,000088,20251209,91529220,0,297772,0,B,43600,500,
000088.SZ,000088,20251209,91529220,0,297773,0,S,46400,500,
000088.SZ,000088,20251209,91529410,0,297816,0,B,44200,44800,
000088.SZ,000088,20251209,91530000,0,297921,0,S,44500,15000,
000088.SZ,000088,20251209,91532790,0,298545,0,S,44800,11600,
000088.SZ,000088,20251209,91540280,0,300268,0,S,44900,10100,
000088.SZ,000088,20251209,91544340,0,301210,0,S,44700,12700,
000088.SZ,000088,20251209,91544340,0,301211,0,B,44300,12800,
000088.SZ,000088,20251209,91550180,0,302703,0,S,45000,100,
000088.SZ,000088,20251209,91550180,0,302704,0,B,43700,100,
000088.SZ,000088,20251209,91551120,0,302932,0,B,44200,100,
000088.SZ,000088,20251209,91557610,0,304675,0,S,44900,400,
000088.SZ,000088,20251209,91557610,0,304676,0,B,43900,400,
000088.SZ,000088,20251209,91603340,0,306331,0,S,45100,300,
000088.SZ,000088,20251209,91605090,0,306823,0,S,45300,3000,
000088.SZ,000088,20251209,91605090,0,306824,0,B,43900,3000,
000088.SZ,000088,20251209,91621200,0,311020,0,S,46200,5000,
000088.SZ,000088,20251209,91622420,0,311322,0,S,48600,1000,
000088.SZ,000088,20251209,91644480,0,317300,0,S,47000,900,
000088.SZ,000088,20251209,91645870,0,317648,0,B,42600,2000,
000088.SZ,000088,20251209,91648180,0,318334,0,S,46500,41900,
000088.SZ,000088,20251209,91648590,0,318449,0,S,45700,53700,
000088.SZ,000088,20251209,91648750,0,318483,0,S,46700,100,
000088.SZ,000088,20251209,91652800,0,319647,0,B,41600,3000,
000088.SZ,000088,20251209,91653380,0,319836,0,B,42300,100,
000088.SZ,000088,20251209,91653740,0,319934,0,S,49000,500,
000088.SZ,000088,20251209,91704410,0,323008,0,S,44800,1500,
000088.SZ,000088,20251209,91704930,0,323172,0,B,44200,3000,
000088.SZ,000088,20251209,91706810,0,323686,0,B,44300,11000,
000088.SZ,000088,20251209,91720530,0,327697,0,S,46000,1000,
000088.SZ,000088,20251209,91725300,0,329115,0,S,45000,1000,
000088.SZ,000088,20251209,91730050,0,330585,0,S,45100,1000,
000088.SZ,000088,20251209,91734490,0,332024,0,S,45200,1000,
000088.SZ,000088,20251209,91738810,0,333371,0,B,44200,2000,
000088.SZ,000088,20251209,91739030,0,333433,0,S,45300,1000,
000088.SZ,000088,20251209,91742830,0,334620,0,S,44800,6000,
000088.SZ,000088,20251209,91744250,0,335082,0,S,45400,1000,
000088.SZ,000088,20251209,91749040,0,336643,0,S,45500,1000,
000088.SZ,000088,20251209,91749620,0,336817,0,B,44600,3400,
000088.SZ,000088,20251209,91751680,0,337488,0,S,44600,100,
000088.SZ,000088,20251209,91753550,0,338116,0,S,45600,1000,
000088.SZ,000088,20251209,91757960,0,339575,0,S,48900,300,
000088.SZ,000088,20251209,91758250,0,339669,0,S,48800,7000,
000088.SZ,000088,20251209,91759910,0,340216,0,S,45700,1500,
000088.SZ,000088,20251209,91800060,0,340269,0,S,44600,3400,
000088.SZ,000088,20251209,91805750,0,342187,0,S,45800,1000,
000088.SZ,000088,20251209,91807530,0,342817,0,B,44600,200,
000088.SZ,000088,20251209,91810910,0,344073,0,S,45900,1000,
000088.SZ,000088,20251209,91815870,0,345807,0,S,46000,1500,
000088.SZ,000088,20251209,91817170,0,346270,0,S,49000,10300,
000088.SZ,000088,20251209,91820630,0,347513,0,S,46100,1500,
000088.SZ,000088,20251209,91822500,0,348178,0,B,44100,11300,
000088.SZ,000088,20251209,91824720,0,348950,0,S,45300,600,
000088.SZ,000088,20251209,91825140,0,349115,0,S,46200,1500,
000088.SZ,000088,20251209,91829720,0,350831,0,S,44500,3500,
000088.SZ,000088,20251209,91830490,0,351093,0,S,46300,1500,
000088.SZ,000088,20251209,91833160,0,352026,0,S,45600,500,
000088.SZ,000088,20251209,91833640,0,352209,0,S,49000,200,
000088.SZ,000088,20251209,91836450,0,353212,0,B,44400,47100,
000088.SZ,000088,20251209,91837000,0,353407,0,S,46400,2000,
000088.SZ,000088,20251209,91837190,0,353486,0,S,44700,6800,
000088.SZ,000088,20251209,91837620,0,353657,0,S,46300,1200,
000088.SZ,000088,20251209,91839830,0,354433,0,S,48900,3000,
000088.SZ,000088,20251209,91842290,0,355286,0,S,46500,2000,
000088.SZ,000088,20251209,91842560,0,355386,0,S,49000,1100,
000088.SZ,000088,20251209,91847680,0,357251,0,S,46600,2000,
000088.SZ,000088,20251209,91848930,0,357678,0,S,45000,29200,
000088.SZ,000088,20251209,91849990,0,358027,0,S,48900,200,
000088.SZ,000088,20251209,91852640,0,358960,0,S,46400,2000,
000088.SZ,000088,20251209,91853970,0,359496,0,S,45900,3500,
000088.SZ,000088,20251209,91857510,0,360850,0,B,44400,2000,
000088.SZ,000088,20251209,91858330,0,361130,0,S,46800,3000,
000088.SZ,000088,20251209,91903300,0,362973,0,S,48800,1300,
000088.SZ,000088,20251209,91903510,0,363063,0,S,46900,3000,
000088.SZ,000088,20251209,91904400,0,363404,0,S,48800,3000,
000088.SZ,000088,20251209,91905500,0,363827,0,B,44400,147200,
000088.SZ,000088,20251209,91905550,0,363847,0,S,45000,2500,
000088.SZ,000088,20251209,91905720,0,363902,0,S,49000,500,
000088.SZ,000088,20251209,91907520,0,364664,0,B,49000,100,
000088.SZ,000088,20251209,91908470,0,365089,0,S,47000,3000,
000088.SZ,000088,20251209,91912810,0,366804,0,B,44500,2300,
000088.SZ,000088,20251209,91913130,0,366921,0,S,47100,3000,
000088.SZ,000088,20251209,91916390,0,368104,0,S,49000,800,
000088.SZ,000088,20251209,91918710,0,369041,0,S,44800,3000,
000088.SZ,000088,20251209,91918760,0,369059,0,S,46900,5000,
000088.SZ,000088,20251209,91918920,0,369134,0,B,44400,500,
000088.SZ,000088,20251209,91918990,0,369161,0,S,47200,3000,
000088.SZ,000088,20251209,91920990,0,369953,0,S,49000,3000,
000088.SZ,000088,20251209,91923310,0,370885,0,B,42600,2000,
000088.SZ,000088,20251209,91923590,0,370986,0,S,47300,3000,
000088.SZ,000088,20251209,91924760,0,371480,0,S,48900,2000,
000088.SZ,000088,20251209,91926960,0,372367,0,B,41600,3000,
000088.SZ,000088,20251209,91929280,0,373294,0,S,49000,10000,
000088.SZ,000088,20251209,91930230,0,373657,0,S,47400,3000,
000088.SZ,000088,20251209,91931410,0,374139,0,S,44800,1000,
000088.SZ,000088,20251209,91932910,0,374758,0,S,49000,1000,
000088.SZ,000088,20251209,91933700,0,375073,0,S,49000,1400,
000088.SZ,000088,20251209,91934360,0,375312,0,B,44300,147200,
000088.SZ,000088,20251209,91935380,0,375702,0,S,47500,4000,
000088.SZ,000088,20251209,91937730,0,376616,0,B,44500,1000,
000088.SZ,000088,20251209,91938060,0,376738,0,S,44900,1000,
000088.SZ,000088,20251209,91939560,0,377330,0,B,44400,3000,
000088.SZ,000088,20251209,91941860,0,378296,0,S,47600,3000,
000088.SZ,000088,20251209,91946520,0,380282,0,S,44700,3000,
000088.SZ,000088,20251209,91955120,0,383954,0,B,44400,100000,
000088.SZ,000088,20251209,91955360,0,384073,0,S,48800,4700,
000088.SZ,000088,20251209,91955400,0,384090,0,S,48600,4500,
000088.SZ,000088,20251209,91956570,0,384663,0,B,42800,2000,
000088.SZ,000088,20251209,91957120,0,384910,0,S,45000,1000,
000088.SZ,000088,20251209,92000810,0,386640,0,B,44100,4500,
000088.SZ,000088,20251209,92001960,0,387182,0,S,40100,100,
000088.SZ,000088,20251209,92001960,0,387186,0,B,49000,3100,
000088.SZ,000088,20251209,92002080,0,387294,0,B,45300,100,
000088.SZ,000088,20251209,92004020,0,388111,0,B,45300,200,
000088.SZ,000088,20251209,92005010,0,388524,0,S,45900,1000,
000088.SZ,000088,20251209,92005030,0,388544,0,S,43700,100,
000088.SZ,000088,20251209,92006010,0,388934,0,S,43700,100,
000088.SZ,000088,20251209,92007400,0,389488,0,B,40600,2000,
000088.SZ,000088,20251209,92007840,0,389636,0,S,45000,7000,
000088.SZ,000088,20251209,92009650,0,390304,0,S,46900,100,
000088.SZ,000088,20251209,92018200,0,393420,0,S,45700,1800,
000088.SZ,000088,20251209,92022470,0,395059,0,B,42300,2800,
000088.SZ,000088,20251209,92025940,0,396353,0,S,49000,1000,
000088.SZ,000088,20251209,92029800,0,397767,0,S,49000,1500,
000088.SZ,000088,20251209,92033510,0,399054,0,S,44800,30600,
000088.SZ,000088,20251209,92033790,0,399156,0,B,44300,100000,
000088.SZ,000088,20251209,92034520,0,399428,0,B,44000,10000,
000088.SZ,000088,20251209,92038580,0,400946,0,S,44800,5000,
000088.SZ,000088,20251209,92038660,0,400981,0,B,44400,5000,
000088.SZ,000088,20251209,92050030,0,405213,0,S,44700,11000,
000088.SZ,000088,20251209,92050580,0,405405,0,B,44100,1000,
000088.SZ,000088,20251209,92054130,0,406820,0,S,44600,2200,
000088.SZ,000088,20251209,92057050,0,407908,0,B,44200,147200,
000088.SZ,000088,20251209,92058380,0,408423,0,B,44200,2000,
000088.SZ,000088,20251209,92059890,0,409026,0,S,44500,2000,
000088.SZ,000088,20251209,92102310,0,410018,0,S,48900,2500,
000088.SZ,000088,20251209,92105230,0,411219,0,S,44700,2200,
000088.SZ,000088,20251209,92106510,0,411728,0,S,46000,3500,
000088.SZ,000088,20251209,92106580,0,411756,0,B,43200,3800,
000088.SZ,000088,20251209,92107680,0,412166,0,S,46000,1000,
000088.SZ,000088,20251209,92107690,0,412168,0,S,44800,1100,
000088.SZ,000088,20251209,92109490,0,412865,0,S,45000,2500,
000088.SZ,000088,20251209,92110280,0,413183,0,B,43200,3800,
000088.SZ,000088,20251209,92110280,0,413184,0,S,46000,3500,
000088.SZ,000088,20251209,92110920,0,413440,0,S,44700,500,
000088.SZ,000088,20251209,92113410,0,414460,0,B,44200,1000,
000088.SZ,000088,20251209,92115190,0,415195,0,S,45800,1000,
000088.SZ,000088,20251209,92115460,0,415306,0,B,44200,100000,
000088.SZ,000088,20251209,92118580,0,416584,0,S,44500,100,
000088.SZ,000088,20251209,92128530,0,420682,0,S,48000,400,
000088.SZ,000088,20251209,92149350,0,429680,0,B,43700,5000,
000088.SZ,000088,20251209,92151840,0,430803,0,S,49000,1400,
000088.SZ,000088,20251209,92157360,0,433228,0,B,43800,5000,
000088.SZ,000088,20251209,92205330,0,437297,0,B,43900,5000,
000088.SZ,000088,20251209,92207890,0,438531,0,S,44800,5000,
000088.SZ,000088,20251209,92210650,0,439781,0,B,44400,10000,
000088.SZ,000088,20251209,92210950,0,439920,0,S,49000,3000,
000088.SZ,000088,20251209,92212050,0,440419,0,S,45000,1000,
000088.SZ,000088,20251209,92213140,0,441089,0,B,44000,5000,
000088.SZ,000088,20251209,92215660,0,442234,0,S,48500,4500,
000088.SZ,000088,20251209,92222220,0,445237,0,B,43900,2000,
000088.SZ,000088,20251209,92224260,0,446210,0,S,47700,3900,
000088.SZ,000088,20251209,92224730,0,446455,0,B,44100,5000,
000088.SZ,000088,20251209,92226760,0,447362,0,B,44300,10000,
000088.SZ,000088,20251209,92228200,0,447999,0,S,48900,600,
000088.SZ,000088,20251209,92228400,0,448095,0,S,46000,500,
000088.SZ,000088,20251209,92231250,0,449466,0,S,44800,3300,
000088.SZ,000088,20251209,92231350,0,449516,0,S,47200,77000,
000088.SZ,000088,20251209,92233870,0,450731,0,B,44200,5000,
000088.SZ,000088,20251209,92236560,0,452058,0,B,44000,9400,
000088.SZ,000088,20251209,92243450,0,455497,0,S,46600,600,
000088.SZ,000088,20251209,92245110,0,456265,0,S,45400,1800,
000088.SZ,000088,20251209,92248900,0,458217,0,B,43700,1000,
000088.SZ,000088,20251209,92254740,0,461255,0,S,49000,1100,
000088.SZ,000088,20251209,92256020,0,461893,0,S,44900,500,
000088.SZ,000088,20251209,92257150,0,462422,0,S,49000,2000,
000088.SZ,000088,20251209,92258390,0,463032,0,S,45000,1200,
000088.SZ,000088,20251209,92301270,0,464521,0,S,49000,5000,
000088.SZ,000088,20251209,92306220,0,467074,0,S,48800,4700,
000088.SZ,000088,20251209,92306570,0,467245,0,S,49000,1000,
000088.SZ,000088,20251209,92306880,0,467404,0,S,49000,4200,
000088.SZ,000088,20251209,92308830,0,468476,0,S,46900,2200,
000088.SZ,000088,20251209,92309940,0,469102,0,S,45500,10900,
000088.SZ,000088,20251209,92313940,0,471208,0,B,44200,1500,
000088.SZ,000088,20251209,92314710,0,471639,0,S,45100,100,
000088.SZ,000088,20251209,92317340,0,473108,0,B,43700,3000,
000088.SZ,000088,20251209,92317780,0,473360,0,B,43900,2000,
000088.SZ,000088,20251209,92318080,0,473541,0,B,44300,5000,
000088.SZ,000088,20251209,92318640,0,473861,0,S,48500,1500,
000088.SZ,000088,20251209,92320940,0,475180,0,B,44300,8100,
000088.SZ,000088,20251209,92328120,0,479152,0,S,48900,2200,
000088.SZ,000088,20251209,92329220,0,479796,0,B,44500,2000,
000088.SZ,000088,20251209,92331250,0,480974,0,B,44300,100,
000088.SZ,000088,20251209,92332740,0,481802,0,S,48800,1400,
000088.SZ,000088,20251209,92333840,0,482461,0,S,45500,200,
000088.SZ,000088,20251209,92340750,0,486454,0,S,49000,1000,
000088.SZ,000088,20251209,92342090,0,487179,0,B,44400,5000,
000088.SZ,000088,20251209,92352840,0,493800,0,S,48900,900,
000088.SZ,000088,20251209,92354140,0,494578,0,B,44200,5000,
000088.SZ,000088,20251209,92359700,0,497892,0,B,44400,600,
000088.SZ,000088,20251209,92402330,0,499722,0,S,44900,12000,
000088.SZ,000088,20251209,92402520,0,499837,0,S,49000,5000,
000088.SZ,000088,20251209,92403430,0,500381,0,B,43500,100,
000088.SZ,000088,20251209,92407060,0,502857,0,S,44600,15000,
000088.SZ,000088,20251209,92411430,0,506069,0,S,49000,1000,
000088.SZ,000088,20251209,92417060,0,510609,0,B,44300,1100,
000088.SZ,000088,20251209,92419310,0,512413,0,S,44800,2000,
000088.SZ,000088,20251209,92421080,0,513876,0,S,49000,1100,
000088.SZ,000088,20251209,92428400,0,520016,0,S,47000,5800,
000088.SZ,000088,20251209,92428760,0,520321,0,B,44000,10600,
000088.SZ,000088,20251209,92429890,0,521329,0,S,49000,900,
000088.SZ,000088,20251209,92431980,0,523363,0,S,45600,20000,
000088.SZ,000088,20251209,92433900,0,525068,0,B,44400,600,
000088.SZ,000088,20251209,92436300,0,527154,0,S,44500,5000,
000088.SZ,000088,20251209,92441720,0,532770,0,S,45000,8000,
000088.SZ,000088,20251209,92442530,0,533626,0,B,43500,600,
000088.SZ,000088,20251209,92444950,0,536110,0,S,45100,8000,
000088.SZ,000088,20251209,92448080,0,539379,0,S,45200,8000,
000088.SZ,000088,20251209,92448330,0,539634,0,S,49000,300,
000088.SZ,000088,20251209,92449580,0,541351,0,S,43900,800,
000088.SZ,000088,20251209,92450550,0,543267,0,S,48900,3000,
000088.SZ,000088,20251209,92450670,0,543477,0,B,43600,300,
000088.SZ,000088,20251209,92451690,0,545184,0,S,45300,8000,
000088.SZ,000088,20251209,92451920,0,545480,0,S,43700,6900,
000088.SZ,000088,20251209,92452210,0,545860,0,S,43800,1700,
000088.SZ,000088,20251209,92455020,0,550227,0,B,44700,300,
000088.SZ,000088,20251209,92455780,0,551748,0,S,44100,100,
000088.SZ,000088,20251209,92456170,0,552707,0,S,44100,100,
000088.SZ,000088,20251209,92457020,0,555218,0,S,43600,100,
000088.SZ,000088,20251209,92457050,0,555294,0,S,40200,1300,
000088.SZ,000088,20251209,92457050,0,555309,0,S,40200,1300,
000088.SZ,000088,20251209,92457210,0,555767,0,S,43600,100,
000088.SZ,000088,20251209,92458850,0,561204,0,S,43600,100,
000088.SZ,000088,20251209,92459220,0,562715,0,S,43200,4100,
000088.SZ,000088,20251209,93000050,0,679697,0,B,44500,100,
000088.SZ,000088,20251209,93000050,0,680235,0,S,44500,3100,
000088.SZ,000088,20251209,93000050,0,681776,0,S,44600,12100,
000088.SZ,000088,20251209,93000050,0,682082,0,S,44700,12200,
000088.SZ,000088,20251209,93000050,0,682108,0,S,44500,200,
000088.SZ,000088,20251209,93000050,0,682651,0,S,44600,23100,
000088.SZ,000088,20251209,93000050,0,682740,0,B,44500,1000,
000088.SZ,000088,20251209,93000050,0,684229,0,S,44500,100,
000088.SZ,000088,20251209,93000060,0,685706,0,S,44500,800,
000088.SZ,000088,20251209,93000060,0,688061,0,S,49000,1000,
000088.SZ,000088,20251209,93000060,0,688787,0,S,44500,300,
000088.SZ,000088,20251209,93000060,0,689439,0,B,44500,100,
000088.SZ,000088,20251209,93000060,0,690953,0,B,44500,1600,
000088.SZ,000088,20251209,93000070,0,698158,0,S,44500,700,
000088.SZ,000088,20251209,93000080,0,703825,0,B,44300,1000,
000088.SZ,000088,20251209,93000090,0,706581,0,S,46100,10000,
000088.SZ,000088,20251209,93000090,0,708152,0,S,49000,1700,
000088.SZ,000088,20251209,93000090,0,709180,0,S,44600,43000,
000088.SZ,000088,20251209,93000100,0,714876,0,S,44500,200,
000088.SZ,000088,20251209,93000100,0,715009,0,S,44700,22900,
000088.SZ,000088,20251209,93000110,0,715540,0,S,45000,2200,
000088.SZ,000088,20251209,93000110,0,717020,0,B,44300,5000,
000088.SZ,000088,20251209,93000110,0,717554,0,S,45100,8500,
000088.SZ,000088,20251209,93000120,0,721759,0,S,44800,7800,
000088.SZ,000088,20251209,93000130,0,727746,0,S,44600,8000,
000088.SZ,000088,20251209,93000140,0,735575,0,S,44800,9100,
000088.SZ,000088,20251209,93000140,0,736916,0,S,44900,100,
000088.SZ,000088,20251209,93000150,0,738423,0,S,49000,500,
000088.SZ,000088,20251209,93000150,0,740011,0,B,40400,400,
000088.SZ,000088,20251209,93000160,0,744390,0,S,44700,10000,
000088.SZ,000088,20251209,93000160,0,746252,0,B,44400,1300,
000088.SZ,000088,20251209,93000160,0,748683,0,S,44900,6700,
000088.SZ,000088,20251209,93000170,0,751444,0,B,44300,800,
000088.SZ,000088,20251209,93000180,0,758120,0,S,44700,200,
000088.SZ,000088,20251209,93000190,0,762483,0,S,44600,2500,
000088.SZ,000088,20251209,93000200,0,765844,0,B,43800,3000,
000088.SZ,000088,20251209,93000200,0,767235,0,S,44600,4000,
000088.SZ,000088,20251209,93000210,0,769677,0,S,46000,10000,
000088.SZ,000088,20251209,93000210,0,770267,0,B,44000,10000,
000088.SZ,000088,20251209,93000220,0,773019,0,S,44600,6600,
000088.SZ,000088,20251209,93000220,0,773401,0,S,44900,8800,
000088.SZ,000088,20251209,93000230,0,775177,0,S,44900,7000,
000088.SZ,000088,20251209,93000230,0,775676,0,S,44500,400,
000088.SZ,000088,20251209,93000240,0,778805,0,S,45200,5300,
000088.SZ,000088,20251209,93000240,0,780152,0,B,44300,2500,
000088.SZ,000088,20251209,93000240,0,781189,0,S,44500,100,
000088.SZ,000088,20251209,93000250,0,785015,0,S,48000,500,
000088.SZ,000088,20251209,93000260,0,786537,0,S,44600,3000,
000088.SZ,000088,20251209,93000260,0,786898,0,S,49000,3000,
000088.SZ,000088,20251209,93000260,0,788287,0,S,45900,1000,
000088.SZ,000088,20251209,93000270,0,790540,0,S,46900,15000,
000088.SZ,000088,20251209,93000270,0,791536,0,B,44000,5000,
000088.SZ,000088,20251209,93000270,0,792295,0,S,44500,700,
000088.SZ,000088,20251209,93000270,0,792553,0,B,44400,300,
000088.SZ,000088,20251209,93000280,0,792671,0,B,44100,155000,
000088.SZ,000088,20251209,93000280,0,793102,0,B,44400,2000,
000088.SZ,000088,20251209,93000280,0,794838,0,B,44200,2500,
000088.SZ,000088,20251209,93000280,0,795151,0,S,45000,1000,
000088.SZ,000088,20251209,93000280,0,795205,0,S,46000,1000,
000088.SZ,000088,20251209,93000290,0,796737,0,B,44000,300,
000088.SZ,000088,20251209,93000290,0,797772,0,S,44600,500000,
000088.SZ,000088,20251209,93000300,0,798594,0,S,44600,150000,
000088.SZ,000088,20251209,93000310,0,803702,0,B,44400,234400,
000088.SZ,000088,20251209,93000310,0,804190,0,S,45000,1000,
000088.SZ,000088,20251209,93000320,0,806499,0,B,44200,100000,
000088.SZ,000088,20251209,93000320,0,806547,0,B,44300,57000,
000088.SZ,000088,20251209,93000320,0,807348,0,B,44400,3000,
000088.SZ,000088,20251209,93000330,0,808062,0,S,44600,2500,
000088.SZ,000088,20251209,93000330,0,808216,0,S,47000,1000,
000088.SZ,000088,20251209,93000340,0,810837,0,S,48000,1000,
000088.SZ,000088,20251209,93000340,0,811321,0,B,44300,1000,
000088.SZ,000088,20251209,93000340,0,812529,0,B,44300,10000,
000088.SZ,000088,20251209,93000370,0,817993,0,S,48500,84500,
000088.SZ,000088,20251209,93000400,0,823900,0,S,44700,1000,
000088.SZ,000088,20251209,93000410,0,825301,0,B,44300,13500,
000088.SZ,000088,20251209,93000450,0,832789,0,B,44200,13600,
000088.SZ,000088,20251209,93000470,0,835730,0,B,44300,1000,
000088.SZ,000088,20251209,93000470,0,835936,0,S,44500,400,
000088.SZ,000088,20251209,93000480,0,837537,0,S,44400,100,
000088.SZ,000088,20251209,93000480,0,838058,0,S,44800,2000,
000088.SZ,000088,20251209,93000480,0,838402,0,S,44700,800,
000088.SZ,000088,20251209,93000480,0,838532,0,B,44500,500,
000088.SZ,000088,20251209,93000480,0,839155,0,S,44500,2600,
000088.SZ,000088,20251209,93000510,0,843615,0,B,44300,29000,
000088.SZ,000088,20251209,93000510,0,844458,0,B,42000,1000,
000088.SZ,000088,20251209,93000520,0,845495,0,S,44500,1500,
000088.SZ,000088,20251209,93000520,0,845542,0,S,44600,58900,
000088.SZ,000088,20251209,93000520,0,846207,0,S,44400,100,
000088.SZ,000088,20251209,93000530,0,847437,0,S,44800,23100,
000088.SZ,000088,20251209,93000550,0,850804,0,S,45500,100,
000088.SZ,000088,20251209,93000610,0,860757,0,S,45000,3500,
000088.SZ,000088,20251209,93000610,0,860836,0,S,44800,2900,
000088.SZ,000088,20251209,93000650,0,868155,0,B,44400,6800,
000088.SZ,000088,20251209,93000650,0,869111,0,S,46600,1000,
000088.SZ,000088,20251209,93000650,0,869437,0,S,44900,800,
000088.SZ,000088,20251209,93000660,0,869976,0,S,49000,2500,
000088.SZ,000088,20251209,93000670,0,871256,0,S,44600,300,
000088.SZ,000088,20251209,93000670,0,872876,0,S,44500,100,
000088.SZ,000088,20251209,93000680,0,873818,0,S,45500,5000,
000088.SZ,000088,20251209,93000680,0,874162,0,S,46200,600,
000088.SZ,000088,20251209,93000690,0,875831,0,S,44900,7800,
000088.SZ,000088,20251209,93000710,0,878729,0,B,44300,20000,
000088.SZ,000088,20251209,93000720,0,880163,0,S,44100,100,
000088.SZ,000088,20251209,93000740,0,882145,0,B,44300,600,
000088.SZ,000088,20251209,93000760,0,886334,0,S,44600,10000,
000088.SZ,000088,20251209,93000770,0,887687,0,B,44400,100,
000088.SZ,000088,20251209,93000800,0,892957,0,S,48800,1000,
000088.SZ,000088,20251209,93000800,0,893272,0,S,44700,10000,
000088.SZ,000088,20251209,93000820,0,896721,0,S,49000,2500,
000088.SZ,000088,20251209,93000820,0,897655,0,S,44900,13500,
000088.SZ,000088,20251209,93000860,0,903947,0,B,44000,7300,
000088.SZ,000088,20251209,93000870,0,904492,0,B,44400,1100,
000088.SZ,000088,20251209,93000880,0,906025,0,B,43900,6300,
000088.SZ,000088,20251209,93000890,0,907683,0,S,44600,2000,
000088.SZ,000088,20251209,93000900,0,908778,0,S,45000,20000,
000088.SZ,000088,20251209,93000900,0,909046,0,S,45200,20000,
000088.SZ,000088,20251209,93000910,0,910745,0,B,44400,9900,
000088.SZ,000088,20251209,93000920,0,911501,0,B,44600,100,
000088.SZ,000088,20251209,93000990,0,923169,0,B,44500,2000,
000088.SZ,000088,20251209,93000990,0,924238,0,S,44900,78800,
000088.SZ,000088,20251209,93001010,0,926699,0,B,44400,1000,
000088.SZ,000088,20251209,93001010,0,928033,0,B,44200,1000,
000088.SZ,000088,20251209,93001030,0,930324,0,S,45800,100,
000088.SZ,000088,20251209,93001030,0,930585,0,S,48800,100,
000088.SZ,000088,20251209,93001070,0,936569,0,S,49000,700,
000088.SZ,000088,20251209,93001070,0,936859,0,B,44300,2000,
000088.SZ,000088,20251209,93001100,0,939981,0,S,44800,3000,
000088.SZ,000088,20251209,93001130,0,943973,0,B,44300,200,
000088.SZ,000088,20251209,93001160,0,947590,0,S,46400,3800,
000088.SZ,000088,20251209,93001160,0,947747,0,S,44600,500,
000088.SZ,000088,20251209,93001160,0,948497,0,S,49000,400,
000088.SZ,000088,20251209,93001170,0,949044,0,S,44600,3000,
000088.SZ,000088,20251209,93001190,0,950738,0,B,44400,1400,
000088.SZ,000088,20251209,93001210,0,953160,0,S,44700,4000,
000088.SZ,000088,20251209,93001210,0,953676,0,S,44800,1200,
000088.SZ,000088,20251209,93001240,0,956524,0,B,44400,600,
000088.SZ,000088,20251209,93001240,0,956633,0,B,44400,500,
000088.SZ,000088,20251209,93001250,0,956856,0,B,44400,100,
000088.SZ,000088,20251209,93001280,0,959340,0,B,44400,300,
000088.SZ,000088,20251209,93001350,0,965366,0,S,49000,500,
000088.SZ,000088,20251209,93001380,0,967514,0,B,44400,1100,
000088.SZ,000088,20251209,93001410,0,969917,0,B,44400,500,
000088.SZ,000088,20251209,93001480,0,976570,0,S,46000,1000,
000088.SZ,000088,20251209,93001480,0,976600,0,S,47000,1000,
000088.SZ,000088,20251209,93001530,0,980427,0,B,44200,21700,
000088.SZ,000088,20251209,93001540,0,981216,0,S,49000,1000,
000088.SZ,000088,20251209,93001590,0,985195,0,S,44500,100,
000088.SZ,000088,20251209,93001590,0,985560,0,S,48000,1000,
000088.SZ,000088,20251209,93001600,0,986059,0,S,49000,1000,
000088.SZ,000088,20251209,93001670,0,993147,0,B,42600,2000,
000088.SZ,000088,20251209,93001670,0,993182,0,S,44600,1200,
000088.SZ,000088,20251209,93001670,0,993188,0,B,41600,3000,
000088.SZ,000088,20251209,93001670,0,993285,0,B,40600,6000,
000088.SZ,000088,20251209,93001700,0,994890,0,B,44200,600,
000088.SZ,000088,20251209,93001720,0,997402,0,S,44600,2500,
000088.SZ,000088,20251209,93001760,0,1000501,0,B,44300,700,
000088.SZ,000088,20251209,93001790,0,1003867,0,B,44400,500,
000088.SZ,000088,20251209,93001790,0,1003868,0,B,44400,300,
000088.SZ,000088,20251209,93001790,0,1003869,0,B,44400,500,
000088.SZ,000088,20251209,93001800,0,1004208,0,B,44100,500,
000088.SZ,000088,20251209,93001820,0,1005863,0,S,46900,5516,
000088.SZ,000088,20251209,93001860,0,1008910,0,S,44600,30000,
000088.SZ,000088,20251209,93001890,0,1011589,0,S,44800,343400,
000088.SZ,000088,20251209,93001900,0,1012667,0,S,44800,24300,
000088.SZ,000088,20251209,93001920,0,1013987,0,B,44400,1000,
000088.SZ,000088,20251209,93001930,0,1015747,0,S,44600,11000,
000088.SZ,000088,20251209,93001940,0,1016430,0,S,45700,3000,
000088.SZ,000088,20251209,93002000,0,1023384,0,S,44700,6000,
000088.SZ,000088,20251209,93002000,0,1023804,0,S,44500,200,
000088.SZ,000088,20251209,93002030,0,1026978,0,S,49000,100,
000088.SZ,000088,20251209,93002070,0,1032033,0,S,45100,5300,
000088.SZ,000088,20251209,93002110,0,1035727,0,S,44600,10000,
000088.SZ,000088,20251209,93002150,0,1039609,0,S,46000,300,
000088.SZ,000088,20251209,93002180,0,1041686,0,S,49000,600,
000088.SZ,000088,20251209,93002200,0,1042923,0,S,48800,800,
000088.SZ,000088,20251209,93002210,0,1044101,0,S,44400,1400,
000088.SZ,000088,20251209,93002270,0,1047497,0,S,48900,1100,
000088.SZ,000088,20251209,93002270,0,1047969,0,S,44500,400,
000088.SZ,000088,20251209,93002290,0,1048703,0,S,44500,400,
000088.SZ,000088,20251209,93002290,0,1048973,0,S,46000,3000,
000088.SZ,000088,20251209,93002290,0,1049143,0,S,44500,400,
000088.SZ,000088,20251209,93002350,0,1052421,0,S,44700,10000,
000088.SZ,000088,20251209,93002410,0,1055245,0,S,48900,4300,
000088.SZ,000088,20251209,93002410,0,1055550,0,S,49000,600,
000088.SZ,000088,20251209,93002430,0,1057164,0,S,49000,1500,
000088.SZ,000088,20251209,93002470,0,1059882,0,S,44600,46600,
000088.SZ,000088,20251209,93002480,0,1060089,0,S,44700,46700,
000088.SZ,000088,20251209,93002490,0,1060488,0,S,46400,10000,
000088.SZ,000088,20251209,93002510,0,1061967,0,S,44700,700,
000088.SZ,000088,20251209,93002560,0,1064550,0,B,41600,3000,
000088.SZ,000088,20251209,93002650,0,1071637,0,B,44300,500,
000088.SZ,000088,20251209,93002700,0,1074979,0,S,44500,100,
000088.SZ,000088,20251209,93002710,0,1075087,0,S,44500,7000,
000088.SZ,000088,20251209,93002710,0,1075328,0,B,42900,2000,
000088.SZ,000088,20251209,93002730,0,1076551,0,S,44500,100,
000088.SZ,000088,20251209,93002750,0,1076995,0,B,44400,100,
000088.SZ,000088,20251209,93002760,0,1078150,0,B,44400,100,
000088.SZ,000088,20251209,93002800,0,1080627,0,B,44400,11000,
000088.SZ,000088,20251209,93002810,0,1081165,0,S,45700,1000,
000088.SZ,000088,20251209,93002840,0,1083088,0,S,44500,400,
000088.SZ,000088,20251209,93002870,0,1084949,0,B,42600,600,
000088.SZ,000088,20251209,93002900,0,1086678,0,S,46000,1000,
000088.SZ,000088,20251209,93002910,0,1086957,0,S,44500,400,
000088.SZ,000088,20251209,93002950,0,1089662,0,B,44200,3000,
000088.SZ,000088,20251209,93002960,0,1090924,0,S,44800,7000,
000088.SZ,000088,20251209,93003000,0,1093363,0,B,44100,5000,
000088.SZ,000088,20251209,93003000,0,1093657,0,S,45200,2000,
000088.SZ,000088,20251209,93003030,0,1096245,0,S,44600,5300,
000088.SZ,000088,20251209,93003040,0,1097430,0,S,48900,5400,
000088.SZ,000088,20251209,93003150,0,1104942,0,S,44500,100,
000088.SZ,000088,20251209,93003150,0,1104950,0,S,44500,100,
000088.SZ,000088,20251209,93003150,0,1104956,0,S,44500,100,
000088.SZ,000088,20251209,93003150,0,1104987,0,S,44500,100,
000088.SZ,000088,20251209,93003150,0,1105043,0,S,44500,100,
000088.SZ,000088,20251209,93003160,0,1105160,0,S,44500,500,
000088.SZ,000088,20251209,93003160,0,1105291,0,S,44500,100,
000088.SZ,000088,20251209,93003170,0,1106450,0,S,44500,100,
000088.SZ,000088,20251209,93003190,0,1107937,0,S,44500,500,
000088.SZ,000088,20251209,93003190,0,1108275,0,B,44400,10000,
000088.SZ,000088,20251209,93003200,0,1109502,0,S,44500,1200,
000088.SZ,000088,20251209,93003220,0,1110147,0,S,44500,1200,
000088.SZ,000088,20251209,93003250,0,1111429,0,S,44500,2000,
000088.SZ,000088,20251209,93003260,0,1112324,0,S,48000,3000,
000088.SZ,000088,20251209,93003290,0,1113299,0,S,44400,800,
000088.SZ,000088,20251209,93003290,0,1113305,0,S,44400,300,
000088.SZ,000088,20251209,93003300,0,1113744,0,S,44400,100,
000088.SZ,000088,20251209,93003460,0,1121683,0,B,43600,1000,
000088.SZ,000088,20251209,93003560,0,1126703,0,B,44300,2000,
000088.SZ,000088,20251209,93003610,0,1129850,0,B,44100,2000,
000088.SZ,000088,20251209,93003640,0,1131799,0,B,44400,100,
000088.SZ,000088,20251209,93003650,0,1132410,0,B,44400,100,
000088.SZ,000088,20251209,93003670,0,1133802,0,S,47000,3000,
000088.SZ,000088,20251209,93003750,0,1138190,0,S,44900,9000,
000088.SZ,000088,20251209,93003810,0,1141408,0,B,44400,600,
000088.SZ,000088,20251209,93003950,0,1147700,0,S,49000,1000,
000088.SZ,000088,20251209,93003960,0,1148330,0,S,44900,1700,
000088.SZ,000088,20251209,93003970,0,1149150,0,B,44500,200,
000088.SZ,000088,20251209,93003980,0,1149262,0,B,44400,100,
000088.SZ,000088,20251209,93004030,0,1152898,0,S,44800,43000,
000088.SZ,000088,20251209,93004070,0,1155118,0,S,44500,400,
000088.SZ,000088,20251209,93004100,0,1156577,0,S,44500,100,
000088.SZ,000088,20251209,93004140,0,1158163,0,S,44500,500,
000088.SZ,000088,20251209,93004210,0,1161537,0,S,45600,300,
000088.SZ,000088,20251209,93004230,0,1162101,0,S,44000,2100,
000088.SZ,000088,20251209,93004570,0,1176282,0,S,48600,2000,
000088.SZ,000088,20251209,93004600,0,1177673,0,B,44000,600,
000088.SZ,000088,20251209,93004610,0,1178354,0,B,44400,600,
000088.SZ,000088,20251209,93004620,0,1178693,0,B,44500,300,
000088.SZ,000088,20251209,93004670,0,1181086,0,S,49000,600,
000088.SZ,000088,20251209,93004800,0,1186568,0,B,44100,100,
000088.SZ,000088,20251209,93004890,0,1189825,0,B,44400,2200,
000088.SZ,000088,20251209,93005120,0,1200997,0,S,49000,5000,
000088.SZ,000088,20251209,93005170,0,1202651,0,S,44500,100,
000088.SZ,000088,20251209,93005190,0,1203192,0,S,44500,300,
000088.SZ,000088,20251209,93005210,0,1203505,0,S,44500,1400,
000088.SZ,000088,20251209,93005230,0,1203979,0,S,44500,100,
000088.SZ,000088,20251209,93005320,0,1205746,0,S,44500,200,
000088.SZ,000088,20251209,93005690,0,1215384,0,S,45700,600,
000088.SZ,000088,20251209,93005860,0,1219853,0,S,46000,20000,
000088.SZ,000088,20251209,93006120,0,1229723,0,S,45000,58000,
000088.SZ,000088,20251209,93006140,0,1230362,0,B,44500,100,
000088.SZ,000088,20251209,93006250,0,1231961,0,B,44400,3000,
000088.SZ,000088,20251209,93006350,0,1235570,0,B,44500,100,
000088.SZ,000088,20251209,93006350,0,1235813,0,B,44400,10200,
000088.SZ,000088,20251209,93006390,0,1238275,0,S,44100,300,
000088.SZ,000088,20251209,93006450,0,1240070,0,S,44500,100,
000088.SZ,000088,20251209,93006460,0,1240483,0,B,44500,300,
000088.SZ,000088,20251209,93006530,0,1241609,0,S,44500,100,
000088.SZ,000088,20251209,93006560,0,1242390,0,B,44500,100,
000088.SZ,000088,20251209,93006570,0,1242988,0,B,44400,10000,
000088.SZ,000088,20251209,93006640,0,1245770,0,S,46000,200,
000088.SZ,000088,20251209,93006670,0,1246747,0,S,48000,200,
000088.SZ,000088,20251209,93006680,0,1247482,0,B,42000,200,
000088.SZ,000088,20251209,93006860,0,1252238,0,B,44400,7200,
000088.SZ,000088,20251209,93007090,0,1259706,0,S,49000,500,
000088.SZ,000088,20251209,93007180,0,1261311,0,B,44500,100,
000088.SZ,000088,20251209,93007370,0,1265652,0,B,44500,500,
000088.SZ,000088,20251209,93007420,0,1266851,0,B,43800,27200,
000088.SZ,000088,20251209,93007530,0,1270030,0,S,44600,100,
000088.SZ,000088,20251209,93007540,0,1270238,0,S,44500,100,
000088.SZ,000088,20251209,93007600,0,1271971,0,S,44600,5000,
000088.SZ,000088,20251209,93007950,0,1280852,0,B,44300,7000,
000088.SZ,000088,20251209,93008010,0,1282099,0,S,45400,1000,
000088.SZ,000088,20251209,93008030,0,1283077,0,S,45000,45700,
000088.SZ,000088,20251209,93008410,0,1289002,0,B,43500,41200,
000088.SZ,000088,20251209,93008680,0,1292920,0,S,44500,1100,
000088.SZ,000088,20251209,93008850,0,1295085,0,B,44000,4000,
000088.SZ,000088,20251209,93009170,0,1301084,0,B,44400,900,
000088.SZ,000088,20251209,93009170,0,1301198,0,S,44500,100,
000088.SZ,000088,20251209,93009190,0,1301443,0,B,44500,100,
000088.SZ,000088,20251209,93009210,0,1301767,0,B,44500,100,
000088.SZ,000088,20251209,93009270,0,1303143,0,S,44500,100,
000088.SZ,000088,20251209,93009280,0,1303628,0,B,44500,100,
000088.SZ,000088,20251209,93010030,0,1320572,0,B,44400,400,
000088.SZ,000088,20251209,93010700,0,1334581,0,B,44500,100,
000088.SZ,000088,20251209,93010790,0,1336366,0,S,47000,12500,
000088.SZ,000088,20251209,93011370,0,1343631,0,B,44400,100,
000088.SZ,000088,20251209,93011410,0,1343983,0,S,49000,6000,
000088.SZ,000088,20251209,93011590,0,1346103,0,S,49000,3000,
000088.SZ,000088,20251209,93011680,0,1347216,0,S,44500,100,
000088.SZ,000088,20251209,93012480,0,1359617,0,S,44500,4000,
000088.SZ,000088,20251209,93012950,0,1369059,0,B,44500,100,
000088.SZ,000088,20251209,93013860,0,1385411,0,B,44500,100,
000088.SZ,000088,20251209,93014280,0,1390973,0,S,44500,100,
000088.SZ,000088,20251209,93014760,0,1396561,0,B,44400,300,
000088.SZ,000088,20251209,93014920,0,1398171,0,B,44300,1800,
000088.SZ,000088,20251209,93014950,0,1398518,0,B,44100,2000,
000088.SZ,000088,20251209,93014980,0,1398848,0,B,44400,100,
000088.SZ,000088,20251209,93014980,0,1398852,0,B,44400,100,
000088.SZ,000088,20251209,93014980,0,1398858,0,B,44400,300,
000088.SZ,000088,20251209,93015080,0,1400367,0,B,44500,300,
000088.SZ,000088,20251209,93015120,0,1400766,0,B,44400,900,
000088.SZ,000088,20251209,93015240,0,1402487,0,S,44500,100,
000088.SZ,000088,20251209,93015240,0,1402494,0,S,44500,100,
000088.SZ,000088,20251209,93015240,0,1402519,0,S,44500,100,
000088.SZ,000088,20251209,93015410,0,1406396,0,S,44600,13500,
000088.SZ,000088,20251209,93015830,0,1419124,0,B,44400,100,
000088.SZ,000088,20251209,93015920,0,1420529,0,S,44500,100,
000088.SZ,000088,20251209,93016410,0,1430327,0,S,46300,1000,
000088.SZ,000088,20251209,93016880,0,1439938,0,B,44400,11200,
000088.SZ,000088,20251209,93018160,0,1455245,0,S,44500,100,
000088.SZ,000088,20251209,93018180,0,1456107,0,S,44500,100,
000088.SZ,000088,20251209,93019170,0,1474528,0,B,44400,400,
000088.SZ,000088,20251209,93019520,0,1481203,0,B,44400,700,
000088.SZ,000088,20251209,93019560,0,1481779,0,S,49000,500,
000088.SZ,000088,20251209,93020280,0,1492406,0,B,44400,100,
000088.SZ,000088,20251209,93022620,0,1532408,0,B,44400,100,
000088.SZ,000088,20251209,93022650,0,1532997,0,S,46800,9500,
000088.SZ,000088,20251209,93022820,0,1534938,0,S,44500,700,
000088.SZ,000088,20251209,93024170,0,1550939,0,S,44300,1000,
000088.SZ,000088,20251209,93024580,0,1558754,0,B,44100,100,
000088.SZ,000088,20251209,93024760,0,1562996,0,B,44400,200,
000088.SZ,000088,20251209,93025050,0,1567358,0,S,44600,12200,
000088.SZ,000088,20251209,93025420,0,1574746,0,B,44400,700,
000088.SZ,000088,20251209,93027240,0,1596549,0,S,44500,500,
000088.SZ,000088,20251209,93027250,0,1596704,0,S,44500,2700,
000088.SZ,000088,20251209,93027250,0,1596820,0,S,44500,6900,
000088.SZ,000088,20251209,93027320,0,1598105,0,S,44500,1000,
000088.SZ,000088,20251209,93027320,0,1598107,0,S,44500,2600,
000088.SZ,000088,20251209,93029420,0,1632590,0,S,44500,1900,
000088.SZ,000088,20251209,93029920,0,1639159,0,S,44600,1500,
000088.SZ,000088,20251209,93030440,0,1648084,0,B,44000,200,
000088.SZ,000088,20251209,93031810,0,1674037,0,S,46800,3000,
000088.SZ,000088,20251209,93032030,0,1677033,0,S,48900,100,
000088.SZ,000088,20251209,93032030,0,1677034,0,S,49000,100,
000088.SZ,000088,20251209,93033020,0,1688695,0,S,44800,45800,
000088.SZ,000088,20251209,93033410,0,1695152,0,S,44500,1000,
000088.SZ,000088,20251209,93033460,0,1696020,0,S,44700,2700,
000088.SZ,000088,20251209,93035590,0,1732028,0,S,44500,700,
000088.SZ,000088,20251209,93036230,0,1741294,0,S,44400,100,
000088.SZ,000088,20251209,93036390,0,1744764,0,S,44100,2100,
000088.SZ,000088,20251209,93036660,0,1752457,0,S,44500,100,
000088.SZ,000088,20251209,93037110,0,1761363,0,B,44400,10700,
000088.SZ,000088,20251209,93037710,0,1773867,0,B,44400,200,
000088.SZ,000088,20251209,93038280,0,1781537,0,S,44400,1000,
000088.SZ,000088,20251209,93038940,0,1790140,0,S,44500,10000,
000088.SZ,000088,20251209,93039570,0,1804751,0,S,44600,74200,
000088.SZ,000088,20251209,93040290,0,1820271,0,S,44600,10000,
000088.SZ,000088,20251209,93040440,0,1823575,0,S,44400,100,
000088.SZ,000088,20251209,93041330,0,1839777,0,S,44700,29000,
000088.SZ,000088,20251209,93042610,0,1864973,0,S,44700,1100,
000088.SZ,000088,20251209,93043000,0,1872033,0,S,44500,1200,
000088.SZ,000088,20251209,93043290,0,1877810,0,B,44400,1500,
000088.SZ,000088,20251209,93044930,0,1910511,0,B,43900,1000,
000088.SZ,000088,20251209,93045170,0,1915981,0,S,44500,100,
000088.SZ,000088,20251209,93045190,0,1916641,0,B,44300,200,
000088.SZ,000088,20251209,93046020,0,1932094,0,B,44300,5000,
000088.SZ,000088,20251209,93046630,0,1944399,0,B,44400,600,
000088.SZ,000088,20251209,93047510,0,1957520,0,S,44400,200,
000088.SZ,000088,20251209,93048910,0,1978510,0,B,43800,5000,
000088.SZ,000088,20251209,93050760,0,2005709,0,B,44400,600,
000088.SZ,000088,20251209,93051300,0,2013200,0,B,44300,100000,
000088.SZ,000088,20251209,93052110,0,2024927,0,B,44300,76600,
000088.SZ,000088,20251209,93053670,0,2045477,0,B,44200,5000,
000088.SZ,000088,20251209,93054160,0,2051825,0,B,44400,100,
000088.SZ,000088,20251209,93054810,0,2062753,0,B,44100,3000,
000088.SZ,000088,20251209,93054910,0,2064013,0,B,44400,500,
000088.SZ,000088,20251209,93055820,0,2077870,0,S,44700,20000,
000088.SZ,000088,20251209,93056130,0,2081436,0,B,44400,9000,
000088.SZ,000088,20251209,93056150,0,2081577,0,B,44200,2300,
000088.SZ,000088,20251209,93056330,0,2084137,0,S,44500,4200,
000088.SZ,000088,20251209,93056340,0,2084247,0,S,44500,5700,
000088.SZ,000088,20251209,93056420,0,2085321,0,S,44500,2400,
000088.SZ,000088,20251209,93056420,0,2085322,0,S,44500,5600,
000088.SZ,000088,20251209,93057680,0,2101292,0,B,44400,300,
000088.SZ,000088,20251209,93057870,0,2103777,0,B,44000,400,
000088.SZ,000088,20251209,93059250,0,2121462,0,B,44500,100,
000088.SZ,000088,20251209,93100040,0,2130373,0,S,44500,6900,
000088.SZ,000088,20251209,93100190,0,2132912,0,B,44900,1300,
000088.SZ,000088,20251209,93100250,0,2134057,0,B,45100,1500,
000088.SZ,000088,20251209,93100470,0,2138922,0,B,44400,1800,
000088.SZ,000088,20251209,93100490,0,2139310,0,B,44500,1300,
000088.SZ,000088,20251209,93100490,0,2139326,0,B,44500,300,
000088.SZ,000088,20251209,93100490,0,2139333,0,B,44500,1200,
000088.SZ,000088,20251209,93100490,0,2139354,0,B,44500,1100,
000088.SZ,000088,20251209,93100490,0,2139364,0,B,44500,600,
000088.SZ,000088,20251209,93100490,0,2139373,0,B,44500,800,
000088.SZ,000088,20251209,93100560,0,2140845,0,S,44600,50600,
000088.SZ,000088,20251209,93100730,0,2144664,0,B,45100,1600,
000088.SZ,000088,20251209,93100730,0,2144682,0,B,44400,400,
000088.SZ,000088,20251209,93100870,0,2147677,0,B,45300,1900,
000088.SZ,000088,20251209,93101190,0,2153745,0,B,44500,500,
000088.SZ,000088,20251209,93101640,0,2162949,0,B,44400,100,
000088.SZ,000088,20251209,93101660,0,2163195,0,B,44400,800,
000088.SZ,000088,20251209,93102050,0,2168709,0,B,44400,100,
000088.SZ,000088,20251209,93103430,0,2189245,0,B,44300,11100,
000088.SZ,000088,20251209,93103450,0,2189808,0,B,44500,1500,
000088.SZ,000088,20251209,93104200,0,2202034,0,S,44500,1000,
000088.SZ,000088,20251209,93104200,0,2202035,0,S,44500,100,
000088.SZ,000088,20251209,93104230,0,2202455,0,S,44600,5000,
000088.SZ,000088,20251209,93105400,0,2220742,0,S,44500,1300,
000088.SZ,000088,20251209,93105420,0,2221009,0,S,44500,100,
000088.SZ,000088,20251209,93105470,0,2221644,0,S,44400,100,
000088.SZ,000088,20251209,93105820,0,2225627,0,S,44500,100,
000088.SZ,000088,20251209,93106300,0,2232454,0,S,44500,100,
000088.SZ,000088,20251209,93106380,0,2233716,0,S,44500,100,
000088.SZ,000088,20251209,93106400,0,2234253,0,B,44400,300,
000088.SZ,000088,20251209,93106440,0,2235114,0,S,44100,2200,
000088.SZ,000088,20251209,93108400,0,2265705,0,S,44500,1200,
000088.SZ,000088,20251209,93109170,0,2275123,0,S,44500,100,
000088.SZ,000088,20251209,93109360,0,2278338,0,B,44400,100,
000088.SZ,000088,20251209,93109480,0,2280032,0,B,44400,1700,
000088.SZ,000088,20251209,93110400,0,2294342,0,S,44500,2400,
000088.SZ,000088,20251209,93110620,0,2298479,0,B,44600,100,
000088.SZ,000088,20251209,93110640,0,2298798,0,B,44000,10000,
000088.SZ,000088,20251209,93110800,0,2301034,0,S,44500,1200,
000088.SZ,000088,20251209,93111140,0,2305320,0,S,44600,200,
000088.SZ,000088,20251209,93111150,0,2305502,0,S,44500,100,
000088.SZ,000088,20251209,93111180,0,2305929,0,B,44300,1000,
000088.SZ,000088,20251209,93111410,0,2308625,0,S,44600,5000,
000088.SZ,000088,20251209,93113400,0,2339838,0,S,44500,1200,
000088.SZ,000088,20251209,93113440,0,2340342,0,S,44500,1900,
000088.SZ,000088,20251209,93113600,0,2342908,0,B,44100,500,
