万得代码,交易所代码,自然日,时间,成交编号,成交代码,委托代码,BS标志,成交价格,成交数量,叫卖序号,叫买序号,
000088.SZ,000088,20251209,91502250,208360,C,0, ,0,5000,0,185773,
000088.SZ,000088,20251209,91504050,258716,C,0, ,0,2200,206924,0,
000088.SZ,000088,20251209,91506660,281297,C,0, ,0,4000,281296,0,
000088.SZ,000088,20251209,91519630,295840,C,0, ,0,30000,267433,0,
000088.SZ,000088,20251209,91540390,300286,C,0, ,0,2500,27025,0,
000088.SZ,000088,20251209,91814840,345434,C,0, ,0,150000,26038,0,
000088.SZ,000088,20251209,91845620,356511,C,0, ,0,30000,34178,0,
000088.SZ,000088,20251209,91849040,357710,C,0, ,0,3500,350831,0,
000088.SZ,000088,20251209,91900310,361894,C,0, ,0,500,297250,0,
000088.SZ,000088,20251209,91908930,365306,C,0, ,0,3000,288603,0,
000088.SZ,000088,20251209,91910640,365967,C,0, ,0,3000,0,288609,
000088.SZ,000088,20251209,91910750,366009,C,0, ,0,25000,108829,0,
000088.SZ,000088,20251209,91924180,371238,C,0, ,0,524200,0,94062,
000088.SZ,000088,20251209,91932000,374391,C,0, ,0,26800,0,148400,
000088.SZ,000088,20251209,92500000,569780,0,0,B,44500,2200,26564,81124,
000088.SZ,000088,20251209,92500000,569781,0,0,S,44500,500,290807,81124,
000088.SZ,000088,20251209,92500000,569782,0,0,S,44500,100,387182,81124,
000088.SZ,000088,20251209,92500000,569783,0,0,S,44500,1300,555294,81124,
000088.SZ,000088,20251209,92500000,569784,0,0,S,44500,1300,555309,81124,
000088.SZ,000088,20251209,92500000,569785,0,0,S,44500,4100,562715,81124,
000088.SZ,000088,20251209,92500000,569786,0,0,S,44500,100,555218,81124,
000088.SZ,000088,20251209,92500000,569787,0,0,S,44500,100,555767,81124,
000088.SZ,000088,20251209,92500000,569788,0,0,S,44500,100,561204,81124,
000088.SZ,000088,20251209,92500000,569789,0,0,S,44500,100,288936,81124,
000088.SZ,000088,20251209,92500000,569790,0,0,S,44500,100,388544,81124,
000088.SZ,000088,20251209,92500000,569791,0,0,S,44500,100,388934,364664,
000088.SZ,000088,20251209,92500000,569792,0,0,S,44500,3100,545480,387186,
000088.SZ,000088,20251209,92500000,569793,0,0,S,44500,1900,545480,288987,
000088.SZ,000088,20251209,92500000,569794,0,0,S,44500,100,545480,387294,
000088.SZ,000088,20251209,92500000,569795,0,0,S,44500,200,545480,388111,
000088.SZ,000088,20251209,92500000,569796,0,0,B,44500,300,545480,550227,
000088.SZ,000088,20251209,92500000,569797,0,0,S,44500,1000,545480,74246,
000088.SZ,000088,20251209,92500000,569798,0,0,S,44500,300,545480,336817,
000088.SZ,000088,20251209,92500000,569799,0,0,S,44500,1700,545860,336817,
000088.SZ,000088,20251209,92500000,569800,0,0,S,44500,800,541351,336817,
000088.SZ,000088,20251209,92500000,569801,0,0,B,44500,600,190321,336817,
000088.SZ,000088,20251209,92500000,569802,0,0,B,44500,200,190321,342817,
000088.SZ,000088,20251209,92500000,569803,0,0,S,44500,100,190321,5586,
000088.SZ,000088,20251209,92500000,569804,0,0,S,44500,100,190321,9198,
000088.SZ,000088,20251209,92500000,569805,0,0,S,44500,100,551748,9198,
000088.SZ,000088,20251209,92500000,569806,0,0,S,44500,100,552707,9198,
000088.SZ,000088,20251209,92500000,569807,0,0,S,44500,500,59601,9198,
000088.SZ,000088,20251209,92500000,569808,0,0,S,44500,181,95080,9198,
000088.SZ,000088,20251209,92500000,569809,0,0,S,44500,19,239301,9198,
000088.SZ,000088,20251209,92500000,569810,0,0,S,44500,100,239301,32932,
000088.SZ,000088,20251209,92500000,569811,0,0,S,44500,600,239301,74519,
000088.SZ,000088,20251209,92500000,569812,0,0,S,44500,281,239301,191132,
000088.SZ,000088,20251209,92500000,569813,0,0,S,44500,219,239302,191132,
000088.SZ,000088,20251209,92500000,569814,0,0,B,44500,781,239302,366804,
000088.SZ,000088,20251209,92500000,569815,0,0,B,44500,1000,239303,366804,
000088.SZ,000088,20251209,92500000,569816,0,0,B,44500,519,239305,366804,
000088.SZ,000088,20251209,92500000,569817,0,0,B,44500,181,239305,376616,
000088.SZ,000088,20251209,92500000,569818,0,0,B,44500,819,297921,376616,
000088.SZ,000088,20251209,92500000,569819,0,0,B,44500,2000,297921,479796,
000088.SZ,000088,20251209,93000050,679698,0,0,B,44500,100,297921,679697,
000088.SZ,000088,20251209,93000050,682741,0,0,B,44500,1000,297921,682740,
000088.SZ,000088,20251209,93000060,689440,0,0,B,44500,100,297921,689439,
000088.SZ,000088,20251209,93000060,690954,0,0,B,44500,1600,297921,690953,
000088.SZ,000088,20251209,93000100,710031,C,0, ,0,7800,31388,0,
000088.SZ,000088,20251209,93000430,829246,C,0, ,0,1000,374139,0,
000088.SZ,000088,20251209,93000480,837538,0,0,S,44400,100,837537,10340,
000088.SZ,000088,20251209,93000480,838533,0,0,B,44500,500,297921,838532,
000088.SZ,000088,20251209,93000520,846208,0,0,S,44400,100,846207,10340,
000088.SZ,000088,20251209,93000720,880164,0,0,S,44400,100,880163,10340,
000088.SZ,000088,20251209,93000920,911502,0,0,B,44500,100,297921,911501,
000088.SZ,000088,20251209,93000990,923170,0,0,B,44500,2000,297921,923169,
000088.SZ,000088,20251209,93001330,964045,C,0, ,0,200,682108,0,
000088.SZ,000088,20251209,93001340,964216,C,0, ,0,100,684229,0,
000088.SZ,000088,20251209,93001350,965108,C,0, ,0,100,781189,0,
000088.SZ,000088,20251209,93001380,968008,C,0, ,0,300,688787,0,
000088.SZ,000088,20251209,93001440,972844,C,0, ,0,200,714876,0,
000088.SZ,000088,20251209,93001710,996172,C,0, ,0,2400,27024,0,
000088.SZ,000088,20251209,93002210,1044102,0,0,S,44400,1400,1044101,10340,
000088.SZ,000088,20251209,93002330,1051383,C,0, ,0,500,947747,0,
000088.SZ,000088,20251209,93003290,1113300,0,0,S,44400,800,1113299,10340,
000088.SZ,000088,20251209,93003290,1113306,0,0,S,44400,300,1113305,10340,
000088.SZ,000088,20251209,93003300,1113745,0,0,S,44400,100,1113744,10340,
000088.SZ,000088,20251209,93003970,1149151,0,0,B,44500,200,297921,1149150,
000088.SZ,000088,20251209,93004230,1162102,0,0,S,44400,2100,1162101,10340,
000088.SZ,000088,20251209,93004430,1170047,C,0, ,0,200,289398,0,
000088.SZ,000088,20251209,93004620,1178694,0,0,B,44500,300,297921,1178693,
000088.SZ,000088,20251209,93005760,1216923,C,0, ,0,100,0,887687,
000088.SZ,000088,20251209,93005760,1216926,C,0, ,0,100,872876,0,
000088.SZ,000088,20251209,93006140,1230363,0,0,B,44500,100,297921,1230362,
000088.SZ,000088,20251209,93006350,1235571,0,0,B,44500,100,297921,1235570,
000088.SZ,000088,20251209,93006390,1238276,0,0,S,44400,300,1238275,10340,
000088.SZ,000088,20251209,93006460,1240484,0,0,B,44500,300,297921,1240483,
000088.SZ,000088,20251209,93006530,1241628,C,0, ,0,5800,520016,0,
000088.SZ,000088,20251209,93006560,1242391,0,0,B,44500,100,297921,1242390,
000088.SZ,000088,20251209,93007180,1261312,0,0,B,44500,100,297921,1261311,
000088.SZ,000088,20251209,93007370,1265653,0,0,B,44500,500,297921,1265652,
000088.SZ,000088,20251209,93007680,1274387,C,0, ,0,9000,193749,0,
000088.SZ,000088,20251209,93007690,1275361,C,0, ,0,4500,286151,0,
000088.SZ,000088,20251209,93009190,1301444,0,0,B,44500,100,297921,1301443,
000088.SZ,000088,20251209,93009210,1301768,0,0,B,44500,100,297921,1301767,
000088.SZ,000088,20251209,93009280,1303629,0,0,B,44500,100,297921,1303628,
000088.SZ,000088,20251209,93009950,1319353,C,0, ,0,4000,108581,0,
000088.SZ,000088,20251209,93010690,1334468,C,0, ,0,1500,323008,0,
000088.SZ,000088,20251209,93010700,1334582,0,0,B,44500,100,297921,1334581,
000088.SZ,000088,20251209,93012950,1369060,0,0,B,44500,100,297921,1369059,
000088.SZ,000088,20251209,93013860,1385412,0,0,B,44500,100,297921,1385411,
000088.SZ,000088,20251209,93015080,1400368,0,0,B,44500,300,297921,1400367,
000088.SZ,000088,20251209,93024170,1550940,0,0,S,44400,1000,1550939,10340,
000088.SZ,000088,20251209,93036230,1741295,0,0,S,44400,100,1741294,10340,
000088.SZ,000088,20251209,93036390,1744765,0,0,S,44400,600,1744764,10340,
000088.SZ,000088,20251209,93036390,1744766,0,0,S,44400,1500,1744764,11028,
000088.SZ,000088,20251209,93038280,1781538,0,0,S,44400,1000,1781537,11028,
000088.SZ,000088,20251209,93040440,1823576,0,0,S,44400,100,1823575,11028,
000088.SZ,000088,20251209,93040770,1828815,C,0, ,0,78800,924238,0,
000088.SZ,000088,20251209,93040900,1830898,C,0, ,0,11200,0,1439938,
000088.SZ,000088,20251209,93047510,1957521,0,0,S,44400,200,1957520,11028,
000088.SZ,000088,20251209,93051470,2015697,C,0, ,0,50600,34176,0,
000088.SZ,000088,20251209,93059250,2121463,0,0,B,44500,100,297921,2121462,
000088.SZ,000088,20251209,93059910,2128549,C,0, ,0,3100,680235,0,
000088.SZ,000088,20251209,93100190,2132913,0,0,B,44500,1300,297921,2132912,
000088.SZ,000088,20251209,93100250,2134058,0,0,B,44500,1500,297921,2134057,
000088.SZ,000088,20251209,93100490,2139311,0,0,B,44500,1281,297921,2139310,
000088.SZ,000088,20251209,93100490,2139312,0,0,B,44500,19,409026,2139310,
000088.SZ,000088,20251209,93100490,2139327,0,0,B,44500,300,409026,2139326,
000088.SZ,000088,20251209,93100490,2139334,0,0,B,44500,1200,409026,2139333,
000088.SZ,000088,20251209,93100490,2139341,C,0, ,0,1500,0,1877810,
000088.SZ,000088,20251209,93100490,2139355,0,0,B,44500,481,409026,2139354,
000088.SZ,000088,20251209,93100490,2139356,0,0,B,44500,100,416584,2139354,
000088.SZ,000088,20251209,93100490,2139357,0,0,B,44500,519,527154,2139354,
000088.SZ,000088,20251209,93100490,2139365,0,0,B,44500,600,527154,2139364,
000088.SZ,000088,20251209,93100490,2139374,0,0,B,44500,800,527154,2139373,
000088.SZ,000088,20251209,93100730,2144665,0,0,B,44500,1600,527154,2144664,
000088.SZ,000088,20251209,93100870,2147678,0,0,B,44500,1481,527154,2147677,
000088.SZ,000088,20251209,93100870,2147679,0,0,B,44500,419,685706,2147677,
000088.SZ,000088,20251209,93101190,2153746,0,0,B,44500,381,685706,2153745,
000088.SZ,000088,20251209,93101190,2153747,0,0,B,44500,119,698158,2153745,
000088.SZ,000088,20251209,93101740,2164597,C,0, ,0,581,698158,0,
000088.SZ,000088,20251209,93102150,2170409,C,0, ,0,3200,23390,0,
000088.SZ,000088,20251209,93103450,2189809,0,0,B,44500,400,775676,2189808,
000088.SZ,000088,20251209,93103450,2189810,0,0,B,44500,700,792295,2189808,
000088.SZ,000088,20251209,93103450,2189811,0,0,B,44500,400,835936,2189808,
000088.SZ,000088,20251209,93105470,2221645,0,0,S,44400,100,2221644,11028,
000088.SZ,000088,20251209,93106320,2232675,C,0, ,0,100,1455245,0,
000088.SZ,000088,20251209,93106440,2235115,0,0,S,44400,1500,2235114,11028,
000088.SZ,000088,20251209,93106440,2235116,0,0,S,44400,700,2235114,12194,
000088.SZ,000088,20251209,93106450,2235340,C,0, ,0,100,1752457,0,
000088.SZ,000088,20251209,93110130,2288999,C,0, ,0,35700,34181,0,
000088.SZ,000088,20251209,93110620,2298480,0,0,B,44500,100,839155,2298479,
000088.SZ,000088,20251209,93112260,2319958,C,0, ,0,100,1270238,0,
000088.SZ,000088,20251209,93113830,2345866,0,0,S,44400,4000,2345865,12194,
000088.SZ,000088,20251209,93113870,2346287,0,0,B,44500,100,839155,2346286,
000088.SZ,000088,20251209,93116740,2382930,0,0,B,44500,2300,839155,2382929,
000088.SZ,000088,20251209,93120150,2425984,C,0, ,0,100000,0,2013200,
000088.SZ,000088,20251209,93123070,2463533,0,0,S,44400,200,2463532,12194,
000088.SZ,000088,20251209,93126770,2513494,0,0,S,44400,100,2513493,12194,
000088.SZ,000088,20251209,93127400,2521955,0,0,B,44500,100,839155,2521954,
000088.SZ,000088,20251209,93127400,2521956,0,0,B,44500,1400,845495,2521954,
000088.SZ,000088,20251209,93134710,2613719,0,0,B,44500,100,845495,2613718,
000088.SZ,000088,20251209,93134710,2613720,0,0,B,44500,100,985195,2613718,
000088.SZ,000088,20251209,93134710,2613721,0,0,B,44500,200,1023804,2613718,
000088.SZ,000088,20251209,93136390,2633165,0,0,S,44400,2100,2633164,12194,
000088.SZ,000088,20251209,93139150,2666421,C,0, ,0,100,1301198,0,
000088.SZ,000088,20251209,93140200,2680734,0,0,B,44500,200,1047969,2680733,
000088.SZ,000088,20251209,93146660,2772655,0,0,S,44400,1600,2772654,12194,
000088.SZ,000088,20251209,93146710,2773432,C,0, ,0,400,0,2613716,
000088.SZ,000088,20251209,93146740,2774015,0,0,S,44400,100,2774014,12194,
000088.SZ,000088,20251209,93148510,2795713,0,0,B,44500,200,1047969,2795712,
000088.SZ,000088,20251209,93148510,2795714,0,0,B,44500,400,1048703,2795712,
000088.SZ,000088,20251209,93148510,2795715,0,0,B,44500,400,1049143,2795712,
000088.SZ,000088,20251209,93148510,2795716,0,0,B,44500,100,1074979,2795712,
000088.SZ,000088,20251209,93148510,2795717,0,0,B,44500,1200,1075087,2795712,
000088.SZ,000088,20251209,93148930,2802038,0,0,S,44400,1100,2802037,12194,
000088.SZ,000088,20251209,93149420,2808553,0,0,S,44400,100,2808552,12194,
000088.SZ,000088,20251209,93149420,2808554,0,0,S,44400,2200,2808552,12364,
000088.SZ,000088,20251209,93150210,2818727,0,0,B,44500,200,1075087,2818726,
000088.SZ,000088,20251209,93155640,2884290,0,0,B,44500,1000,1075087,2884289,
000088.SZ,000088,20251209,93158620,2920448,0,0,B,44500,300,1075087,2920447,
000088.SZ,000088,20251209,93159710,2931757,0,0,B,44500,4300,1075087,2931756,
000088.SZ,000088,20251209,93159710,2931758,0,0,B,44500,100,1076551,2931756,
000088.SZ,000088,20251209,93159710,2931759,0,0,B,44500,400,1083088,2931756,
000088.SZ,000088,20251209,93159710,2931760,0,0,B,44500,400,1086957,2931756,
000088.SZ,000088,20251209,93159710,2931761,0,0,B,44500,100,1104942,2931756,
000088.SZ,000088,20251209,93159710,2931762,0,0,B,44500,100,1104950,2931756,
000088.SZ,000088,20251209,93159710,2931763,0,0,B,44500,100,1104956,2931756,
000088.SZ,000088,20251209,93159710,2931764,0,0,B,44500,100,1104987,2931756,
000088.SZ,000088,20251209,93159710,2931765,0,0,B,44500,100,1105043,2931756,
000088.SZ,000088,20251209,93159710,2931766,0,0,B,44500,500,1105160,2931756,
000088.SZ,000088,20251209,93159710,2931767,0,0,B,44500,100,1105291,2931756,
000088.SZ,000088,20251209,93159710,2931768,0,0,B,44500,100,1106450,2931756,
000088.SZ,000088,20251209,93159710,2931769,0,0,B,44500,500,1107937,2931756,
000088.SZ,000088,20251209,93159710,2931770,0,0,B,44500,1200,1109502,2931756,
000088.SZ,000088,20251209,93159710,2931771,0,0,B,44500,1200,1110147,2931756,
000088.SZ,000088,20251209,93159710,2931772,0,0,B,44500,800,1111429,2931756,
000088.SZ,000088,20251209,93200730,2947530,0,0,B,44500,700,1111429,2947529,
000088.SZ,000088,20251209,93205610,3010990,0,0,S,44400,100,3010989,12364,
000088.SZ,000088,20251209,93205690,3012054,0,0,S,44400,100,3012053,12364,
000088.SZ,000088,20251209,93206420,3021138,0,0,S,44400,100,3021137,12364,
000088.SZ,000088,20251209,93206420,3021139,0,0,S,44400,1600,3021137,14479,
000088.SZ,000088,20251209,93208300,3044697,C,0, ,0,9000,2801687,0,
000088.SZ,000088,20251209,93209400,3056582,0,0,B,44500,500,1111429,3056581,
000088.SZ,000088,20251209,93209400,3056583,0,0,B,44500,400,1155118,3056581,
000088.SZ,000088,20251209,93209400,3056584,0,0,B,44500,100,1156577,3056581,
000088.SZ,000088,20251209,93209400,3056585,0,0,B,44500,500,1158163,3056581,
000088.SZ,000088,20251209,93209400,3056586,0,0,B,44500,100,1202651,3056581,
000088.SZ,000088,20251209,93209400,3056587,0,0,B,44500,100,1203192,3056581,
000088.SZ,000088,20251209,93209930,3063061,C,0, ,0,3000,203290,0,
000088.SZ,000088,20251209,93213790,3116088,0,0,B,44500,100,1203192,3116087,
000088.SZ,000088,20251209,93218160,3181634,0,0,S,44400,900,3181633,14479,
000088.SZ,000088,20251209,93218160,3181635,0,0,S,44400,100,3181633,32933,
000088.SZ,000088,20251209,93218160,3181636,0,0,S,44400,500,3181633,37408,
000088.SZ,000088,20251209,93219980,3204855,0,0,S,44400,1000,3204854,37408,
000088.SZ,000088,20251209,93224360,3257940,C,0, ,0,7000,1090924,0,
000088.SZ,000088,20251209,93225640,3276280,0,0,B,44500,100,1203192,3276279,
000088.SZ,000088,20251209,93225640,3276281,0,0,B,44500,900,1203505,3276279,
000088.SZ,000088,20251209,93227390,3296890,0,0,B,44500,500,1203505,3296889,
000088.SZ,000088,20251209,93227390,3296891,0,0,B,44500,100,1203979,3296889,
000088.SZ,000088,20251209,93227390,3296892,0,0,B,44500,200,1205746,3296889,
000088.SZ,000088,20251209,93227390,3296893,0,0,B,44500,100,1240070,3296889,
000088.SZ,000088,20251209,93227390,3296894,0,0,B,44500,100,1241609,3296889,
000088.SZ,000088,20251209,93227390,3296895,0,0,B,44500,700,1292920,3296889,
000088.SZ,000088,20251209,93229380,3321459,C,0, ,0,100,2549043,0,
000088.SZ,000088,20251209,93229400,3321616,C,0, ,0,100,2495452,0,
000088.SZ,000088,20251209,93230050,3328469,C,0, ,0,100,2935647,0,
000088.SZ,000088,20251209,93230380,3332699,0,0,S,44400,100,3332698,37408,
000088.SZ,000088,20251209,93230390,3332760,0,0,S,44400,100,3332759,37408,
000088.SZ,000088,20251209,93231050,3341208,0,0,S,44400,100,3341207,37408,
000088.SZ,000088,20251209,93234000,3377641,0,0,B,44500,100,1292920,3377640,
000088.SZ,000088,20251209,93236420,3405914,0,0,S,44400,1300,3405913,37408,
000088.SZ,000088,20251209,93236640,3409459,C,0, ,0,2500,14477,0,
000088.SZ,000088,20251209,93244980,3503253,0,0,S,44400,3200,3503252,37408,
000088.SZ,000088,20251209,93244980,3503254,0,0,S,44400,100,3503252,94917,
000088.SZ,000088,20251209,93244980,3503255,0,0,S,44400,200,3503252,159284,
000088.SZ,000088,20251209,93244980,3503256,0,0,S,44400,100,3503252,186995,
000088.SZ,000088,20251209,93244980,3503257,0,0,S,44400,700,3503252,221548,
000088.SZ,000088,20251209,93245460,3508717,0,0,B,44500,300,1292920,3508716,
000088.SZ,000088,20251209,93245460,3508718,0,0,B,44500,100,1303143,3508716,
000088.SZ,000088,20251209,93245460,3508719,0,0,B,44500,100,1347216,3508716,
000088.SZ,000088,20251209,93245460,3508720,0,0,B,44500,1300,1359617,3508716,
000088.SZ,000088,20251209,93248190,3535900,C,0, ,0,100,1915981,0,
000088.SZ,000088,20251209,93249250,3548422,0,0,B,44500,400,1359617,3548421,
000088.SZ,000088,20251209,93249750,3554329,0,0,S,44400,300,3554328,221548,
000088.SZ,000088,20251209,93249770,3554512,C,0, ,0,100,2461860,0,
000088.SZ,000088,20251209,93249900,3555726,0,0,B,44500,200,1359617,3555725,
000088.SZ,000088,20251209,93251880,3576273,C,0, ,0,100,0,1149262,
000088.SZ,000088,20251209,93254270,3601111,0,0,B,44500,100,1359617,3601110,
000088.SZ,000088,20251209,93254380,3602211,0,0,B,44500,100,1359617,3602210,
000088.SZ,000088,20251209,93254430,3602626,0,0,B,44500,500,1359617,3602625,
000088.SZ,000088,20251209,93255640,3615765,0,0,B,44500,1000,1359617,3615764,
000088.SZ,000088,20251209,93257220,3631843,C,0, ,0,100,0,2051825,
000088.SZ,000088,20251209,93259260,3653751,C,0, ,0,400,0,3548423,
000088.SZ,000088,20251209,93300300,3664730,0,0,S,44400,200,3664729,221548,
000088.SZ,000088,20251209,93302460,3691411,0,0,B,44500,100,1359617,3691410,
000088.SZ,000088,20251209,93303400,3701152,0,0,B,44500,300,1359617,3701151,
000088.SZ,000088,20251209,93303400,3701153,0,0,B,44500,100,1390973,3701151,
000088.SZ,000088,20251209,93303400,3701154,0,0,B,44500,100,1402487,3701151,
000088.SZ,000088,20251209,93303400,3701155,0,0,B,44500,100,1402494,3701151,
000088.SZ,000088,20251209,93303400,3701156,0,0,B,44500,100,1402519,3701151,
000088.SZ,000088,20251209,93303400,3701157,0,0,B,44500,100,1420529,3701151,
000088.SZ,000088,20251209,93303400,3701158,0,0,B,44500,100,1456107,3701151,
000088.SZ,000088,20251209,93303400,3701159,0,0,B,44500,700,1534938,3701151,
000088.SZ,000088,20251209,93303400,3701160,0,0,B,44500,100,1596549,3701151,
000088.SZ,000088,20251209,93303510,3702460,0,0,B,44500,400,1596549,3702459,
000088.SZ,000088,20251209,93303510,3702461,0,0,B,44500,500,1596704,3702459,
000088.SZ,000088,20251209,93303520,3702608,0,0,B,44500,600,1596704,3702607,
000088.SZ,000088,20251209,93303530,3702705,C,0, ,0,6900,2130373,0,
000088.SZ,000088,20251209,93304690,3717254,C,0, ,0,27200,0,1266851,
000088.SZ,000088,20251209,93304800,3718459,0,0,B,44500,1600,1596704,3718458,
000088.SZ,000088,20251209,93304800,3718460,0,0,B,44500,6900,1596820,3718458,
000088.SZ,000088,20251209,93304800,3718461,0,0,B,44500,1000,1598105,3718458,
000088.SZ,000088,20251209,93304800,3718462,0,0,B,44500,2600,1598107,3718458,
000088.SZ,000088,20251209,93304800,3718463,0,0,B,44500,1900,1632590,3718458,
000088.SZ,000088,20251209,93304800,3718464,0,0,B,44500,1000,1695152,3718458,
000088.SZ,000088,20251209,93304800,3718465,0,0,B,44500,700,1732028,3718458,
000088.SZ,000088,20251209,93304800,3718466,0,0,B,44500,10000,1790140,3718458,
000088.SZ,000088,20251209,93304800,3718467,0,0,B,44500,1200,1872033,3718458,
000088.SZ,000088,20251209,93304800,3718468,0,0,B,44500,4200,2084137,3718458,
000088.SZ,000088,20251209,93304800,3718469,0,0,B,44500,5700,2084247,3718458,
000088.SZ,000088,20251209,93304800,3718470,0,0,B,44500,1000,2085321,3718458,
000088.SZ,000088,20251209,93305390,3725587,0,0,B,44500,500,2085321,3725586,
000088.SZ,000088,20251209,93305710,3728836,0,0,S,44400,2400,3728835,221548,
000088.SZ,000088,20251209,93305940,3731101,0,0,B,44500,900,2085321,3731100,
000088.SZ,000088,20251209,93305940,3731102,0,0,B,44500,200,2085322,3731100,
000088.SZ,000088,20251209,93306420,3736959,0,0,S,44400,1200,3736958,221548,
000088.SZ,000088,20251209,93307840,3754229,0,0,B,44500,1500,2085322,3754228,
000088.SZ,000088,20251209,93308890,3765965,C,0, ,0,27000,0,148402,
000088.SZ,000088,20251209,93313040,3808669,0,0,B,44500,3900,2085322,3808668,
000088.SZ,000088,20251209,93313040,3808670,0,0,B,44500,300,2202034,3808668,
000088.SZ,000088,20251209,93313860,3818010,0,0,B,44500,700,2202034,3818009,
000088.SZ,000088,20251209,93313860,3818011,0,0,B,44500,100,2202035,3818009,
000088.SZ,000088,20251209,93313860,3818012,0,0,B,44500,200,2220742,3818009,
000088.SZ,000088,20251209,93314860,3827676,0,0,B,44500,1000,2220742,3827675,
000088.SZ,000088,20251209,93315720,3836824,C,0, ,0,2900,0,3439837,
000088.SZ,000088,20251209,93320980,3888837,0,0,B,44500,100,2220742,3888836,
000088.SZ,000088,20251209,93320980,3888838,0,0,B,44500,100,2221009,3888836,
000088.SZ,000088,20251209,93320980,3888839,0,0,B,44500,100,2225627,3888836,
000088.SZ,000088,20251209,93320980,3888840,0,0,B,44500,100,2232454,3888836,
000088.SZ,000088,20251209,93320980,3888841,0,0,B,44500,100,2233716,3888836,
000088.SZ,000088,20251209,93320980,3888842,0,0,B,44500,1200,2265705,3888836,
000088.SZ,000088,20251209,93320980,3888843,0,0,B,44500,100,2275123,3888836,
000088.SZ,000088,20251209,93320980,3888844,0,0,B,44500,1100,2294342,3888836,
000088.SZ,000088,20251209,93325800,3936083,0,0,B,44500,1000,2294342,3936082,
000088.SZ,000088,20251209,93325800,3936105,C,0, ,0,4400,116989,0,
000088.SZ,000088,20251209,93327420,3950956,0,0,B,44500,300,2294342,3950955,
000088.SZ,000088,20251209,93327420,3950957,0,0,B,44500,1200,2301034,3950955,
000088.SZ,000088,20251209,93336380,4035156,0,0,S,44400,2100,4035155,221548,
000088.SZ,000088,20251209,93336950,4040585,0,0,S,44400,1400,4040584,221548,
000088.SZ,000088,20251209,93338320,4054793,C,0, ,0,5000,0,494578,
000088.SZ,000088,20251209,93342070,4092579,0,0,S,44400,100,4092578,221548,
000088.SZ,000088,20251209,93342410,4096636,0,0,B,44500,100,2305502,4096635,
000088.SZ,000088,20251209,93342410,4096637,0,0,B,44500,1200,2339838,4096635,
000088.SZ,000088,20251209,93342410,4096638,0,0,B,44500,500,2340342,4096635,
000088.SZ,000088,20251209,93346040,4133730,0,0,B,44500,1200,2340342,4133729,
000088.SZ,000088,20251209,93346570,4139729,0,0,B,44500,200,2340342,4139728,
000088.SZ,000088,20251209,93346570,4139730,0,0,B,44500,300,2364102,4139728,
000088.SZ,000088,20251209,93348360,4157808,0,0,S,44400,116,4157807,221548,
000088.SZ,000088,20251209,93349670,4172223,C,0, ,0,700,0,1000501,
000088.SZ,000088,20251209,93351250,4186865,0,0,S,44400,1200,4186864,221548,
000088.SZ,000088,20251209,93352650,4201334,0,0,B,44500,900,2364102,4201333,
000088.SZ,000088,20251209,93352650,4201335,0,0,B,44500,300,2375145,4201333,
000088.SZ,000088,20251209,93352650,4201336,0,0,B,44500,100,2400715,4201333,
000088.SZ,000088,20251209,93352650,4201337,0,0,B,44500,100,2414312,4201333,
000088.SZ,000088,20251209,93352650,4201338,0,0,B,44500,2000,2426841,4201333,
000088.SZ,000088,20251209,93352720,4201944,0,0,S,44400,300,4201943,221548,
000088.SZ,000088,20251209,93353200,4206314,C,0, ,0,1000,396353,0,
000088.SZ,000088,20251209,93353890,4212576,0,0,B,44500,1100,2426841,4212575,
000088.SZ,000088,20251209,93355720,4231151,0,0,B,44500,100,2437892,4231150,
000088.SZ,000088,20251209,93355720,4231152,0,0,B,44500,900,2442767,4231150,
000088.SZ,000088,20251209,93355820,4232038,C,0, ,0,61000,4028009,0,
000088.SZ,000088,20251209,93404110,4314440,0,0,B,44500,700,2442767,4314439,
000088.SZ,000088,20251209,93404120,4314506,0,0,B,44500,100,2442767,4314505,
000088.SZ,000088,20251209,93404120,4314508,0,0,B,44500,100,2442767,4314507,
000088.SZ,000088,20251209,93404120,4314513,0,0,B,44500,100,2442767,4314512,
000088.SZ,000088,20251209,93404130,4314528,0,0,B,44500,100,2442767,4314527,
000088.SZ,000088,20251209,93404130,4314564,0,0,B,44500,100,2442767,4314563,
000088.SZ,000088,20251209,93404130,4314610,C,0, ,0,6900,3869422,0,
000088.SZ,000088,20251209,93406290,4335560,0,0,B,44500,300,2442767,4335559,
000088.SZ,000088,20251209,93406290,4335561,0,0,B,44500,100,2504742,4335559,
000088.SZ,000088,20251209,93406350,4336190,0,0,S,44400,2100,4336189,221548,
000088.SZ,000088,20251209,93406410,4336778,0,0,B,44500,400,2504742,4336777,
000088.SZ,000088,20251209,93406410,4336779,0,0,B,44500,100,2518305,4336777,
000088.SZ,000088,20251209,93406410,4336780,0,0,B,44500,100,2613841,4336777,
000088.SZ,000088,20251209,93406410,4336781,0,0,B,44500,1200,2633461,4336777,
000088.SZ,000088,20251209,93406410,4336782,0,0,B,44500,500,2635221,4336777,
000088.SZ,000088,20251209,93407580,4348623,0,0,S,44400,100,4348622,221548,
000088.SZ,000088,20251209,93408080,4353538,0,0,B,44500,100,2635221,4353537,
000088.SZ,000088,20251209,93408080,4353539,0,0,B,44500,1300,2639817,4353537,
000088.SZ,000088,20251209,93411970,4389359,0,0,B,44500,100,2639817,4389358,
000088.SZ,000088,20251209,93412060,4390129,0,0,B,44500,100,2639817,4390128,
000088.SZ,000088,20251209,93412760,4396594,0,0,S,44400,700,4396593,221548,
000088.SZ,000088,20251209,93415300,4419866,C,0, ,0,2300,0,3940450,
000088.SZ,000088,20251209,93416290,4429965,C,0, ,0,400,0,4335563,
000088.SZ,000088,20251209,93418240,4447015,C,0, ,0,2000,907683,0,
000088.SZ,000088,20251209,93421190,4474265,C,0, ,0,300,0,4427989,
000088.SZ,000088,20251209,93424220,4501761,C,0, ,0,200,3800507,0,
000088.SZ,000088,20251209,93424220,4501765,C,0, ,0,100,3800653,0,
000088.SZ,000088,20251209,93424220,4501786,C,0, ,0,100,3800523,0,
000088.SZ,000088,20251209,93424220,4501794,C,0, ,0,100,3800522,0,
000088.SZ,000088,20251209,93424230,4501888,C,0, ,0,100,3800503,0,
000088.SZ,000088,20251209,93424260,4502250,C,0, ,0,1200,3801486,0,
000088.SZ,000088,20251209,93424260,4502266,C,0, ,0,500,4447774,0,
000088.SZ,000088,20251209,93425360,4512553,0,0,S,44400,400,4512552,221548,
000088.SZ,000088,20251209,93425700,4515944,0,0,B,44500,100,2648660,4515943,
000088.SZ,000088,20251209,93425700,4515945,0,0,B,44500,900,2740664,4515943,
000088.SZ,000088,20251209,93427480,4530651,0,0,B,44500,1600,2740664,4530650,
000088.SZ,000088,20251209,93429420,4547744,C,0, ,0,600,0,956524,
000088.SZ,000088,20251209,93430430,4556264,0,0,B,44500,600,2740664,4556263,
000088.SZ,000088,20251209,93431320,4565026,0,0,S,44400,100,4565025,221548,
000088.SZ,000088,20251209,93436340,4608227,0,0,S,44400,2200,4608226,221548,
000088.SZ,000088,20251209,93436350,4608296,C,0, ,0,100,4351164,0,
000088.SZ,000088,20251209,93440070,4639617,0,0,B,44500,100,2740664,4639616,
000088.SZ,000088,20251209,93442450,4660196,0,0,B,44500,1700,2740664,4660195,
000088.SZ,000088,20251209,93444280,4675854,0,0,S,44400,9000,4675853,221548,
000088.SZ,000088,20251209,93446420,4694634,0,0,S,44400,1400,4694633,221548,
000088.SZ,000088,20251209,93452060,4742400,0,0,S,44400,100,4742399,221548,
000088.SZ,000088,20251209,93452230,4743870,C,0, ,0,1500,0,4644862,
000088.SZ,000088,20251209,93452770,4748520,0,0,B,44500,100,2740664,4748519,
000088.SZ,000088,20251209,93453670,4755726,0,0,S,44400,700,4755725,221548,
000088.SZ,000088,20251209,93455690,4775096,0,0,B,44500,1000,2740664,4775095,
000088.SZ,000088,20251209,93457610,4792261,C,0, ,0,2100,4455833,0,
000088.SZ,000088,20251209,93457750,4793614,0,0,S,44400,1200,4793613,221548,
000088.SZ,000088,20251209,93459290,4807993,C,0, ,0,1100,0,510609,
000088.SZ,000088,20251209,93459330,4808375,0,0,S,44400,1200,4808374,221548,
000088.SZ,000088,20251209,93500060,4814350,0,0,S,44400,100,4814349,221548,
000088.SZ,000088,20251209,93500510,4820437,0,0,B,44500,1600,2740664,4820436,
000088.SZ,000088,20251209,93501400,4832444,0,0,S,44400,100,4832443,221548,
000088.SZ,000088,20251209,93503490,4853368,C,0, ,0,5000,0,4715989,
000088.SZ,000088,20251209,93505270,4876940,0,0,S,44400,300,4876939,221548,
000088.SZ,000088,20251209,93505390,4878548,0,0,S,44400,100,4878547,221548,
000088.SZ,000088,20251209,93506200,4888097,0,0,B,44500,100,2740664,4888096,
000088.SZ,000088,20251209,93506340,4890439,0,0,S,44400,2100,4890438,221548,
000088.SZ,000088,20251209,93507240,4901254,C,0, ,0,100,0,1492406,
000088.SZ,000088,20251209,93509170,4921607,0,0,B,44500,100,2740664,4921606,
000088.SZ,000088,20251209,93509190,4921804,0,0,B,44500,200,2740664,4921803,
000088.SZ,000088,20251209,93509190,4921805,0,0,B,44500,100,2772616,4921803,
000088.SZ,000088,20251209,93509190,4921806,0,0,B,44500,700,2802594,4921803,
000088.SZ,000088,20251209,93511610,4952293,0,0,S,44400,100,4952292,221548,
000088.SZ,000088,20251209,93512160,4965135,0,0,B,44500,100,2802594,4965134,
000088.SZ,000088,20251209,93512400,4968317,C,0, ,0,600,0,4817452,
000088.SZ,000088,20251209,93512410,4968492,0,0,B,44500,100,2802594,4968491,
000088.SZ,000088,20251209,93515870,5013637,C,0, ,0,40800,286430,0,
000088.SZ,000088,20251209,93516310,5018270,0,0,S,44400,4800,5018269,221548,
000088.SZ,000088,20251209,93517250,5027194,0,0,S,44400,900,5027193,221548,
000088.SZ,000088,20251209,93517500,5029576,C,0, ,0,2400,27403,0,
000088.SZ,000088,20251209,93518240,5036253,C,0, ,0,500,4554566,0,
000088.SZ,000088,20251209,93518400,5037859,C,0, ,0,300,0,5007698,
000088.SZ,000088,20251209,93518400,5037861,0,0,B,44500,100,2802594,5037860,
000088.SZ,000088,20251209,93518400,5037862,0,0,B,44500,100,2969293,5037860,
000088.SZ,000088,20251209,93519130,5044496,0,0,B,44500,200,2969293,5044495,
000088.SZ,000088,20251209,93521170,5063290,0,0,B,44500,100,2969293,5063289,
000088.SZ,000088,20251209,93521170,5063291,0,0,B,44500,100,2974411,5063289,
000088.SZ,000088,20251209,93521360,5065286,C,0, ,0,58900,845542,0,
000088.SZ,000088,20251209,93521390,5065585,0,0,B,44500,1600,2974411,5065584,
000088.SZ,000088,20251209,93521390,5065586,0,0,B,44500,100,2990497,5065584,
000088.SZ,000088,20251209,93521390,5065587,0,0,B,44500,100,3005193,5065584,
000088.SZ,000088,20251209,93521870,5069731,C,0, ,0,5000,0,1093363,
000088.SZ,000088,20251209,93522320,5074132,0,0,B,44500,100,3005193,5074131,
000088.SZ,000088,20251209,93522320,5074133,0,0,B,44500,100,3008502,5074131,
000088.SZ,000088,20251209,93522320,5074134,0,0,B,44500,200,3018816,5074131,
000088.SZ,000088,20251209,93523050,5081077,0,0,B,44500,400,3018816,5081076,
000088.SZ,000088,20251209,93523050,5081078,0,0,B,44500,1100,3025620,5081076,
000088.SZ,000088,20251209,93523050,5081079,0,0,B,44500,400,3048105,5081076,
000088.SZ,000088,20251209,93523050,5081080,0,0,B,44500,100,3104498,5081076,
000088.SZ,000088,20251209,93523050,5081081,0,0,B,44500,100,3162831,5081076,
000088.SZ,000088,20251209,93523050,5081082,0,0,B,44500,400,3205350,5081076,
000088.SZ,000088,20251209,93523050,5081083,0,0,B,44500,7500,3206974,5081076,
000088.SZ,000088,20251209,93523420,5084617,C,0, ,0,100,94911,0,
000088.SZ,000088,20251209,93523430,5084686,0,0,B,44500,100,3206974,5084685,
000088.SZ,000088,20251209,93523430,5084690,0,0,B,44500,100,3206974,5084689,
000088.SZ,000088,20251209,93525720,5105504,0,0,B,44500,1000,3206974,5105503,
000088.SZ,000088,20251209,93527240,5118631,0,0,B,44500,100,3206974,5118630,
000088.SZ,000088,20251209,93529300,5138258,C,0, ,0,100,3920240,0,
000088.SZ,000088,20251209,93529350,5138739,C,0, ,0,100,3931254,0,
000088.SZ,000088,20251209,93529370,5138887,C,0, ,0,300,3921007,0,
000088.SZ,000088,20251209,93529370,5138889,C,0, ,0,300,3911954,0,
000088.SZ,000088,20251209,93529390,5138990,0,0,S,44400,1100,5138989,221548,
000088.SZ,000088,20251209,93529440,5139389,C,0, ,0,100,3921400,0,
000088.SZ,000088,20251209,93530060,5143894,C,0, ,0,200,4082780,0,
000088.SZ,000088,20251209,93530220,5145189,C,0, ,0,100,4528791,0,
000088.SZ,000088,20251209,93530220,5145190,C,0, ,0,100,4528784,0,
000088.SZ,000088,20251209,93530220,5145192,C,0, ,0,100,4528803,0,
000088.SZ,000088,20251209,93530220,5145193,C,0, ,0,100,4528789,0,
000088.SZ,000088,20251209,93530230,5145221,C,0, ,0,100,4528813,0,
000088.SZ,000088,20251209,93530280,5145858,C,0, ,0,1200,4529876,0,
000088.SZ,000088,20251209,93530310,5146207,0,0,S,44400,100,5146206,221548,
000088.SZ,000088,20251209,93530350,5146761,0,0,S,44400,100,5146760,221548,
000088.SZ,000088,20251209,93530370,5146978,0,0,S,44400,300,5146977,221548,
000088.SZ,000088,20251209,93530370,5146984,0,0,S,44400,300,5146983,221548,
000088.SZ,000088,20251209,93530430,5147529,0,0,S,44400,100,5147528,221548,
000088.SZ,000088,20251209,93531060,5153660,0,0,S,44400,200,5153659,221548,
000088.SZ,000088,20251209,93531070,5153887,C,0, ,0,200,4937457,0,
000088.SZ,000088,20251209,93531960,5162613,C,0, ,0,1200,3824422,0,
000088.SZ,000088,20251209,93532820,5170022,C,0, ,0,400,0,5074137,
000088.SZ,000088,20251209,93536350,5203846,0,0,S,44400,84,5203845,221548,
000088.SZ,000088,20251209,93536350,5203847,0,0,S,44400,200,5203845,235373,
000088.SZ,000088,20251209,93536350,5203848,0,0,S,44400,1416,5203845,263006,
000088.SZ,000088,20251209,93538780,5229374,0,0,B,44500,200,3206974,5229373,
000088.SZ,000088,20251209,93538780,5229375,0,0,B,44500,100,3281732,5229373,
000088.SZ,000088,20251209,93538780,5229376,0,0,B,44500,100,3281951,5229373,
000088.SZ,000088,20251209,93538780,5229377,0,0,B,44500,500,3431370,5229373,
000088.SZ,000088,20251209,93541020,5256613,C,0, ,0,2200,0,4143230,
000088.SZ,000088,20251209,93542760,5274782,C,0, ,0,100,3924993,0,
000088.SZ,000088,20251209,93544000,5286037,0,0,S,44400,100,5286036,263006,
000088.SZ,000088,20251209,93546380,5308141,C,0, ,0,1600,0,4855489,
000088.SZ,000088,20251209,93555820,5400598,0,0,B,44500,400,3431370,5400597,
000088.SZ,000088,20251209,93555820,5400599,0,0,B,44500,600,3446111,5400597,
000088.SZ,000088,20251209,93557200,5411017,0,0,B,44500,100,3446111,5411016,
000088.SZ,000088,20251209,93557210,5411124,0,0,B,44500,100,3446111,5411123,
000088.SZ,000088,20251209,93557410,5413115,0,0,B,44500,400,3446111,5413114,
000088.SZ,000088,20251209,93557410,5413116,0,0,B,44500,2400,3449259,5413114,
000088.SZ,000088,20251209,93558400,5421907,0,0,S,44400,100,5421906,263006,
000088.SZ,000088,20251209,93559150,5427992,0,0,B,44500,200,3449259,5427991,
000088.SZ,000088,20251209,93602010,5461914,C,0, ,0,100,0,3266521,
000088.SZ,000088,20251209,93603260,5474642,0,0,B,44500,100,3449259,5474641,
000088.SZ,000088,20251209,93603320,5475794,0,0,B,44500,100,3449259,5475793,
000088.SZ,000088,20251209,93603360,5476285,0,0,S,44400,100,5476284,263006,
000088.SZ,000088,20251209,93605290,5496420,0,0,S,44400,100,5496419,263006,
000088.SZ,000088,20251209,93605320,5496774,0,0,S,44400,100,5496773,263006,
000088.SZ,000088,20251209,93605330,5496853,0,0,S,44400,100,5496852,263006,
000088.SZ,000088,20251209,93605380,5497423,0,0,S,44400,100,5497422,263006,
000088.SZ,000088,20251209,93605390,5497525,0,0,S,44400,200,5497524,263006,
000088.SZ,000088,20251209,93606280,5506615,0,0,B,44500,100,3449259,5506614,
000088.SZ,000088,20251209,93606290,5506699,0,0,S,44400,100,5506698,263006,
000088.SZ,000088,20251209,93606350,5507469,0,0,S,44400,1200,5507468,263006,
000088.SZ,000088,20251209,93611740,5562324,0,0,S,44400,500,5562323,263006,
000088.SZ,000088,20251209,93612290,5567459,0,0,B,44500,100,3449259,5567458,
000088.SZ,000088,20251209,93613670,5581444,0,0,S,44400,300,5581443,263006,
000088.SZ,000088,20251209,93621260,5654621,C,0, ,0,131600,88589,0,
000088.SZ,000088,20251209,93623130,5670430,C,0, ,0,4500,0,4708011,
000088.SZ,000088,20251209,93623680,5674317,0,0,S,44400,400,5674316,263006,
000088.SZ,000088,20251209,93624190,5678083,0,0,S,44400,2000,5678082,263006,
000088.SZ,000088,20251209,93625680,5691801,0,0,B,44500,1000,3449259,5691800,
000088.SZ,000088,20251209,93625730,5692131,0,0,S,44400,600,5692130,263006,
000088.SZ,000088,20251209,93627410,5706396,0,0,B,44500,1000,3449259,5706395,
000088.SZ,000088,20251209,93627410,5706397,0,0,B,44500,600,3465054,5706395,
000088.SZ,000088,20251209,93628400,5715380,0,0,S,44400,200,5715379,263006,
000088.SZ,000088,20251209,93630230,5729869,C,0, ,0,100,4528422,0,
000088.SZ,000088,20251209,93631250,5739403,C,0, ,0,100,0,13918,
000088.SZ,000088,20251209,93633570,5757442,0,0,B,44500,100,3465054,5757441,
000088.SZ,000088,20251209,93633700,5758634,0,0,S,44400,400,5758633,263006,
000088.SZ,000088,20251209,93636320,5780598,0,0,B,44500,500,3465054,5780597,
000088.SZ,000088,20251209,93636320,5780599,0,0,B,44500,100,3708753,5780597,
000088.SZ,000088,20251209,93636320,5780600,0,0,B,44500,1900,3741945,5780597,
000088.SZ,000088,20251209,93636350,5780787,0,0,S,44400,2200,5780786,263006,
000088.SZ,000088,20251209,93636380,5781002,C,0, ,0,1000,5526665,0,
000088.SZ,000088,20251209,93640350,5811500,0,0,B,44500,400,3741945,5811499,
000088.SZ,000088,20251209,93642800,5830202,0,0,B,44500,100,3741945,5830201,
000088.SZ,000088,20251209,93642800,5830203,0,0,B,44500,100,3743943,5830201,
000088.SZ,000088,20251209,93642800,5830204,0,0,B,44500,100,3744173,5830201,
000088.SZ,000088,20251209,93642800,5830205,0,0,B,44500,700,3763130,5830201,
000088.SZ,000088,20251209,93642800,5830209,C,0, ,0,1000,0,5796697,
000088.SZ,000088,20251209,93643690,5837534,0,0,S,44400,300,5837533,263006,
000088.SZ,000088,20251209,93643910,5839151,0,0,S,44400,100,5839150,263006,
000088.SZ,000088,20251209,93644250,5841513,0,0,S,44400,500,5841512,263006,
000088.SZ,000088,20251209,93646250,5856710,0,0,B,44500,100,3763130,5856709,
000088.SZ,000088,20251209,93652360,5903778,C,0, ,0,400,0,5811498,
000088.SZ,000088,20251209,93653690,5914476,0,0,S,44400,400,5914475,263006,
000088.SZ,000088,20251209,93653700,5914546,0,0,S,44400,2100,5914545,263006,
000088.SZ,000088,20251209,93654380,5920389,0,0,B,44500,100,3763130,5920388,
000088.SZ,000088,20251209,93654380,5920390,0,0,B,44500,1200,3776023,5920388,
000088.SZ,000088,20251209,93654380,5920391,0,0,B,44500,600,3806557,5920388,
000088.SZ,000088,20251209,93655090,5926135,C,0, ,0,5300,778805,0,
000088.SZ,000088,20251209,93657700,5947676,0,0,S,44400,1200,5947675,263006,
000088.SZ,000088,20251209,93658430,5953068,0,0,S,44400,200,5953067,263006,
000088.SZ,000088,20251209,93701770,5983654,0,0,S,44400,800,5983653,263006,
000088.SZ,000088,20251209,93701770,5983674,C,0, ,0,100,0,3725309,
000088.SZ,000088,20251209,93703380,5997969,C,0, ,0,3600,0,4855495,
000088.SZ,000088,20251209,93703690,6001152,0,0,S,44400,400,6001151,263006,
000088.SZ,000088,20251209,93706400,6024856,0,0,S,44400,1200,6024855,263006,
000088.SZ,000088,20251209,93707030,6029699,C,0, ,0,1300,0,3708492,
000088.SZ,000088,20251209,93707570,6034034,0,0,S,44400,200,6034033,263006,
000088.SZ,000088,20251209,93709190,6046126,0,0,S,44400,100,6046125,263006,
000088.SZ,000088,20251209,93713710,6085129,0,0,S,44400,284,6085128,263006,
000088.SZ,000088,20251209,93713710,6085130,0,0,S,44400,16,6085128,263008,
000088.SZ,000088,20251209,93715500,6099799,0,0,S,44400,2400,6099798,263008,
000088.SZ,000088,20251209,93716280,6106751,0,0,S,44400,600,6106750,263008,
000088.SZ,000088,20251209,93718300,6121936,C,0, ,0,200,0,1648084,
000088.SZ,000088,20251209,93718440,6123046,0,0,B,44500,1800,3806557,6123045,
000088.SZ,000088,20251209,93718440,6123047,0,0,B,44500,100,3837591,6123045,
000088.SZ,000088,20251209,93719230,6129218,0,0,B,44500,100,3837591,6129217,
000088.SZ,000088,20251209,93723770,6165673,0,0,S,44400,400,6165672,263008,
000088.SZ,000088,20251209,93725120,6176280,C,0, ,0,1500,1639159,0,
000088.SZ,000088,20251209,93728410,6201054,0,0,S,44400,200,6201053,263008,
000088.SZ,000088,20251209,93730600,6216216,0,0,S,44400,1000,6216215,263008,
000088.SZ,000088,20251209,93731640,6223838,0,0,S,44400,100,6223837,263008,
000088.SZ,000088,20251209,93732730,6232372,C,0, ,0,5000,0,5376024,
000088.SZ,000088,20251209,93732740,6232410,0,0,S,44400,200,6232409,263008,
000088.SZ,000088,20251209,93732820,6232852,0,0,B,44500,100,3837591,6232851,
000088.SZ,000088,20251209,93733700,6239438,0,0,S,44400,400,6239437,263008,
000088.SZ,000088,20251209,93733780,6240203,C,0, ,0,100,0,1419124,
000088.SZ,000088,20251209,93733880,6241077,C,0, ,0,100,3916071,0,
000088.SZ,000088,20251209,93734440,6245643,C,0, ,0,700,0,1574746,
000088.SZ,000088,20251209,93735020,6249796,C,0, ,0,400,0,1320572,
000088.SZ,000088,20251209,93736430,6260218,0,0,S,44400,2100,6260217,263008,
000088.SZ,000088,20251209,93736450,6260363,0,0,B,44500,100,3837591,6260362,
000088.SZ,000088,20251209,93736460,6260376,0,0,B,44500,100,3837591,6260375,
000088.SZ,000088,20251209,93736460,6260380,0,0,B,44500,100,3837591,6260379,
000088.SZ,000088,20251209,93736460,6260395,0,0,B,44500,100,3837591,6260394,
000088.SZ,000088,20251209,93736460,6260406,0,0,B,44500,100,3837591,6260405,
000088.SZ,000088,20251209,93736490,6260620,0,0,B,44500,100,3837591,6260619,
000088.SZ,000088,20251209,93736490,6260623,0,0,B,44500,100,3837591,6260622,
000088.SZ,000088,20251209,93736500,6260634,0,0,B,44500,100,3837591,6260633,
000088.SZ,000088,20251209,93737200,6265868,0,0,S,44400,800,6265867,263008,
000088.SZ,000088,20251209,93739450,6281083,0,0,B,44500,1300,3837591,6281082,
000088.SZ,000088,20251209,93739450,6281084,0,0,B,44500,100,3844011,6281082,
000088.SZ,000088,20251209,93739450,6281085,0,0,B,44500,1400,3855784,6281082,
000088.SZ,000088,20251209,93739480,6281250,0,0,B,44500,100,3855784,6281249,
000088.SZ,000088,20251209,93739780,6283563,C,0, ,0,400,0,1474528,
000088.SZ,000088,20251209,93740060,6285463,C,0, ,0,200,0,1562996,
000088.SZ,000088,20251209,93740300,6287139,0,0,S,44400,500,6287138,263008,
000088.SZ,000088,20251209,93742400,6302756,0,0,B,44500,1800,3855784,6302755,
000088.SZ,000088,20251209,93743190,6308869,0,0,B,44500,100,3855784,6308868,
000088.SZ,000088,20251209,93743680,6313413,0,0,S,44400,300,6313412,263008,
000088.SZ,000088,20251209,93747450,6342646,0,0,B,44500,700,3855784,6342645,
000088.SZ,000088,20251209,93748010,6346080,0,0,B,44500,400,3855784,6346079,
000088.SZ,000088,20251209,93749810,6362982,0,0,B,44500,100,3855784,6362981,
000088.SZ,000088,20251209,93751790,6377490,0,0,B,44500,400,3855784,6377489,
000088.SZ,000088,20251209,93751890,6378117,0,0,B,44500,400,3869174,6378116,
000088.SZ,000088,20251209,93752270,6380892,0,0,B,44500,100,3869174,6380891,
000088.SZ,000088,20251209,93752280,6381051,0,0,B,44500,100,3869174,6381050,
000088.SZ,000088,20251209,93752600,6383670,0,0,S,44400,100,6383669,263008,
000088.SZ,000088,20251209,93753700,6391028,0,0,S,44400,400,6391027,263008,
000088.SZ,000088,20251209,93754660,6398051,C,0, ,0,200,0,1773867,
000088.SZ,000088,20251209,93755380,6403996,C,0, ,0,200,5941291,0,
000088.SZ,000088,20251209,93755390,6404105,0,0,B,44500,700,3869174,6404104,
000088.SZ,000088,20251209,93755390,6404106,0,0,B,44500,1200,3896655,6404104,
000088.SZ,000088,20251209,93757070,6417255,0,0,B,44500,100,3897938,6417254,
000088.SZ,000088,20251209,93757070,6417256,0,0,B,44500,100,3906969,6417254,
000088.SZ,000088,20251209,93758400,6429962,0,0,S,44400,300,6429961,263008,
000088.SZ,000088,20251209,93758650,6432016,C,0, ,0,10000,1820271,0,
000088.SZ,000088,20251209,93800300,6444433,C,0, ,0,1400,0,5815361,
000088.SZ,000088,20251209,93801760,6459378,0,0,S,44400,184,6459377,263008,
000088.SZ,000088,20251209,93801760,6459379,0,0,S,44400,316,6459377,263009,
000088.SZ,000088,20251209,93801950,6461303,0,0,S,44400,300,6461302,263009,
000088.SZ,000088,20251209,93802250,6464432,0,0,S,44400,200,6464431,263009,
000088.SZ,000088,20251209,93803560,6476745,C,0, ,0,10000,70871,0,
000088.SZ,000088,20251209,93803590,6477091,0,0,S,44400,4184,6477090,263009,
000088.SZ,000088,20251209,93803590,6477092,0,0,S,44400,500,6477090,263386,
000088.SZ,000088,20251209,93803590,6477093,0,0,S,44400,800,6477090,263389,
000088.SZ,000088,20251209,93803590,6477094,0,0,S,44400,3416,6477090,265215,
000088.SZ,000088,20251209,93803700,6478439,0,0,S,44400,400,6478438,265215,
000088.SZ,000088,20251209,93804110,6482328,0,0,S,44400,1000,6482327,265215,
000088.SZ,000088,20251209,93804400,6485305,C,0, ,0,400,0,6378118,
000088.SZ,000088,20251209,93804530,6486240,0,0,S,44400,100,6486239,265215,
000088.SZ,000088,20251209,93804600,6486674,0,0,S,44400,700,6486673,265215,
000088.SZ,000088,20251209,93805640,6495724,0,0,S,44400,100,6495723,265215,
000088.SZ,000088,20251209,93806320,6500956,C,0, ,0,100,6262879,0,
000088.SZ,000088,20251209,93806480,6502314,0,0,S,44400,2200,6502313,265215,
000088.SZ,000088,20251209,93806720,6504162,0,0,B,44500,200,3906969,6504161,
000088.SZ,000088,20251209,93807400,6509617,0,0,B,44500,100,3906969,6509616,
000088.SZ,000088,20251209,93807720,6512757,C,0, ,0,600,0,2005709,
000088.SZ,000088,20251209,93808810,6520918,C,0, ,0,300,0,2234253,
000088.SZ,000088,20251209,93809210,6524226,C,0, ,0,100,0,2278338,
000088.SZ,000088,20251209,93809380,6525959,0,0,B,44500,800,3906969,6525958,
000088.SZ,000088,20251209,93809380,6525960,0,0,B,44500,200,3930242,6525958,
000088.SZ,000088,20251209,93809380,6525961,0,0,B,44500,800,3979840,6525958,
000088.SZ,000088,20251209,93809620,6528082,C,0, ,0,100,0,1532408,
000088.SZ,000088,20251209,93809680,6528521,0,0,B,44500,200,3979840,6528520,
000088.SZ,000088,20251209,93811410,6542183,C,0, ,0,6800,0,868155,
000088.SZ,000088,20251209,93811580,6543410,C,0, ,0,600,0,1944399,
000088.SZ,000088,20251209,93811730,6544302,0,0,S,44400,100,6544301,265215,
000088.SZ,000088,20251209,93812320,6548531,0,0,S,44400,100,6548530,265215,
000088.SZ,000088,20251209,93813680,6560577,0,0,S,44400,300,6560576,265215,
000088.SZ,000088,20251209,93813680,6560579,C,0, ,0,400,0,2144682,
000088.SZ,000088,20251209,93814860,6568691,C,0, ,0,300,0,2101292,
000088.SZ,000088,20251209,93818050,6593396,C,0, ,0,100,0,5897146,
000088.SZ,000088,20251209,93818280,6595431,0,0,S,44400,2000,6595430,265215,
000088.SZ,000088,20251209,93819920,6610443,C,0, ,0,300,0,2352996,
000088.SZ,000088,20251209,93820840,6616984,C,0, ,0,200,0,2391922,
000088.SZ,000088,20251209,93821270,6620260,0,0,B,44500,100,3979840,6620259,
000088.SZ,000088,20251209,93821720,6624178,0,0,B,44500,100,3979840,6624177,
000088.SZ,000088,20251209,93821720,6624179,0,0,B,44500,200,4005729,6624177,
000088.SZ,000088,20251209,93821720,6624180,0,0,B,44500,300,4015049,6624177,
000088.SZ,000088,20251209,93821810,6624826,0,0,B,44500,300,4015049,6624825,
000088.SZ,000088,20251209,93823700,6640196,0,0,S,44400,400,6640195,265215,
000088.SZ,000088,20251209,93823710,6640258,C,0, ,0,3600,0,6260657,
000088.SZ,000088,20251209,93824240,6643600,0,0,B,44500,100,4092657,6643599,
000088.SZ,000088,20251209,93825170,6652772,C,0, ,0,300,0,2439117,
000088.SZ,000088,20251209,93825620,6658075,0,0,B,44500,100,4174367,6658074,
000088.SZ,000088,20251209,93825710,6658655,0,0,B,44500,400,4174367,6658654,
000088.SZ,000088,20251209,93825930,6660237,C,0, ,0,2600,0,3952261,
000088.SZ,000088,20251209,93825940,6660275,C,0, ,0,2600,0,4819504,
000088.SZ,000088,20251209,93826290,6662774,0,0,B,44500,800,4174367,6662773,
000088.SZ,000088,20251209,93826290,6662775,0,0,B,44500,500,4201425,6662773,
000088.SZ,000088,20251209,93826290,6662776,0,0,B,44500,400,4329707,6662773,
000088.SZ,000088,20251209,93826290,6662777,0,0,B,44500,100,4333536,6662773,
000088.SZ,000088,20251209,93826290,6662778,0,0,B,44500,100,4337169,6662773,
000088.SZ,000088,20251209,93826290,6662779,0,0,B,44500,100,4339530,6662773,
000088.SZ,000088,20251209,93826290,6662780,0,0,B,44500,1700,4341340,6662773,
000088.SZ,000088,20251209,93826290,6662781,0,0,B,44500,200,4341938,6662773,
000088.SZ,000088,20251209,93826290,6662782,0,0,B,44500,100,4345135,6662773,
000088.SZ,000088,20251209,93826290,6662783,0,0,B,44500,1200,4354302,6662773,
000088.SZ,000088,20251209,93826960,6667015,0,0,S,44400,800,6667014,265215,
000088.SZ,000088,20251209,93827600,6671728,0,0,B,44500,600,4354302,6671727,
000088.SZ,000088,20251209,93828400,6677433,0,0,S,44400,200,6677432,265215,
000088.SZ,000088,20251209,93830820,6693177,0,0,B,44500,300,4354302,6693176,
000088.SZ,000088,20251209,93832350,6704641,C,0, ,0,4100,0,4141104,
000088.SZ,000088,20251209,93832490,6705605,C,0, ,0,300,6451274,0,
000088.SZ,000088,20251209,93832670,6706802,0,0,S,44400,300,6706801,265215,
000088.SZ,000088,20251209,93833510,6713103,0,0,B,44500,1600,4354302,6713102,
000088.SZ,000088,20251209,93833700,6714796,0,0,S,44400,400,6714795,265215,
000088.SZ,000088,20251209,93834280,6719551,C,0, ,0,1000,0,2422856,
000088.SZ,000088,20251209,93836420,6734371,0,0,S,44400,2100,6734370,265215,
000088.SZ,000088,20251209,93837930,6746079,C,0, ,0,300,6735020,0,
000088.SZ,000088,20251209,93838090,6747257,0,0,S,44400,300,6747256,265215,
000088.SZ,000088,20251209,93838190,6748109,0,0,B,44500,300,4354302,6748108,
000088.SZ,000088,20251209,93838830,6751889,0,0,B,44500,200,4354302,6751888,
000088.SZ,000088,20251209,93838930,6752384,0,0,B,44500,300,4354302,6752383,
000088.SZ,000088,20251209,93839330,6755229,C,0, ,0,1000,0,2919836,
000088.SZ,000088,20251209,93839810,6759065,C,0, ,0,100,337488,0,
000088.SZ,000088,20251209,93841020,6767788,0,0,S,44400,3200,6767787,265215,
000088.SZ,000088,20251209,93843700,6785610,0,0,S,44400,300,6785609,265215,
000088.SZ,000088,20251209,93845330,6795385,0,0,B,44500,100,4354302,6795384,
000088.SZ,000088,20251209,93847300,6808737,0,0,S,44400,1584,6808736,265215,
000088.SZ,000088,20251209,93847300,6808738,0,0,S,44400,10000,6808736,284755,
000088.SZ,000088,20251209,93847300,6808739,0,0,S,44400,300,6808736,293572,
000088.SZ,000088,20251209,93847300,6808740,0,0,S,44400,300,6808736,295553,
000088.SZ,000088,20251209,93847300,6808741,0,0,S,44400,17816,6808736,353212,
000088.SZ,000088,20251209,93847320,6808925,0,0,B,44500,500,4354302,6808924,
000088.SZ,000088,20251209,93847490,6809864,C,0, ,0,300,293581,0,
000088.SZ,000088,20251209,93847500,6809884,C,0, ,0,300,295564,0,
000088.SZ,000088,20251209,93847500,6809924,C,0, ,0,600,6506695,0,
000088.SZ,000088,20251209,93847510,6809982,0,0,S,44400,1800,6809981,353212,
000088.SZ,000088,20251209,93853710,6852610,0,0,S,44400,400,6852609,353212,
000088.SZ,000088,20251209,93855590,6865065,0,0,S,44400,800,6865064,353212,
000088.SZ,000088,20251209,93857200,6873504,C,0, ,0,35700,2383535,0,
000088.SZ,000088,20251209,93858400,6883055,0,0,S,44400,300,6883054,353212,
000088.SZ,000088,20251209,93902180,6910382,0,0,S,44400,100,6910381,353212,
000088.SZ,000088,20251209,93903710,6922262,0,0,S,44400,400,6922261,353212,
000088.SZ,000088,20251209,93904760,6930603,0,0,B,44500,300,4366668,6930602,
000088.SZ,000088,20251209,93904760,6930604,0,0,B,44500,300,4371014,6930602,
000088.SZ,000088,20251209,93905080,6933588,0,0,S,44400,1200,6933587,353212,
000088.SZ,000088,20251209,93906690,6946779,0,0,B,44500,200,4376608,6946778,
000088.SZ,000088,20251209,93906720,6947018,0,0,S,44400,2100,6947017,353212,
000088.SZ,000088,20251209,93907480,6953054,0,0,B,44500,3000,4376608,6953053,
000088.SZ,000088,20251209,93907520,6953387,0,0,B,44500,400,4376608,6953386,
000088.SZ,000088,20251209,93907530,6953423,C,0, ,0,3300,4376608,0,
000088.SZ,000088,20251209,93909390,6966154,0,0,B,44500,200,4378590,6966153,
000088.SZ,000088,20251209,93909390,6966155,0,0,B,44500,1500,4380594,6966153,
000088.SZ,000088,20251209,93909980,6969672,C,0, ,0,50600,2140845,0,
000088.SZ,000088,20251209,93910340,6972320,0,0,B,44500,100,4380594,6972319,
000088.SZ,000088,20251209,93910340,6972322,0,0,B,44500,100,4380594,6972321,
000088.SZ,000088,20251209,93910340,6972344,C,0, ,0,2900,4380594,0,
000088.SZ,000088,20251209,93910340,6972346,0,0,B,44500,100,4389414,6972345,
000088.SZ,000088,20251209,93910930,6976015,0,0,B,44500,300,4389414,6976014,
000088.SZ,000088,20251209,93910930,6976016,0,0,B,44500,100,4389567,6976014,
000088.SZ,000088,20251209,93911030,6976642,0,0,B,44500,100,4389567,6976641,
000088.SZ,000088,20251209,93911040,6976693,0,0,B,44500,200,4389567,6976692,
000088.SZ,000088,20251209,93911040,6976694,0,0,B,44500,300,4389577,6976692,
000088.SZ,000088,20251209,93911040,6976703,0,0,B,44500,100,4389577,6976702,
000088.SZ,000088,20251209,93911050,6976726,0,0,B,44500,300,4389577,6976725,
000088.SZ,000088,20251209,93911050,6976728,0,0,B,44500,100,4389577,6976727,
000088.SZ,000088,20251209,93911050,6976735,0,0,B,44500,100,4389577,6976734,
000088.SZ,000088,20251209,93911050,6976763,0,0,B,44500,100,4389577,6976762,
000088.SZ,000088,20251209,93911050,6976773,0,0,B,44500,100,4389577,6976772,
000088.SZ,000088,20251209,93911050,6976783,0,0,B,44500,200,4389577,6976782,
000088.SZ,000088,20251209,93912700,6990692,0,0,B,44500,500,4389577,6990691,
000088.SZ,000088,20251209,93912700,6990694,0,0,B,44500,100,4389577,6990693,
000088.SZ,000088,20251209,93912700,6990696,0,0,B,44500,100,4389577,6990695,
000088.SZ,000088,20251209,93912710,6990774,0,0,B,44500,100,4389577,6990773,
000088.SZ,000088,20251209,93912710,6990775,0,0,B,44500,100,4416987,6990773,
000088.SZ,000088,20251209,93912720,6990792,0,0,B,44500,200,4416987,6990791,
000088.SZ,000088,20251209,93912720,6990824,0,0,B,44500,100,4416987,6990823,
000088.SZ,000088,20251209,93912730,6990873,0,0,B,44500,200,4432697,6990872,
000088.SZ,000088,20251209,93913340,6995336,0,0,B,44500,200,4432697,6995335,
000088.SZ,000088,20251209,93913340,6995380,0,0,B,44500,200,4432697,6995379,
000088.SZ,000088,20251209,93913340,6995381,0,0,B,44500,100,4454136,6995379,
000088.SZ,000088,20251209,93913340,6995391,0,0,B,44500,100,4454136,6995390,
000088.SZ,000088,20251209,93913350,6995399,0,0,B,44500,100,4454136,6995398,
000088.SZ,000088,20251209,93913350,6995401,0,0,B,44500,100,4454136,6995400,
000088.SZ,000088,20251209,93913350,6995403,0,0,B,44500,100,4454136,6995402,
000088.SZ,000088,20251209,93913350,6995406,0,0,B,44500,100,4454136,6995405,
000088.SZ,000088,20251209,93913350,6995408,0,0,B,44500,100,4454136,6995407,
000088.SZ,000088,20251209,93913350,6995410,0,0,B,44500,100,4454136,6995409,
000088.SZ,000088,20251209,93913350,6995412,0,0,B,44500,100,4454136,6995411,
000088.SZ,000088,20251209,93913350,6995414,0,0,B,44500,100,4454136,6995413,
000088.SZ,000088,20251209,93913350,6995416,0,0,B,44500,100,4454136,6995415,
000088.SZ,000088,20251209,93913350,6995421,0,0,B,44500,100,4454136,6995420,
000088.SZ,000088,20251209,93913350,6995427,0,0,B,44500,100,4454136,6995426,
000088.SZ,000088,20251209,93913350,6995463,0,0,B,44500,100,4454136,6995462,
000088.SZ,000088,20251209,93913360,6995503,0,0,B,44500,300,4454136,6995502,
000088.SZ,000088,20251209,93913360,6995519,0,0,B,44500,100,4454136,6995518,
000088.SZ,000088,20251209,93913360,6995564,0,0,B,44500,100,4454136,6995563,
000088.SZ,000088,20251209,93913410,6995983,0,0,B,44500,100,4454136,6995982,
000088.SZ,000088,20251209,93913430,6996203,0,0,B,44500,200,4454136,6996202,
000088.SZ,000088,20251209,93913700,6998428,0,0,S,44400,300,6998427,353212,
000088.SZ,000088,20251209,93914080,7000606,0,0,S,44400,21884,7000605,353212,
000088.SZ,000088,20251209,93914080,7000607,0,0,S,44400,2000,7000605,360850,
000088.SZ,000088,20251209,93914080,7000608,0,0,S,44400,16716,7000605,363827,
000088.SZ,000088,20251209,93914330,7002620,0,0,B,44500,200,4454136,7002619,
000088.SZ,000088,20251209,93914340,7002665,0,0,B,44500,200,4454136,7002664,
000088.SZ,000088,20251209,93914340,7002706,0,0,B,44500,100,4454136,7002705,
000088.SZ,000088,20251209,93914350,7002723,0,0,B,44500,200,4454136,7002722,
000088.SZ,000088,20251209,93917050,7022049,0,0,S,44400,700,7022048,363827,
000088.SZ,000088,20251209,93917060,7022111,0,0,S,44400,4500,7022110,363827,
000088.SZ,000088,20251209,93920500,7047214,C,0, ,0,5400,0,4272940,
000088.SZ,000088,20251209,93920930,7049505,C,0, ,0,400,0,6976017,
000088.SZ,000088,20251209,93923700,7067018,0,0,S,44400,400,7067017,363827,
000088.SZ,000088,20251209,93923740,7067238,0,0,S,44400,100,7067237,363827,
000088.SZ,000088,20251209,93925240,7077148,C,0, ,0,30000,7046198,0,
000088.SZ,000088,20251209,93928400,7097679,0,0,S,44400,100,7097678,363827,
000088.SZ,000088,20251209,93930340,7109173,C,0, ,0,300,5679728,0,
000088.SZ,000088,20251209,93930540,7110748,0,0,S,44400,300,7110747,363827,
000088.SZ,000088,20251209,93931100,7114650,0,0,S,44400,300,7114649,363827,
000088.SZ,000088,20251209,93931130,7114821,C,0, ,0,3600,0,6972360,
000088.SZ,000088,20251209,93931190,7115251,C,0, ,0,300,5680512,0,
000088.SZ,000088,20251209,93931390,7117107,0,0,S,44400,300,7117106,363827,
000088.SZ,000088,20251209,93931590,7118568,0,0,S,44400,300,7118567,363827,
000088.SZ,000088,20251209,93932060,7121495,C,0, ,0,300,6173870,0,
000088.SZ,000088,20251209,93932140,7122037,C,0, ,0,200,5679724,0,
000088.SZ,000088,20251209,93932260,7122767,0,0,S,44400,300,7122766,363827,
000088.SZ,000088,20251209,93932340,7123432,0,0,S,44400,200,7123431,363827,
000088.SZ,000088,20251209,93932380,7123742,C,0, ,0,300,5680123,0,
000088.SZ,000088,20251209,93932400,7123877,0,0,S,44400,300,7123876,363827,
000088.SZ,000088,20251209,93932440,7124207,0,0,B,44500,200,4454136,7124206,
000088.SZ,000088,20251209,93932440,7124208,0,0,B,44500,100,4512017,7124206,
000088.SZ,000088,20251209,93932520,7124924,C,0, ,0,100,5679565,0,
000088.SZ,000088,20251209,93932580,7125243,0,0,S,44400,300,7125242,363827,
000088.SZ,000088,20251209,93932720,7125986,0,0,S,44400,100,7125985,363827,
000088.SZ,000088,20251209,93933410,7130698,0,0,B,44500,600,4512017,7130697,
000088.SZ,000088,20251209,93933410,7130699,0,0,B,44500,400,4639335,7130697,
000088.SZ,000088,20251209,93933410,7130700,0,0,B,44500,800,4763650,7130697,
000088.SZ,000088,20251209,93933510,7131582,0,0,S,44400,300,7131581,363827,
000088.SZ,000088,20251209,93933540,7131978,C,0, ,0,300,5679837,0,
000088.SZ,000088,20251209,93933720,7133424,0,0,S,44400,400,7133423,363827,
000088.SZ,000088,20251209,93933740,7133559,0,0,S,44400,300,7133558,363827,
000088.SZ,000088,20251209,93933780,7133763,0,0,S,44400,300,7133762,363827,
000088.SZ,000088,20251209,93933920,7134525,C,0, ,0,300,6241114,0,
000088.SZ,000088,20251209,93934090,7135681,0,0,S,44400,300,7135680,363827,
000088.SZ,000088,20251209,93934260,7137036,C,0, ,0,200,6998305,0,
000088.SZ,000088,20251209,93934390,7137948,C,0, ,0,300,5767575,0,
000088.SZ,000088,20251209,93934460,7138403,0,0,S,44400,200,7138402,363827,
000088.SZ,000088,20251209,93934590,7139213,0,0,S,44400,300,7139212,363827,
000088.SZ,000088,20251209,93935050,7142527,C,0, ,0,300,5680796,0,
000088.SZ,000088,20251209,93935060,7142634,C,0, ,0,300,5704160,0,
000088.SZ,000088,20251209,93935220,7143544,C,0, ,0,300,5680569,0,
000088.SZ,000088,20251209,93935220,7143561,0,0,S,44400,300,7143560,363827,
000088.SZ,000088,20251209,93935250,7143681,0,0,S,44400,300,7143680,363827,
000088.SZ,000088,20251209,93935250,7143691,0,0,S,44400,300,7143690,363827,
000088.SZ,000088,20251209,93935270,7143827,C,0, ,0,200,7036900,0,
000088.SZ,000088,20251209,93935300,7144016,0,0,B,44500,100,4763650,7144015,
000088.SZ,000088,20251209,93935420,7144894,0,0,S,44400,300,7144893,363827,
000088.SZ,000088,20251209,93935470,7145268,0,0,S,44400,200,7145267,363827,
000088.SZ,000088,20251209,93935540,7145607,C,0, ,0,200,5679747,0,
000088.SZ,000088,20251209,93935740,7146842,0,0,S,44400,200,7146841,363827,
000088.SZ,000088,20251209,93936150,7149595,0,0,S,44400,300,7149594,363827,
000088.SZ,000088,20251209,93936200,7149865,0,0,S,44400,300,7149864,363827,
000088.SZ,000088,20251209,93936250,7150169,0,0,B,44500,300,4763650,7150168,
000088.SZ,000088,20251209,93936440,7151555,0,0,S,44400,2100,7151554,363827,
000088.SZ,000088,20251209,93937210,7156662,0,0,S,44400,300,7156661,363827,
000088.SZ,000088,20251209,93937920,7161435,C,0, ,0,300,6093070,0,
000088.SZ,000088,20251209,93937930,7161489,C,0, ,0,300,5679688,0,
000088.SZ,000088,20251209,93938120,7162533,0,0,S,44400,300,7162532,363827,
000088.SZ,000088,20251209,93938130,7162637,0,0,S,44400,300,7162636,363827,
000088.SZ,000088,20251209,93938360,7163955,C,0, ,0,300,6041854,0,
000088.SZ,000088,20251209,93938570,7165177,0,0,S,44400,300,7165176,363827,
000088.SZ,000088,20251209,93938610,7165554,C,0, ,0,300,0,7096291,
000088.SZ,000088,20251209,93938810,7166654,0,0,B,44500,300,4763650,7166653,
000088.SZ,000088,20251209,93939160,7168992,C,0, ,0,300,5705882,0,
000088.SZ,000088,20251209,93939170,7169038,0,0,S,44400,300,7169037,363827,
000088.SZ,000088,20251209,93939250,7169619,C,0, ,0,200,5678617,0,
000088.SZ,000088,20251209,93939360,7170402,0,0,S,44400,300,7170401,363827,
000088.SZ,000088,20251209,93939410,7170837,C,0, ,0,100,5508093,0,
000088.SZ,000088,20251209,93939450,7171064,0,0,S,44400,200,7171063,363827,
000088.SZ,000088,20251209,93939620,7172378,0,0,S,44400,100,7172377,363827,
000088.SZ,000088,20251209,93939730,7173120,0,0,S,44400,300,7173119,363827,
000088.SZ,000088,20251209,93939760,7173336,0,0,B,44500,300,4763650,7173335,
000088.SZ,000088,20251209,93939820,7173668,C,0, ,0,300,5680598,0,
000088.SZ,000088,20251209,93940020,7175064,0,0,S,44400,300,7175063,363827,
000088.SZ,000088,20251209,93940050,7175272,0,0,S,44400,300,7175271,363827,
000088.SZ,000088,20251209,93940590,7179249,C,0, ,0,5000,52168,0,
000088.SZ,000088,20251209,93940990,7181513,0,0,B,44500,400,4763650,7181512,
000088.SZ,000088,20251209,93940990,7181514,0,0,B,44500,600,4766101,7181512,
000088.SZ,000088,20251209,93940990,7181516,C,0, ,0,1000,0,6914301,
000088.SZ,000088,20251209,93941090,7182104,C,0, ,0,1000,5070361,0,
000088.SZ,000088,20251209,93942370,7189759,0,0,S,44400,1000,7189758,363827,
000088.SZ,000088,20251209,93943420,7197037,C,0, ,0,1000,0,3884303,
000088.SZ,000088,20251209,93943700,7198637,0,0,S,44400,300,7198636,363827,
000088.SZ,000088,20251209,93944750,7205488,0,0,S,44400,100,7205487,363827,
000088.SZ,000088,20251209,93945930,7212264,C,0, ,0,10000,0,6990658,
000088.SZ,000088,20251209,93953700,7263489,0,0,S,44400,400,7263488,363827,
000088.SZ,000088,20251209,93958400,7292895,0,0,S,44400,200,7292894,363827,
000088.SZ,000088,20251209,93958470,7293581,C,0, ,0,1000,0,5028281,
000088.SZ,000088,20251209,94000020,7302374,C,0, ,0,100,6879936,0,
000088.SZ,000088,20251209,94000060,7302740,0,0,S,44400,1300,7302739,363827,
000088.SZ,000088,20251209,94000390,7305498,0,0,B,44500,1800,4766101,7305497,
000088.SZ,000088,20251209,94001390,7313651,C,0, ,0,200,7175140,0,
000088.SZ,000088,20251209,94002330,7320425,0,0,S,44400,100,7320424,363827,
000088.SZ,000088,20251209,94003690,7329992,0,0,S,44400,400,7329991,363827,
000088.SZ,000088,20251209,94006430,7351789,0,0,S,44400,2200,7351788,363827,
000088.SZ,000088,20251209,94006450,7351933,C,0, ,0,100,7169861,0,
000088.SZ,000088,20251209,94010770,7382327,0,0,S,44400,100,7382326,363827,
000088.SZ,000088,20251209,94013710,7401900,0,0,S,44400,300,7401899,363827,
000088.SZ,000088,20251209,94015320,7411584,0,0,S,44400,6600,7411583,363827,
000088.SZ,000088,20251209,94015320,7411627,0,0,S,44400,100,7411626,363827,
000088.SZ,000088,20251209,94015340,7411800,0,0,S,44400,100,7411799,363827,
000088.SZ,000088,20251209,94015340,7411813,0,0,S,44400,100,7411812,363827,
000088.SZ,000088,20251209,94015350,7411934,0,0,S,44400,100,7411933,363827,
000088.SZ,000088,20251209,94015350,7411936,0,0,S,44400,100,7411935,363827,
000088.SZ,000088,20251209,94015360,7412076,0,0,S,44400,200,7412075,363827,
000088.SZ,000088,20251209,94022520,7466915,0,0,B,44500,200,4785421,7466914,
000088.SZ,000088,20251209,94022520,7466916,0,0,B,44500,200,4820608,7466914,
000088.SZ,000088,20251209,94023690,7473847,0,0,S,44400,400,7473846,363827,
000088.SZ,000088,20251209,94028400,7504778,0,0,S,44400,200,7504777,363827,
000088.SZ,000088,20251209,94028690,7506860,0,0,B,44500,500,4820608,7506859,
000088.SZ,000088,20251209,94028690,7506861,0,0,B,44500,1500,4820707,7506859,
000088.SZ,000088,20251209,94028690,7506862,0,0,B,44500,3500,4855490,7506859,
000088.SZ,000088,20251209,94029280,7510387,C,0, ,0,3000,113713,0,
000088.SZ,000088,20251209,94030440,7518264,0,0,B,44500,1700,4855490,7518263,
000088.SZ,000088,20251209,94031490,7526183,0,0,S,44400,1200,7526182,363827,
000088.SZ,000088,20251209,94032290,7531476,C,0, ,0,3000,113718,0,
000088.SZ,000088,20251209,94032810,7535111,C,0, ,0,30000,7104655,0,
000088.SZ,000088,20251209,94033560,7540139,0,0,S,44400,100,7540138,363827,
000088.SZ,000088,20251209,94033700,7541426,0,0,S,44400,400,7541425,363827,
000088.SZ,000088,20251209,94034530,7548009,C,0, ,0,400,0,7466918,
000088.SZ,000088,20251209,94036380,7559879,0,0,S,44400,2100,7559878,363827,
000088.SZ,000088,20251209,94043190,7604623,C,0, ,0,1000,0,1013987,
000088.SZ,000088,20251209,94043700,7608256,0,0,S,44400,300,7608255,363827,
000088.SZ,000088,20251209,94051190,7652392,0,0,S,44400,11500,7652391,363827,
000088.SZ,000088,20251209,94052250,7658947,C,0, ,0,200,7526304,0,
000088.SZ,000088,20251209,94053560,7667687,0,0,S,44400,100,7667686,363827,
000088.SZ,000088,20251209,94053680,7668293,0,0,S,44400,400,7668292,363827,
000088.SZ,000088,20251209,94058410,7699664,0,0,S,44400,200,7699663,363827,
000088.SZ,000088,20251209,94059550,7707225,C,0, ,0,3000,128510,0,
000088.SZ,000088,20251209,94102080,7726803,0,0,S,44400,100,7726802,363827,
000088.SZ,000088,20251209,94102400,7729871,0,0,S,44400,100,7729870,363827,
000088.SZ,000088,20251209,94102800,7732518,C,0, ,0,3000,86011,0,
000088.SZ,000088,20251209,94103090,7734286,C,0, ,0,3000,48468,0,
000088.SZ,000088,20251209,94103380,7736365,0,0,B,44500,1700,4855490,7736364,
000088.SZ,000088,20251209,94103690,7738778,0,0,S,44400,400,7738777,363827,
000088.SZ,000088,20251209,94104660,7745381,C,0, ,0,3000,107996,0,
000088.SZ,000088,20251209,94104930,7746782,C,0, ,0,2000,6505421,0,
000088.SZ,000088,20251209,94106010,7753476,C,0, ,0,3000,138388,0,
000088.SZ,000088,20251209,94106330,7755523,0,0,S,44400,2100,7755522,363827,
000088.SZ,000088,20251209,94113700,7805564,0,0,S,44400,300,7805563,363827,
000088.SZ,000088,20251209,94114200,7808439,0,0,S,44400,100,7808438,363827,
000088.SZ,000088,20251209,94123700,7865821,0,0,S,44400,400,7865820,363827,
000088.SZ,000088,20251209,94128400,7893490,0,0,S,44400,200,7893489,363827,
000088.SZ,000088,20251209,94129390,7899160,C,0, ,0,300,5680042,0,
000088.SZ,000088,20251209,94129390,7899163,C,0, ,0,500,5672480,0,
000088.SZ,000088,20251209,94129780,7901015,C,0, ,0,1500,6299299,0,
000088.SZ,000088,20251209,94130080,7902699,C,0, ,0,300,5809484,0,
000088.SZ,000088,20251209,94130390,7904933,0,0,S,44400,300,7904932,363827,
000088.SZ,000088,20251209,94130390,7904935,0,0,S,44400,500,7904934,363827,
000088.SZ,000088,20251209,94131080,7909476,0,0,S,44400,300,7909475,363827,
000088.SZ,000088,20251209,94133440,7923181,0,0,B,44500,1600,4855490,7923180,
000088.SZ,000088,20251209,94133710,7924614,0,0,S,44400,400,7924613,363827,
000088.SZ,000088,20251209,94136470,7941139,0,0,S,44400,2200,7941138,363827,
000088.SZ,000088,20251209,94136480,7941181,C,0, ,0,100,7764411,0,
000088.SZ,000088,20251209,94137910,7949223,C,0, ,0,29200,0,6887549,
000088.SZ,000088,20251209,94143690,7982165,0,0,S,44400,300,7982164,363827,
000088.SZ,000088,20251209,94147810,8005882,C,0, ,0,10000,43291,0,
000088.SZ,000088,20251209,94148130,8007476,0,0,S,44400,1200,8007475,363827,
000088.SZ,000088,20251209,94149570,8017659,0,0,B,44500,400,4855490,8017658,
000088.SZ,000088,20251209,94152270,8034914,0,0,B,44500,400,4855490,8034913,
000088.SZ,000088,20251209,94153690,8042530,0,0,S,44400,400,8042529,363827,
000088.SZ,000088,20251209,94158400,8066324,0,0,S,44400,100,8066323,363827,
000088.SZ,000088,20251209,94159570,8072487,C,0, ,0,400,0,8017661,
000088.SZ,000088,20251209,94201910,8088149,0,0,S,44400,500,8088148,363827,
000088.SZ,000088,20251209,94202150,8089482,0,0,S,44400,100,8089481,363827,
000088.SZ,000088,20251209,94202270,8090397,0,0,S,44400,100,8090396,363827,
000088.SZ,000088,20251209,94202300,8090873,0,0,S,44400,100,8090872,363827,
000088.SZ,000088,20251209,94203390,8098295,0,0,B,44500,1800,4855490,8098294,
000088.SZ,000088,20251209,94203690,8100239,0,0,S,44400,400,8100238,363827,
000088.SZ,000088,20251209,94204560,8106124,0,0,B,44500,800,4855490,8106123,
000088.SZ,000088,20251209,94204560,8106126,C,0, ,0,1100,0,7994058,
000088.SZ,000088,20251209,94206400,8117257,0,0,S,44400,2100,8117256,363827,
000088.SZ,000088,20251209,94210200,8142773,0,0,S,44400,2700,8142772,363827,
000088.SZ,000088,20251209,94210320,8143664,C,0, ,0,400,6960003,0,
000088.SZ,000088,20251209,94213700,8162709,0,0,S,44400,300,8162708,363827,
000088.SZ,000088,20251209,94215980,8175492,C,0, ,0,30000,7568083,0,
000088.SZ,000088,20251209,94223690,8220059,0,0,S,44400,400,8220058,363827,
000088.SZ,000088,20251209,94227210,8238929,C,0, ,0,30000,8197211,0,
000088.SZ,000088,20251209,94228400,8245803,0,0,S,44400,200,8245802,363827,
000088.SZ,000088,20251209,94229800,8252851,0,0,S,44400,3000,8252850,363827,
000088.SZ,000088,20251209,94231600,8262463,C,0, ,0,1300,6223355,0,
000088.SZ,000088,20251209,94233460,8270821,C,0, ,0,2100,0,7877440,
000088.SZ,000088,20251209,94233710,8272164,0,0,S,44400,400,8272163,363827,
000088.SZ,000088,20251209,94234030,8273755,C,0, ,0,46700,1060089,0,
000088.SZ,000088,20251209,94236380,8286758,0,0,S,44400,2100,8286757,363827,
000088.SZ,000088,20251209,94236450,8287208,0,0,B,44500,1600,4855490,8287207,
000088.SZ,000088,20251209,94236950,8289784,C,0, ,0,46600,1059882,0,
000088.SZ,000088,20251209,94243690,8327162,0,0,S,44400,300,8327161,363827,
000088.SZ,000088,20251209,94243720,8327385,0,0,B,44500,100,4855490,8327384,
000088.SZ,000088,20251209,94243720,8327400,0,0,S,44400,100,8327399,363827,
000088.SZ,000088,20251209,94243730,8327404,0,0,S,44400,100,8327403,363827,
000088.SZ,000088,20251209,94243730,8327428,0,0,B,44500,100,4855490,8327427,
000088.SZ,000088,20251209,94243730,8327432,0,0,B,44500,100,4855490,8327431,
000088.SZ,000088,20251209,94243730,8327435,0,0,B,44500,100,4855490,8327434,
000088.SZ,000088,20251209,94243730,8327437,0,0,S,44400,100,8327436,363827,
000088.SZ,000088,20251209,94243730,8327444,0,0,B,44500,100,4855490,8327443,
000088.SZ,000088,20251209,94243730,8327498,0,0,B,44500,100,4855490,8327497,
000088.SZ,000088,20251209,94243740,8327503,0,0,B,44500,100,4855490,8327502,
000088.SZ,000088,20251209,94243740,8327511,0,0,B,44500,100,4855490,8327510,
000088.SZ,000088,20251209,94243740,8327596,0,0,B,44500,100,4855490,8327595,
000088.SZ,000088,20251209,94243750,8327628,0,0,S,44400,100,8327627,363827,
000088.SZ,000088,20251209,94243750,8327639,0,0,B,44500,100,4855490,8327638,
000088.SZ,000088,20251209,94243750,8327647,0,0,B,44500,100,4855490,8327646,
000088.SZ,000088,20251209,94243780,8327815,0,0,S,44400,100,8327814,363827,
000088.SZ,000088,20251209,94243790,8327863,0,0,B,44500,100,4855490,8327862,
000088.SZ,000088,20251209,94245680,8341172,C,0, ,0,29000,0,843615,
000088.SZ,000088,20251209,94246120,8343950,0,0,S,44400,100,8343949,363827,
000088.SZ,000088,20251209,94247330,8351156,C,0, ,0,131600,5737102,0,
000088.SZ,000088,20251209,94247720,8353263,0,0,S,44400,600,8353262,363827,
000088.SZ,000088,20251209,94248910,8359794,C,0, ,0,3000,0,6136145,
000088.SZ,000088,20251209,94253230,8382055,0,0,B,44500,32500,4855490,8382054,
000088.SZ,000088,20251209,94253700,8384347,0,0,S,44400,400,8384346,363827,
000088.SZ,000088,20251209,94254360,8387610,0,0,B,44500,100,4855490,8387609,
000088.SZ,000088,20251209,94256600,8398938,0,0,B,44500,400,4855490,8398937,
000088.SZ,000088,20251209,94257530,8402674,0,0,B,44500,100,4855490,8402673,
000088.SZ,000088,20251209,94257540,8402727,0,0,B,44500,100,4855490,8402726,
000088.SZ,000088,20251209,94258240,8406429,0,0,B,44500,100,4855490,8406428,
000088.SZ,000088,20251209,94258240,8406441,0,0,B,44500,100,4855490,8406440,
000088.SZ,000088,20251209,94258250,8406456,0,0,B,44500,100,4855490,8406455,
000088.SZ,000088,20251209,94258250,8406485,0,0,B,44500,200,4855490,8406484,
000088.SZ,000088,20251209,94258350,8407437,0,0,B,44500,100,4855490,8407436,
000088.SZ,000088,20251209,94258400,8407698,0,0,S,44400,200,8407697,363827,
000088.SZ,000088,20251209,94302110,8429070,0,0,S,44400,100,8429069,363827,
000088.SZ,000088,20251209,94303160,8434710,C,0, ,0,100,6471721,0,
000088.SZ,000088,20251209,94303450,8436160,0,0,B,44500,300,4855490,8436159,
000088.SZ,000088,20251209,94303730,8437837,0,0,S,44400,400,8437836,363827,
000088.SZ,000088,20251209,94305050,8444697,0,0,S,44400,1200,8444696,363827,
000088.SZ,000088,20251209,94306430,8452225,0,0,B,44500,1700,4855490,8452224,
000088.SZ,000088,20251209,94306430,8452229,0,0,S,44400,2100,8452228,363827,
000088.SZ,000088,20251209,94307610,8459785,C,0, ,0,400,0,8398939,
000088.SZ,000088,20251209,94311900,8482175,0,0,S,44400,100,8482174,363827,
000088.SZ,000088,20251209,94313690,8491440,0,0,S,44400,300,8491439,363827,
000088.SZ,000088,20251209,94315680,8502038,0,0,S,44400,2700,8502037,363827,
000088.SZ,000088,20251209,94315710,8502153,0,0,S,44400,400,8502152,363827,
000088.SZ,000088,20251209,94315730,8502251,0,0,S,44400,400,8502250,363827,
000088.SZ,000088,20251209,94323700,8541337,0,0,S,44400,400,8541336,363827,
000088.SZ,000088,20251209,94324910,8546979,C,0, ,0,1000,8299433,0,
000088.SZ,000088,20251209,94328410,8563229,0,0,S,44400,300,8563228,363827,
000088.SZ,000088,20251209,94329130,8566153,0,0,S,44400,1000,8566152,363827,
000088.SZ,000088,20251209,94331540,8577296,C,0, ,0,300,0,8549122,
000088.SZ,000088,20251209,94331900,8579123,0,0,B,44500,300,4855490,8579122,
000088.SZ,000088,20251209,94333720,8587802,0,0,S,44400,400,8587801,363827,
000088.SZ,000088,20251209,94334640,8593215,0,0,S,44400,100,8593214,363827,
000088.SZ,000088,20251209,94336340,8600879,0,0,S,44400,2200,8600878,363827,
000088.SZ,000088,20251209,94336350,8600944,C,0, ,0,100,8459337,0,
000088.SZ,000088,20251209,94339400,8614777,0,0,B,44500,1500,4855490,8614776,
000088.SZ,000088,20251209,94339680,8616169,C,0, ,0,2500,808062,0,
000088.SZ,000088,20251209,94340600,8620936,C,0, ,0,1100,0,7919495,
000088.SZ,000088,20251209,94342900,8631068,C,0, ,0,1600,0,6697565,
000088.SZ,000088,20251209,94343720,8634995,0,0,S,44400,300,8634994,363827,
000088.SZ,000088,20251209,94345150,8641280,C,0, ,0,100,7972436,0,
000088.SZ,000088,20251209,94345820,8644459,0,0,S,44400,1100,8644458,363827,
000088.SZ,000088,20251209,94350800,8667807,0,0,S,44400,1400,8667806,363827,
000088.SZ,000088,20251209,94353690,8683022,0,0,S,44400,400,8683021,363827,
000088.SZ,000088,20251209,94354080,8685166,0,0,S,44400,1100,8685165,363827,
000088.SZ,000088,20251209,94354760,8689439,0,0,S,44400,100,8689438,363827,
000088.SZ,000088,20251209,94358400,8710033,0,0,S,44400,200,8710032,363827,
000088.SZ,000088,20251209,94358480,8710368,0,0,S,44400,100,8710367,363827,
000088.SZ,000088,20251209,94358820,8712052,0,0,S,44400,1400,8712051,363827,
000088.SZ,000088,20251209,94359450,8714768,C,0, ,0,1000,0,4813690,
000088.SZ,000088,20251209,94401050,8725259,0,0,S,44400,600,8725258,363827,
000088.SZ,000088,20251209,94403690,8744075,0,0,S,44400,400,8744074,363827,
000088.SZ,000088,20251209,94403870,8745142,0,0,S,44400,1900,8745141,363827,
000088.SZ,000088,20251209,94405140,8754033,0,0,S,44400,10000,8754032,363827,
000088.SZ,000088,20251209,94405170,8754171,0,0,B,44500,400,4855490,8754170,
000088.SZ,000088,20251209,94405190,8754259,0,0,S,44400,500,8754258,363827,
000088.SZ,000088,20251209,94406420,8760659,0,0,B,44500,1700,4855490,8760658,
000088.SZ,000088,20251209,94406470,8761050,0,0,S,44400,2100,8761049,363827,
000088.SZ,000088,20251209,94411470,8791760,0,0,B,44500,800,4855490,8791759,
000088.SZ,000088,20251209,94411470,8791764,C,0, ,0,800,0,8402647,
000088.SZ,000088,20251209,94413710,8804633,0,0,S,44400,300,8804632,363827,
000088.SZ,000088,20251209,94413970,8805924,0,0,S,44400,500,8805923,363827,
000088.SZ,000088,20251209,94415030,8810618,0,0,B,44500,100,4855490,8810617,
000088.SZ,000088,20251209,94415040,8810652,0,0,S,44400,100,8810651,363827,
000088.SZ,000088,20251209,94415040,8810691,0,0,S,44400,20000,8810690,363827,
000088.SZ,000088,20251209,94415280,8812049,0,0,S,44400,100,8812048,363827,
000088.SZ,000088,20251209,94415970,8816028,0,0,B,44500,600,4855490,8816027,
000088.SZ,000088,20251209,94416010,8816193,0,0,B,44500,300,4855490,8816192,
000088.SZ,000088,20251209,94416010,8816212,0,0,S,44400,100,8816211,363827,
000088.SZ,000088,20251209,94416020,8816230,0,0,S,44400,100,8816229,363827,
000088.SZ,000088,20251209,94416080,8816585,0,0,B,44500,100,4855490,8816584,
000088.SZ,000088,20251209,94416110,8816803,0,0,B,44500,1300,4855490,8816802,
000088.SZ,000088,20251209,94416650,8820247,0,0,B,44500,400,4855490,8820246,
000088.SZ,000088,20251209,94416840,8821306,0,0,S,44400,1000,8821305,363827,
000088.SZ,000088,20251209,94416850,8821326,0,0,S,44400,100,8821325,363827,
000088.SZ,000088,20251209,94416850,8821328,0,0,B,44500,100,4855490,8821327,
000088.SZ,000088,20251209,94417120,8822615,0,0,B,44500,100,4855490,8822614,
000088.SZ,000088,20251209,94418240,8828814,0,0,B,44500,100,4855490,8828813,
000088.SZ,000088,20251209,94418240,8828816,0,0,S,44400,100,8828815,363827,
000088.SZ,000088,20251209,94418250,8828834,0,0,S,44400,100,8828833,363827,
000088.SZ,000088,20251209,94418260,8828884,0,0,S,44400,100,8828883,363827,
000088.SZ,000088,20251209,94418330,8829486,0,0,B,44500,100,4855490,8829485,
000088.SZ,000088,20251209,94420480,8842946,0,0,S,44400,100,8842945,363827,
000088.SZ,000088,20251209,94421270,8846444,0,0,S,44400,100,8846443,363827,
000088.SZ,000088,20251209,94421410,8847241,0,0,B,44500,200,4855490,8847240,
000088.SZ,000088,20251209,94423100,8855697,C,0, ,0,3700,0,6957562,
000088.SZ,000088,20251209,94423550,8857861,0,0,S,44400,1200,8857860,363827,
000088.SZ,000088,20251209,94423720,8858701,0,0,S,44400,400,8858700,363827,
000088.SZ,000088,20251209,94426650,8873093,C,0, ,0,400,0,8820248,
000088.SZ,000088,20251209,94428400,8881644,0,0,S,44400,200,8881643,363827,
000088.SZ,000088,20251209,94428490,8882089,0,0,S,44400,84,8882088,363827,
000088.SZ,000088,20251209,94428490,8882090,0,0,S,44400,16,8882088,369134,
000088.SZ,000088,20251209,94428500,8882160,0,0,S,44400,100,8882159,369134,
000088.SZ,000088,20251209,94429270,8885564,C,0, ,0,300,6266497,0,
000088.SZ,000088,20251209,94429630,8887402,C,0, ,0,100,0,1131799,
000088.SZ,000088,20251209,94429630,8887403,C,0, ,0,100,0,1132410,
000088.SZ,000088,20251209,94430000,8888888,0,0,S,44400,100,8888887,369134,
000088.SZ,000088,20251209,94430010,8888894,0,0,S,44400,100,8888893,369134,
000088.SZ,000088,20251209,94430010,8888896,0,0,S,44400,100,8888895,369134,
000088.SZ,000088,20251209,94430010,8888917,0,0,S,44400,84,8888916,369134,
000088.SZ,000088,20251209,94430010,8888918,0,0,S,44400,16,8888916,377330,
000088.SZ,000088,20251209,94430010,8888928,0,0,S,44400,200,8888927,377330,
000088.SZ,000088,20251209,94430010,8888935,0,0,S,44400,100,8888934,377330,
000088.SZ,000088,20251209,94430010,8888939,0,0,S,44400,100,8888938,377330,
000088.SZ,000088,20251209,94430020,8888992,0,0,S,44400,200,8888991,377330,
000088.SZ,000088,20251209,94430040,8889154,0,0,S,44400,100,8889153,377330,
000088.SZ,000088,20251209,94430040,8889179,0,0,B,44500,100,4855490,8889178,
000088.SZ,000088,20251209,94430170,8889912,0,0,B,44500,100,4855490,8889911,
000088.SZ,000088,20251209,94430290,8890617,0,0,S,44400,300,8890616,377330,
000088.SZ,000088,20251209,94430630,8892876,0,0,B,44500,100,4855490,8892875,
000088.SZ,000088,20251209,94430630,8892878,0,0,B,44500,100,4855490,8892877,
000088.SZ,000088,20251209,94431360,8897649,C,0, ,0,300,0,8746876,
000088.SZ,000088,20251209,94431400,8897910,0,0,B,44500,300,4855490,8897909,
000088.SZ,000088,20251209,94431410,8897941,0,0,S,44400,300,8897940,377330,
000088.SZ,000088,20251209,94431410,8897943,0,0,B,44500,100,4855490,8897942,
000088.SZ,000088,20251209,94431560,8898874,C,0, ,0,300,0,8037763,
000088.SZ,000088,20251209,94431560,8898892,0,0,B,44500,300,4855490,8898891,
000088.SZ,000088,20251209,94431760,8900028,0,0,B,44500,300,4855490,8900027,
000088.SZ,000088,20251209,94431790,8900208,C,0, ,0,300,0,8445431,
000088.SZ,000088,20251209,94431990,8901133,C,0, ,0,200,5208780,0,
000088.SZ,000088,20251209,94431990,8901136,0,0,B,44500,300,4855490,8901135,
000088.SZ,000088,20251209,94432190,8902068,0,0,S,44400,200,8902067,377330,
000088.SZ,000088,20251209,94432190,8902106,C,0, ,0,300,8520524,0,
000088.SZ,000088,20251209,94432390,8903113,0,0,S,44400,300,8903112,377330,
000088.SZ,000088,20251209,94432660,8904420,0,0,B,44500,300,4855490,8904419,
000088.SZ,000088,20251209,94432730,8904894,C,0, ,0,100,0,3339661,
000088.SZ,000088,20251209,94432790,8905216,C,0, ,0,100,0,7440464,
000088.SZ,000088,20251209,94432930,8905894,0,0,B,44500,100,4855490,8905893,
000088.SZ,000088,20251209,94433030,8906305,0,0,B,44500,100,4855490,8906304,
000088.SZ,000088,20251209,94433300,8907907,0,0,B,44500,200,4855490,8907906,
000088.SZ,000088,20251209,94433550,8909421,C,0, ,0,300,0,8318657,
000088.SZ,000088,20251209,94433710,8910352,0,0,S,44400,400,8910351,377330,
000088.SZ,000088,20251209,94433750,8910647,0,0,B,44500,300,4855490,8910646,
000088.SZ,000088,20251209,94434330,8913966,C,0, ,0,300,0,8654626,
000088.SZ,000088,20251209,94434440,8914670,0,0,B,44500,300,4855490,8914669,
000088.SZ,000088,20251209,94434530,8915140,0,0,B,44500,300,4855490,8915139,
000088.SZ,000088,20251209,94434940,8917517,C,0, ,0,300,0,8818291,
000088.SZ,000088,20251209,94434980,8917746,C,0, ,0,200,8837772,0,
000088.SZ,000088,20251209,94435060,8918185,0,0,B,44500,100,4855490,8918184,
000088.SZ,000088,20251209,94435070,8918305,0,0,S,44400,100,8918304,377330,
000088.SZ,000088,20251209,94435160,8918706,0,0,B,44500,300,4855490,8918705,
000088.SZ,000088,20251209,94435190,8918899,0,0,S,44400,200,8918898,377330,
000088.SZ,000088,20251209,94435330,8919860,C,0, ,0,300,0,8655821,
000088.SZ,000088,20251209,94435460,8920448,C,0, ,0,1000,0,8677800,
000088.SZ,000088,20251209,94435530,8920852,0,0,B,44500,300,4855490,8920851,
000088.SZ,000088,20251209,94435660,8921437,C,0, ,0,300,8572971,0,
000088.SZ,000088,20251209,94435870,8922242,0,0,S,44400,300,8922241,377330,
000088.SZ,000088,20251209,94436160,8923778,C,0, ,0,300,0,8704501,
000088.SZ,000088,20251209,94436330,8924863,0,0,S,44400,184,8924862,377330,
000088.SZ,000088,20251209,94436330,8924864,0,0,S,44400,1916,8924862,383954,
000088.SZ,000088,20251209,94436350,8925106,0,0,B,44500,100,4855490,8925105,
000088.SZ,000088,20251209,94436350,8925111,0,0,B,44500,100,4855490,8925110,
000088.SZ,000088,20251209,94436360,8925157,0,0,B,44500,300,4855490,8925156,
000088.SZ,000088,20251209,94436370,8925257,0,0,B,44500,200,4855490,8925256,
000088.SZ,000088,20251209,94436400,8925437,0,0,B,44500,100,4855490,8925436,
000088.SZ,000088,20251209,94436510,8926201,C,0, ,0,300,8469550,0,
000088.SZ,000088,20251209,94436610,8926753,0,0,B,44500,400,4855490,8926752,
000088.SZ,000088,20251209,94436610,8926762,0,0,B,44500,300,4855490,8926761,
000088.SZ,000088,20251209,94436690,8927155,C,0, ,0,30000,8260893,0,
000088.SZ,000088,20251209,94436710,8927434,0,0,S,44400,300,8927433,383954,
000088.SZ,000088,20251209,94436760,8927737,C,0, ,0,100,0,5396823,
000088.SZ,000088,20251209,94436960,8928815,0,0,B,44500,100,4855490,8928814,
000088.SZ,000088,20251209,94437160,8929996,C,0, ,0,300,0,8225754,
000088.SZ,000088,20251209,94437220,8930268,0,0,B,44500,300,4855490,8930267,
000088.SZ,000088,20251209,94437270,8930503,0,0,B,44500,200,4855490,8930502,
000088.SZ,000088,20251209,94437360,8931117,0,0,B,44500,300,4855490,8931116,
000088.SZ,000088,20251209,94438250,8935586,0,0,B,44500,300,4855490,8935585,
000088.SZ,000088,20251209,94438280,8935696,0,0,B,44500,200,4855490,8935695,
000088.SZ,000088,20251209,94438280,8935699,0,0,B,44500,200,4855490,8935698,
000088.SZ,000088,20251209,94438620,8937436,0,0,B,44500,300,4855490,8937435,
000088.SZ,000088,20251209,94438940,8938834,0,0,B,44500,300,4855490,8938833,
000088.SZ,000088,20251209,94439270,8940789,C,0, ,0,300,8600505,0,
000088.SZ,000088,20251209,94439300,8940926,0,0,B,44500,300,4855490,8940925,
000088.SZ,000088,20251209,94439310,8941003,0,0,S,44400,300,8941002,383954,
000088.SZ,000088,20251209,94439340,8941180,0,0,B,44500,200,4855490,8941179,
000088.SZ,000088,20251209,94439340,8941182,0,0,B,44500,200,4855490,8941181,
000088.SZ,000088,20251209,94439410,8941512,0,0,B,44500,1700,4855490,8941511,
000088.SZ,000088,20251209,94439470,8941895,0,0,S,44400,300,8941894,383954,
000088.SZ,000088,20251209,94439700,8943216,0,0,S,44400,100,8943215,383954,
000088.SZ,000088,20251209,94440350,8947054,0,0,B,44500,200,4855490,8947053,
000088.SZ,000088,20251209,94441290,8952012,0,0,B,44500,200,4855490,8952011,
000088.SZ,000088,20251209,94441300,8952035,0,0,B,44500,200,4855490,8952034,
000088.SZ,000088,20251209,94441300,8952038,0,0,B,44500,200,4855490,8952037,
000088.SZ,000088,20251209,94441360,8952311,0,0,B,44500,100,4855490,8952310,
000088.SZ,000088,20251209,94441360,8952317,0,0,B,44500,100,4855490,8952316,
000088.SZ,000088,20251209,94441490,8952993,0,0,B,44500,200,4855490,8952992,
000088.SZ,000088,20251209,94442280,8956510,0,0,B,44500,200,4855490,8956509,
000088.SZ,000088,20251209,94442290,8956547,0,0,B,44500,200,4855490,8956546,
000088.SZ,000088,20251209,94442360,8956951,0,0,B,44500,200,4855490,8956950,
000088.SZ,000088,20251209,94442390,8957094,0,0,B,44500,100,4855490,8957093,
000088.SZ,000088,20251209,94443320,8961837,0,0,B,44500,100,4855490,8961836,
000088.SZ,000088,20251209,94443480,8962620,0,0,B,44500,200,4855490,8962619,
000088.SZ,000088,20251209,94443500,8962688,0,0,B,44500,1100,4855490,8962687,
000088.SZ,000088,20251209,94443500,8962689,0,0,B,44500,3600,4855496,8962687,
000088.SZ,000088,20251209,94443500,8962690,0,0,B,44500,400,4878775,8962687,
000088.SZ,000088,20251209,94443500,8962691,0,0,B,44500,600,4883019,8962687,
000088.SZ,000088,20251209,94443500,8962692,0,0,B,44500,1000,4909015,8962687,
000088.SZ,000088,20251209,94443500,8962720,0,0,B,44500,900,4909015,8962719,
000088.SZ,000088,20251209,94443500,8962728,0,0,B,44500,200,4909015,8962727,
000088.SZ,000088,20251209,94443500,8962730,0,0,B,44500,200,4909015,8962729,
000088.SZ,000088,20251209,94443500,8962731,C,0, ,0,2300,0,7663860,
000088.SZ,000088,20251209,94443500,8962735,0,0,B,44500,100,4961888,8962734,
000088.SZ,000088,20251209,94443510,8962763,0,0,B,44500,100,4961888,8962762,
000088.SZ,000088,20251209,94443520,8962826,0,0,B,44500,300,4961888,8962825,
000088.SZ,000088,20251209,94443700,8963870,0,0,S,44400,300,8963869,383954,
000088.SZ,000088,20251209,94444350,8967056,0,0,B,44500,200,4961888,8967055,
000088.SZ,000088,20251209,94444370,8967142,0,0,B,44500,100,4961888,8967141,
000088.SZ,000088,20251209,94444370,8967174,0,0,B,44500,200,5098873,8967173,
000088.SZ,000088,20251209,94444380,8967260,0,0,B,44500,400,5098873,8967259,
000088.SZ,000088,20251209,94444770,8969091,C,0, ,0,300,7205521,0,
000088.SZ,000088,20251209,94445320,8971749,0,0,B,44500,200,5098873,8971748,
000088.SZ,000088,20251209,94445370,8971977,0,0,B,44500,200,5098873,8971976,
000088.SZ,000088,20251209,94446110,8975833,C,0, ,0,5000,7433959,0,
000088.SZ,000088,20251209,94446370,8977331,0,0,B,44500,200,5098873,8977330,
000088.SZ,000088,20251209,94446370,8977342,0,0,B,44500,100,5098873,8977341,
000088.SZ,000088,20251209,94446390,8977457,C,0, ,0,1000,8919352,0,
000088.SZ,000088,20251209,94447280,8981378,0,0,B,44500,200,5098873,8981377,
000088.SZ,000088,20251209,94447300,8981714,0,0,B,44500,500,5098873,8981713,
000088.SZ,000088,20251209,94447460,8982484,0,0,B,44500,200,5098873,8982483,
000088.SZ,000088,20251209,94447860,8984224,0,0,B,44500,100,5098873,8984223,
000088.SZ,000088,20251209,94447860,8984228,0,0,B,44500,100,5098873,8984227,
000088.SZ,000088,20251209,94447860,8984232,0,0,B,44500,100,5134118,8984231,
000088.SZ,000088,20251209,94447870,8984295,0,0,B,44500,100,5134118,8984294,
000088.SZ,000088,20251209,94447880,8984312,0,0,B,44500,100,5134118,8984311,
000088.SZ,000088,20251209,94447880,8984328,0,0,B,44500,100,5134118,8984327,
000088.SZ,000088,20251209,94447880,8984332,0,0,B,44500,100,5134118,8984331,
000088.SZ,000088,20251209,94447890,8984362,0,0,B,44500,100,5134118,8984361,
000088.SZ,000088,20251209,94448260,8985895,C,0, ,0,100,0,8353287,
000088.SZ,000088,20251209,94448280,8986046,0,0,B,44500,100,5134118,8986045,
000088.SZ,000088,20251209,94448280,8986047,0,0,B,44500,100,5142661,8986045,
000088.SZ,000088,20251209,94448290,8986059,0,0,B,44500,100,5142661,8986058,
000088.SZ,000088,20251209,94448290,8986060,0,0,B,44500,100,5203914,8986058,
000088.SZ,000088,20251209,94448290,8986061,0,0,B,44500,300,5221859,8986058,
000088.SZ,000088,20251209,94448290,8986075,0,0,B,44500,100,5221859,8986074,
000088.SZ,000088,20251209,94448290,8986079,0,0,B,44500,300,5230247,8986078,
000088.SZ,000088,20251209,94448290,8986118,0,0,B,44500,100,5230247,8986117,
000088.SZ,000088,20251209,94448350,8986503,0,0,B,44500,100,5230247,8986502,
000088.SZ,000088,20251209,94451250,9000327,0,0,B,44500,300,5230247,9000326,
000088.SZ,000088,20251209,94451260,9000370,0,0,B,44500,200,5230247,9000369,
000088.SZ,000088,20251209,94451270,9000424,0,0,B,44500,100,5230247,9000423,
000088.SZ,000088,20251209,94451330,9000724,0,0,S,44400,4000,9000723,383954,
000088.SZ,000088,20251209,94452470,9006658,C,0, ,0,700,8977472,0,
000088.SZ,000088,20251209,94453700,9014516,0,0,S,44400,400,9014515,383954,
000088.SZ,000088,20251209,94456160,9026413,C,0, ,0,44800,0,297816,
000088.SZ,000088,20251209,94456260,9027100,0,0,B,44500,100,5230247,9027099,
000088.SZ,000088,20251209,94456280,9027195,0,0,B,44500,400,5230247,9027194,
000088.SZ,000088,20251209,94458320,9037366,0,0,B,44500,100,5230247,9037365,
000088.SZ,000088,20251209,94458350,9037481,0,0,S,44400,100,9037480,383954,
000088.SZ,000088,20251209,94459340,9042181,0,0,B,44500,100,5230247,9042180,
000088.SZ,000088,20251209,94459390,9042365,0,0,B,44500,400,5230247,9042364,
000088.SZ,000088,20251209,94500050,9045251,0,0,S,44400,100,9045250,383954,
000088.SZ,000088,20251209,94500200,9046189,0,0,B,44500,200,5230247,9046188,
000088.SZ,000088,20251209,94500210,9046237,0,0,S,44400,100,9046236,383954,
000088.SZ,000088,20251209,94500410,9047944,0,0,S,44400,100,9047943,383954,
000088.SZ,000088,20251209,94500410,9047946,0,0,S,44400,100,9047945,383954,
000088.SZ,000088,20251209,94500530,9049192,0,0,B,44500,300,5230247,9049191,
000088.SZ,000088,20251209,94500550,9049368,0,0,B,44500,100,5230247,9049367,
000088.SZ,000088,20251209,94501120,9054359,0,0,S,44400,1400,9054358,383954,
000088.SZ,000088,20251209,94501920,9060127,0,0,S,44400,100,9060126,383954,
000088.SZ,000088,20251209,94502110,9061284,0,0,S,44400,100,9061283,383954,
000088.SZ,000088,20251209,94503670,9069740,0,0,B,44500,300,5230247,9069739,
000088.SZ,000088,20251209,94503760,9070426,0,0,S,44400,400,9070425,383954,
000088.SZ,000088,20251209,94506360,9083530,0,0,S,44400,1800,9083529,383954,
000088.SZ,000088,20251209,94509330,9100243,0,0,B,44500,100,5230247,9100242,
000088.SZ,000088,20251209,94509330,9100266,0,0,B,44500,200,5230247,9100265,
000088.SZ,000088,20251209,94509330,9100299,C,0, ,0,100,0,7067050,
000088.SZ,000088,20251209,94512240,9118692,0,0,B,44500,200,5230247,9118691,
000088.SZ,000088,20251209,94512250,9118761,0,0,S,44400,1700,9118760,383954,
000088.SZ,000088,20251209,94512410,9120061,0,0,B,44500,1600,5230247,9120060,
000088.SZ,000088,20251209,94513240,9124944,C,0, ,0,9000,5808089,0,
000088.SZ,000088,20251209,94513720,9128187,0,0,S,44400,300,9128186,383954,
000088.SZ,000088,20251209,94514260,9131104,0,0,S,44400,1000,9131103,383954,
000088.SZ,000088,20251209,94515200,9136950,0,0,B,44500,200,5230247,9136949,
000088.SZ,000088,20251209,94521310,9179967,0,0,B,44500,100,5230247,9179966,
000088.SZ,000088,20251209,94521340,9180224,0,0,B,44500,200,5230247,9180223,
000088.SZ,000088,20251209,94523720,9195140,0,0,S,44400,400,9195139,383954,
000088.SZ,000088,20251209,94527870,9220459,C,0, ,0,1600,0,8884181,
000088.SZ,000088,20251209,94528400,9223761,0,0,S,44400,100,9223760,383954,
000088.SZ,000088,20251209,94528690,9225868,0,0,B,44500,400,5230247,9225867,
000088.SZ,000088,20251209,94530240,9234615,0,0,B,44500,200,5230247,9234614,
000088.SZ,000088,20251209,94530270,9234755,0,0,B,44500,100,5230247,9234754,
000088.SZ,000088,20251209,94532320,9249267,0,0,S,44400,3900,9249266,383954,
000088.SZ,000088,20251209,94532340,9249573,0,0,B,44500,100,5230247,9249572,
000088.SZ,000088,20251209,94533240,9254620,0,0,B,44500,100,5230247,9254619,
000088.SZ,000088,20251209,94533240,9254622,0,0,B,44500,200,5230247,9254621,
000088.SZ,000088,20251209,94533680,9257767,0,0,S,44400,400,9257766,383954,
000088.SZ,000088,20251209,94536280,9275899,0,0,B,44500,200,5230247,9275898,
000088.SZ,000088,20251209,94536340,9276414,0,0,S,44400,2100,9276413,383954,
000088.SZ,000088,20251209,94540700,9303054,C,0, ,0,400,0,9225870,
000088.SZ,000088,20251209,94543250,9317511,0,0,S,44400,1200,9317510,383954,
000088.SZ,000088,20251209,94543680,9319983,0,0,S,44400,300,9319982,383954,
000088.SZ,000088,20251209,94546210,9333740,C,0, ,0,7700,9042524,0,
000088.SZ,000088,20251209,94547150,9339640,0,0,S,44400,100,9339639,383954,
000088.SZ,000088,20251209,94548040,9344002,0,0,B,44500,7000,5230247,9344001,
000088.SZ,000088,20251209,94548630,9347398,0,0,B,44500,300,5230247,9347397,
000088.SZ,000088,20251209,94550130,9356546,C,0, ,0,600,0,1178354,
000088.SZ,000088,20251209,94552120,9366392,C,0, ,0,3000,0,8741633,
000088.SZ,000088,20251209,94553690,9374353,0,0,S,44400,400,9374352,383954,
000088.SZ,000088,20251209,94555070,9382871,C,0, ,0,3600,0,7923218,
000088.SZ,000088,20251209,94555230,9383883,C,0, ,0,4200,0,8398959,
000088.SZ,000088,20251209,94557110,9393122,0,0,S,44400,7700,9393121,383954,
000088.SZ,000088,20251209,94558040,9398551,0,0,S,44400,2500,9398550,383954,
000088.SZ,000088,20251209,94558040,9398618,0,0,S,44400,4500,9398617,383954,
000088.SZ,000088,20251209,94558400,9400817,0,0,S,44400,200,9400816,383954,
000088.SZ,000088,20251209,94600040,9410431,C,0, ,0,1300,8387680,0,
000088.SZ,000088,20251209,94600340,9412300,0,0,B,44500,600,5230247,9412299,
000088.SZ,000088,20251209,94600350,9412302,0,0,B,44500,1600,5230247,9412301,
000088.SZ,000088,20251209,94600360,9412409,0,0,B,44500,500,5230247,9412408,
000088.SZ,000088,20251209,94600380,9412569,0,0,B,44500,1700,5230247,9412568,
000088.SZ,000088,20251209,94601800,9422903,0,0,S,44400,1600,9422902,383954,
000088.SZ,000088,20251209,94602350,9426446,0,0,S,44400,400,9426445,383954,
000088.SZ,000088,20251209,94603690,9434555,0,0,S,44400,400,9434554,383954,
000088.SZ,000088,20251209,94605070,9442852,C,0, ,0,300,0,6363007,
000088.SZ,000088,20251209,94605320,9444070,C,0, ,0,1900,0,5704793,
000088.SZ,000088,20251209,94605320,9444073,C,0, ,0,1800,0,7979583,
000088.SZ,000088,20251209,94606040,9447687,C,0, ,0,200,7753709,0,
000088.SZ,000088,20251209,94606320,9450528,0,0,B,44500,3700,5230247,9450527,
000088.SZ,000088,20251209,94606390,9451179,0,0,S,44400,2100,9451178,383954,
000088.SZ,000088,20251209,94609000,9469185,C,0, ,0,100,0,6346347,
000088.SZ,000088,20251209,94609220,9470302,C,0, ,0,100,0,6302980,
000088.SZ,000088,20251209,94609500,9472437,0,0,S,44400,100,9472436,383954,
000088.SZ,000088,20251209,94609630,9473321,0,0,S,44400,100,9473320,383954,
000088.SZ,000088,20251209,94609650,9473423,0,0,S,44400,200,9473422,383954,
000088.SZ,000088,20251209,94609680,9473610,0,0,S,44400,100,9473609,383954,
000088.SZ,000088,20251209,94609700,9473707,0,0,S,44400,100,9473706,383954,
000088.SZ,000088,20251209,94609740,9474077,0,0,S,44400,14100,9474076,383954,
000088.SZ,000088,20251209,94609740,9474155,0,0,S,44400,42084,9474154,383954,
000088.SZ,000088,20251209,94609740,9474156,0,0,S,44400,5000,9474154,400981,
000088.SZ,000088,20251209,94609740,9474157,0,0,S,44400,10000,9474154,439781,
000088.SZ,000088,20251209,94609740,9474158,0,0,S,44400,5000,9474154,487179,
000088.SZ,000088,20251209,94609740,9474159,0,0,S,44400,600,9474154,497892,
000088.SZ,000088,20251209,94609740,9474160,0,0,S,44400,600,9474154,525068,
000088.SZ,000088,20251209,94609740,9474161,0,0,S,44400,1300,9474154,746252,
000088.SZ,000088,20251209,94609740,9474162,0,0,S,44400,300,9474154,792553,
000088.SZ,000088,20251209,94609740,9474163,0,0,S,44400,2000,9474154,793102,
000088.SZ,000088,20251209,94609740,9474164,0,0,S,44400,234400,9474154,803702,
000088.SZ,000088,20251209,94609740,9474165,0,0,S,44400,3000,9474154,807348,
000088.SZ,000088,20251209,94609740,9474166,0,0,S,44400,1100,9474154,904492,
000088.SZ,000088,20251209,94609740,9474167,0,0,S,44400,9900,9474154,910745,
000088.SZ,000088,20251209,94609740,9474168,0,0,S,44400,1000,9474154,926699,
000088.SZ,000088,20251209,94609740,9474169,0,0,S,44400,1400,9474154,950738,
000088.SZ,000088,20251209,94609740,9474170,0,0,S,44400,500,9474154,956633,
000088.SZ,000088,20251209,94609740,9474171,0,0,S,44400,100,9474154,956856,
000088.SZ,000088,20251209,94609740,9474172,0,0,S,44400,300,9474154,959340,
000088.SZ,000088,20251209,94609740,9474173,0,0,S,44400,1100,9474154,967514,
000088.SZ,000088,20251209,94609740,9474174,0,0,S,44400,500,9474154,969917,
000088.SZ,000088,20251209,94609740,9474175,0,0,S,44400,500,9474154,1003867,
000088.SZ,000088,20251209,94609740,9474176,0,0,S,44400,300,9474154,1003868,
000088.SZ,000088,20251209,94609740,9474177,0,0,S,44400,500,9474154,1003869,
000088.SZ,000088,20251209,94609740,9474178,0,0,S,44400,100,9474154,1076995,
000088.SZ,000088,20251209,94609740,9474179,0,0,S,44400,100,9474154,1078150,
000088.SZ,000088,20251209,94609740,9474180,0,0,S,44400,11000,9474154,1080627,
000088.SZ,000088,20251209,94609740,9474181,0,0,S,44400,10000,9474154,1108275,
000088.SZ,000088,20251209,94609740,9474182,0,0,S,44400,600,9474154,1141408,
000088.SZ,000088,20251209,94609740,9474183,0,0,S,44400,2200,9474154,1189825,
000088.SZ,000088,20251209,94609740,9474184,0,0,S,44400,3000,9474154,1231961,
000088.SZ,000088,20251209,94609740,9474185,0,0,S,44400,10200,9474154,1235813,
000088.SZ,000088,20251209,94609740,9474186,0,0,S,44400,10000,9474154,1242988,
000088.SZ,000088,20251209,94609740,9474187,0,0,S,44400,7200,9474154,1252238,
000088.SZ,000088,20251209,94609740,9474188,0,0,S,44400,900,9474154,1301084,
000088.SZ,000088,20251209,94609740,9474189,0,0,S,44400,100,9474154,1343631,
000088.SZ,000088,20251209,94609740,9474190,0,0,S,44400,300,9474154,1396561,
000088.SZ,000088,20251209,94609740,9474191,0,0,S,44400,100,9474154,1398848,
000088.SZ,000088,20251209,94609740,9474192,0,0,S,44400,100,9474154,1398852,
000088.SZ,000088,20251209,94609740,9474193,0,0,S,44400,300,9474154,1398858,
000088.SZ,000088,20251209,94609740,9474194,0,0,S,44400,900,9474154,1400766,
000088.SZ,000088,20251209,94609740,9474195,0,0,S,44400,700,9474154,1481203,
000088.SZ,000088,20251209,94609740,9474196,0,0,S,44400,10700,9474154,1761363,
000088.SZ,000088,20251209,94609740,9474197,0,0,S,44400,500,9474154,2064013,
000088.SZ,000088,20251209,94609740,9474198,0,0,S,44400,9000,9474154,2081436,
000088.SZ,000088,20251209,94609740,9474199,0,0,S,44400,1800,9474154,2138922,
000088.SZ,000088,20251209,94609740,9474200,0,0,S,44400,100,9474154,2162949,
000088.SZ,000088,20251209,94609740,9474201,0,0,S,44400,800,9474154,2163195,
000088.SZ,000088,20251209,94609740,9474202,0,0,S,44400,100,9474154,2168709,
000088.SZ,000088,20251209,94609740,9474203,0,0,S,44400,1700,9474154,2280032,
000088.SZ,000088,20251209,94609740,9474204,0,0,S,44400,700,9474154,2442708,
000088.SZ,000088,20251209,94609740,9474205,0,0,S,44400,5000,9474154,2460930,
000088.SZ,000088,20251209,94609740,9474206,0,0,S,44400,100,9474154,2485001,
000088.SZ,000088,20251209,94609740,9474207,0,0,S,44400,4900,9474154,2489569,
000088.SZ,000088,20251209,94609740,9474208,0,0,S,44400,20000,9474154,2595148,
000088.SZ,000088,20251209,94609740,9474209,0,0,S,44400,500,9474154,2595407,
000088.SZ,000088,20251209,94609740,9474210,0,0,S,44400,17700,9474154,2634600,
000088.SZ,000088,20251209,94609740,9474211,0,0,S,44400,1500,9474154,2745131,
000088.SZ,000088,20251209,94609740,9474212,0,0,S,44400,2500,9474154,2832849,
000088.SZ,000088,20251209,94609740,9474213,0,0,S,44400,10000,9474154,2929794,
000088.SZ,000088,20251209,94609740,9474214,0,0,S,44400,11000,9474154,2946609,
000088.SZ,000088,20251209,94609740,9474215,0,0,S,44400,500,9474154,2965094,
000088.SZ,000088,20251209,94609740,9474216,0,0,S,44400,200,9474154,3028736,
000088.SZ,000088,20251209,94609740,9474217,0,0,S,44400,2000,9474154,3195401,
000088.SZ,000088,20251209,94609740,9474218,0,0,S,44400,3000,9474154,3421528,
000088.SZ,000088,20251209,94609740,9474219,0,0,S,44400,1000,9474154,3443912,
000088.SZ,000088,20251209,94609740,9474220,0,0,S,44400,200,9474154,3452812,
000088.SZ,000088,20251209,94609740,9474221,0,0,S,44400,1000,9474154,3464193,
000088.SZ,000088,20251209,94609740,9474222,0,0,S,44400,100,9474154,3532657,
000088.SZ,000088,20251209,94609740,9474223,0,0,S,44400,3200,9474154,3593191,
000088.SZ,000088,20251209,94609740,9474224,0,0,S,44400,100000,9474154,3596294,
000088.SZ,000088,20251209,94609740,9474225,0,0,S,44400,6000,9474154,3648730,
000088.SZ,000088,20251209,94609740,9474226,0,0,S,44400,20000,9474154,3654640,
000088.SZ,000088,20251209,94609740,9474227,0,0,S,44400,1000,9474154,3711240,
