万得代码,交易所代码,自然日,时间,成交价,成交量,成交额,成交笔数,IOPV,成交标志,BS标志,当日累计成交量,当日成交额,最高价,最低价,开盘价,前收盘,申卖价1,申卖价2,申卖价3,申卖价4,申卖价5,申卖价6,申卖价7,申卖价8,申卖价9,申卖价10,申卖量1,申卖量2,申卖量3,申卖量4,申卖量5,申卖量6,申卖量7,申卖量8,申卖量9,申卖量10,申买价1,申买价2,申买价3,申买价4,申买价5,申买价6,申买价7,申买价8,申买价9,申买价10,申买量1,申买量2,申买量3,申买量4,申买量5,申买量6,申买量7,申买量8,申买量9,申买量10,加权平均叫卖价,加权平均叫买价,叫卖总量,叫买总量,不加权指数,品种总数,上涨品种数,下跌品种数,持平品种数,
000030.SZ,000030,20251209,81606000,0,0,0,0,0,,,0,0,0,0,0,56600,0,0,0,0,0,0,0,0,0,0,0,0,0,0,0,0,0,0,0,0,0,0,0,0,0,0,0,0,0,0,0,0,0,0,0,0,0,0,0,0,0,0,0,0,0,0,0,0,0,
000030.SZ,000030,20251209,91500000,0,0,0,0,0,,,0,0,0,0,0,56600,57300,0,0,0,0,0,0,0,0,0,900,500,0,0,0,0,0,0,0,0,57300,0,0,0,0,0,0,0,0,0,900,0,0,0,0,0,0,0,0,0,0,0,0,0,0,0,0,0,0,
000030.SZ,000030,20251209,91509000,0,0,0,0,0,,,0,0,0,0,0,56600,57000,0,0,0,0,0,0,0,0,0,11600,5040,0,0,0,0,0,0,0,0,57000,0,0,0,0,0,0,0,0,0,11600,0,0,0,0,0,0,0,0,0,0,0,0,0,0,0,0,0,0,
000030.SZ,000030,20251209,91518000,0,0,0,0,0,,,0,0,0,0,0,56600,57000,0,0,0,0,0,0,0,0,0,11600,5640,0,0,0,0,0,0,0,0,57000,0,0,0,0,0,0,0,0,0,11600,0,0,0,0,0,0,0,0,0,0,0,0,0,0,0,0,0,0,
000030.SZ,000030,20251209,91536000,0,0,0,0,0,,,0,0,0,0,0,56600,57100,0,0,0,0,0,0,0,0,0,19400,1840,0,0,0,0,0,0,0,0,57100,0,0,0,0,0,0,0,0,0,19400,0,0,0,0,0,0,0,0,0,0,0,0,0,0,0,0,0,0,
000030.SZ,000030,20251209,91612000,0,0,0,0,0,,,0,0,0,0,0,56600,57100,0,0,0,0,0,0,0,0,0,19400,2840,0,0,0,0,0,0,0,0,57100,0,0,0,0,0,0,0,0,0,19400,0,0,0,0,0,0,0,0,0,0,0,0,0,0,0,0,0,0,
000030.SZ,000030,20251209,91715000,0,0,0,0,0,,,0,0,0,0,0,56600,57100,0,0,0,0,0,0,0,0,0,21900,340,0,0,0,0,0,0,0,0,57100,0,0,0,0,0,0,0,0,0,21900,0,0,0,0,0,0,0,0,0,0,0,0,0,0,0,0,0,0,
000030.SZ,000030,20251209,91827000,0,0,0,0,0,,,0,0,0,0,0,56600,57300,0,0,0,0,0,0,0,0,0,11200,3740,0,0,0,0,0,0,0,0,57300,0,0,0,0,0,0,0,0,0,11200,0,0,0,0,0,0,0,0,0,0,0,0,0,0,0,0,0,0,
000030.SZ,000030,20251209,91836000,0,0,0,0,0,,,0,0,0,0,0,56600,57500,0,0,0,0,0,0,0,0,0,21100,86040,0,0,0,0,0,0,0,0,57500,0,0,0,0,0,0,0,0,0,21100,0,0,0,0,0,0,0,0,0,0,0,0,0,0,0,0,0,0,
000030.SZ,000030,20251209,91845000,0,0,0,0,0,,,0,0,0,0,0,56600,57500,0,0,0,0,0,0,0,0,0,21100,96040,0,0,0,0,0,0,0,0,57500,0,0,0,0,0,0,0,0,0,21100,0,0,0,0,0,0,0,0,0,0,0,0,0,0,0,0,0,0,
000030.SZ,000030,20251209,91854000,0,0,0,0,0,,,0,0,0,0,0,56600,57500,0,0,0,0,0,0,0,0,0,21100,97040,0,0,0,0,0,0,0,0,57500,0,0,0,0,0,0,0,0,0,21100,0,0,0,0,0,0,0,0,0,0,0,0,0,0,0,0,0,0,
000030.SZ,000030,20251209,91912000,0,0,0,0,0,,,0,0,0,0,0,56600,57500,0,0,0,0,0,0,0,0,0,21200,96940,0,0,0,0,0,0,0,0,57500,0,0,0,0,0,0,0,0,0,21200,0,0,0,0,0,0,0,0,0,0,0,0,0,0,0,0,0,0,
000030.SZ,000030,20251209,91930000,0,0,0,0,0,,,0,0,0,0,0,56600,57300,0,0,0,0,0,0,0,0,0,14300,640,0,0,0,0,0,0,0,0,57300,0,0,0,0,0,0,0,0,0,14300,0,0,0,0,0,0,0,0,0,0,0,0,0,0,0,0,0,0,
000030.SZ,000030,20251209,91948000,0,0,0,0,0,,,0,0,0,0,0,56600,56700,0,0,0,0,0,0,0,0,0,3500,900,0,0,0,0,0,0,0,0,56700,0,0,0,0,0,0,0,0,0,3500,0,0,0,0,0,0,0,0,0,0,0,0,0,0,0,0,0,0,
000030.SZ,000030,20251209,91957000,0,0,0,0,0,,,0,0,0,0,0,56600,56200,0,0,0,0,0,0,0,0,0,7900,0,0,0,0,0,0,0,0,0,56200,0,0,0,0,0,0,0,0,0,7900,1600,0,0,0,0,0,0,0,0,0,0,0,0,0,0,0,0,0,
000030.SZ,000030,20251209,92009000,0,0,0,0,0,,,0,0,0,0,0,56600,56200,0,0,0,0,0,0,0,0,0,8200,0,0,0,0,0,0,0,0,0,56200,0,0,0,0,0,0,0,0,0,8200,1300,0,0,0,0,0,0,0,0,0,0,0,0,0,0,0,0,0,
000030.SZ,000030,20251209,92121000,0,0,0,0,0,,,0,0,0,0,0,56600,56200,0,0,0,0,0,0,0,0,0,8200,0,0,0,0,0,0,0,0,0,56200,0,0,0,0,0,0,0,0,0,8200,9300,0,0,0,0,0,0,0,0,0,0,0,0,0,0,0,0,0,
000030.SZ,000030,20251209,92139000,0,0,0,0,0,,,0,0,0,0,0,56600,56300,0,0,0,0,0,0,0,0,0,8200,0,0,0,0,0,0,0,0,0,56300,0,0,0,0,0,0,0,0,0,8200,2200,0,0,0,0,0,0,0,0,0,0,0,0,0,0,0,0,0,
000030.SZ,000030,20251209,92157000,0,0,0,0,0,,,0,0,0,0,0,56600,56300,0,0,0,0,0,0,0,0,0,8200,0,0,0,0,0,0,0,0,0,56300,0,0,0,0,0,0,0,0,0,8200,10200,0,0,0,0,0,0,0,0,0,0,0,0,0,0,0,0,0,
000030.SZ,000030,20251209,92215000,0,0,0,0,0,,,0,0,0,0,0,56600,56200,0,0,0,0,0,0,0,0,0,29500,57100,0,0,0,0,0,0,0,0,56200,0,0,0,0,0,0,0,0,0,29500,0,0,0,0,0,0,0,0,0,0,0,0,0,0,0,0,0,0,
000030.SZ,000030,20251209,92309000,0,0,0,0,0,,,0,0,0,0,0,56600,56200,0,0,0,0,0,0,0,0,0,31500,55100,0,0,0,0,0,0,0,0,56200,0,0,0,0,0,0,0,0,0,31500,0,0,0,0,0,0,0,0,0,0,0,0,0,0,0,0,0,0,
000030.SZ,000030,20251209,92318000,0,0,0,0,0,,,0,0,0,0,0,56600,56200,0,0,0,0,0,0,0,0,0,32600,54400,0,0,0,0,0,0,0,0,56200,0,0,0,0,0,0,0,0,0,32600,0,0,0,0,0,0,0,0,0,0,0,0,0,0,0,0,0,0,
000030.SZ,000030,20251209,92327000,0,0,0,0,0,,,0,0,0,0,0,56600,56200,0,0,0,0,0,0,0,0,0,37600,49500,0,0,0,0,0,0,0,0,56200,0,0,0,0,0,0,0,0,0,37600,0,0,0,0,0,0,0,0,0,0,0,0,0,0,0,0,0,0,
000030.SZ,000030,20251209,92403000,0,0,0,0,0,,,0,0,0,0,0,56600,56200,0,0,0,0,0,0,0,0,0,37800,49300,0,0,0,0,0,0,0,0,56200,0,0,0,0,0,0,0,0,0,37800,0,0,0,0,0,0,0,0,0,0,0,0,0,0,0,0,0,0,
000030.SZ,000030,20251209,92439000,0,0,0,0,0,,,0,0,0,0,0,56600,56200,0,0,0,0,0,0,0,0,0,44900,42200,0,0,0,0,0,0,0,0,56200,0,0,0,0,0,0,0,0,0,44900,0,0,0,0,0,0,0,0,0,0,0,0,0,0,0,0,0,0,
000030.SZ,000030,20251209,92457000,0,0,0,0,0,,,0,0,0,0,0,56600,56300,0,0,0,0,0,0,0,0,0,88300,0,0,0,0,0,0,0,0,0,56300,0,0,0,0,0,0,0,0,0,88300,2800,0,0,0,0,0,0,0,0,0,0,0,0,0,0,0,0,0,
000030.SZ,000030,20251209,92500000,56500,97400,550310,42,0,,,97400,550310,56500,56500,56500,56600,56600,56700,56800,57000,57100,57200,57300,57400,57500,57600,100100,1000,200,13340,4000,500,4000,6000,104500,29454,56500,56400,56300,56200,56100,56000,55900,55800,55700,55600,17200,53200,21500,37200,4700,31000,50000,19800,17500,7000,58800,54700,1420294,597200,0,0,0,0,0,
000030.SZ,000030,20251209,93000000,56500,4300,24296,47,0,,,101700,574606,56600,56500,56500,56600,56600,56700,56800,57000,57100,57200,57300,57400,57500,57600,100000,1000,200,13340,14000,500,4000,6000,106500,29454,56500,56300,56200,56100,56000,55900,55800,55700,55600,55500,16900,14400,37200,4700,22200,54000,59800,17500,7000,1700,58800,54600,1434694,571800,0,0,0,0,0,
000030.SZ,000030,20251209,93003000,56500,51000,288220,98,0,,,152700,862826,56600,56500,56500,56600,56600,56700,56800,57000,57100,57200,57300,57400,57500,57600,102800,1000,200,13340,24000,22500,14000,35000,112200,34454,56500,56400,56300,56200,56100,56000,55900,55800,55700,55600,11100,600,14000,44900,25700,22200,54800,67600,37500,7000,58700,54700,1593994,636500,0,0,0,0,0,
000030.SZ,000030,20251209,93006000,56500,12500,70625,132,0,,,165200,933451,56600,56500,56500,56600,56600,56700,56800,57000,57100,57200,57300,57400,57500,57600,120700,1000,500,13340,24000,22500,14000,35000,112200,34454,56500,56400,56300,56200,56100,56000,55900,55800,55700,55600,79100,1000,16000,45900,25700,22700,54800,67600,37500,7000,58700,54900,1618594,706600,0,0,0,0,0,
000030.SZ,000030,20251209,93009000,56500,23900,135045,155,0,,,189100,1068496,56600,56500,56500,56600,56600,56700,56800,57000,57100,57200,57300,57400,57500,57600,122700,1000,500,28340,24000,22500,14000,35000,112100,34454,56500,56400,56300,56200,56100,56000,55900,55800,55700,55600,59000,3400,16000,45900,25700,22700,54800,67600,37500,7000,58700,54900,1635494,688900,0,0,0,0,0,
000030.SZ,000030,20251209,93012000,56500,31300,176860,178,0,,,220400,1245356,56600,56500,56500,56600,56600,56700,56800,57000,57100,57200,57300,57400,57500,57600,121300,1000,600,28340,24000,22500,14000,35000,112100,34454,56500,56400,56300,56200,56100,56000,55900,55800,55700,55600,31300,4200,16000,45900,25700,22700,54800,67600,37500,7000,58700,54800,1634194,662000,0,0,0,0,0,
000030.SZ,000030,20251209,93015000,56500,28800,162724,259,0,,,249200,1408080,56600,56500,56500,56600,56600,56700,56800,57000,57100,57200,57300,57400,57500,57600,124500,1000,600,28340,24000,22500,14000,35000,112100,34454,56500,56400,56300,56200,56100,56000,55900,55800,55700,55600,8800,4200,16000,45900,25700,22700,54800,67600,37500,7000,58700,54700,1637394,639500,0,0,0,0,0,
000030.SZ,000030,20251209,93018000,56500,14700,83055,291,0,,,263900,1491135,56600,56500,56500,56600,56500,56600,56700,56800,57000,57100,57200,57300,57400,57500,700,134100,1000,600,28340,24000,22500,14000,35000,112100,56400,56300,56200,56100,56000,55900,55800,55700,55600,55500,4200,16000,45900,25700,22700,54800,67600,37500,7000,3700,58700,54700,1647694,630700,0,0,0,0,0,
000030.SZ,000030,20251209,93021000,56400,4100,23129,306,0,,,268000,1514264,56600,56400,56500,56600,56500,56600,56800,57000,57100,57200,57300,57400,57500,57600,39500,124300,600,28340,24000,27500,15000,35000,112100,34454,56400,56300,56200,56100,56000,55900,55800,55700,55600,55500,3500,17700,45900,25700,22700,54800,67600,37500,7000,3700,58600,54700,1681694,631700,0,0,0,0,0,
000030.SZ,000030,20251209,93024000,56300,22100,124458,326,0,,,290100,1638722,56600,56300,56500,56600,56300,56400,56500,56600,56800,57000,57100,57200,57300,57400,2600,9700,42600,124600,300,28340,24000,27500,15000,35000,56200,56100,56000,55900,55800,55700,55600,55500,55300,55200,46200,25700,22700,54800,67600,37500,7000,3700,10000,4100,58600,54700,1697094,610800,0,0,0,0,0,
000030.SZ,000030,20251209,93027000,56300,1500,8445,332,0,,,291600,1647167,56600,56300,56500,56600,56400,56500,56600,56800,57000,57100,57200,57300,57400,57500,26500,27500,105200,300,28340,24000,27500,15000,35000,112100,56300,56200,56100,56000,55900,55800,55700,55600,55500,55300,3500,50800,25700,22700,54800,67600,37500,7000,3700,10000,58600,54700,1675794,618900,0,0,0,0,0,
000030.SZ,000030,20251209,93030000,56300,6900,38847,346,0,,,298500,1686014,56600,56300,56500,56600,56400,56500,56600,56800,57000,57100,57200,57300,57400,57500,27500,27500,105200,300,28340,24000,27500,15000,35000,112100,56300,56200,56100,56000,55900,55800,55700,55600,55500,55300,4400,49500,25700,22700,54800,67600,37500,7000,3700,10000,58600,54700,1677894,618500,0,0,0,0,0,
000030.SZ,000030,20251209,93033000,56300,500,2817,348,0,,,299000,1688831,56600,56300,56500,56600,56400,56500,56600,56800,57000,57100,57200,57300,57400,57500,27600,27600,104200,200,28340,24000,27500,15000,35000,111900,56300,56200,56100,56000,55900,55800,55700,55600,55500,55300,17700,47900,25700,22700,54800,67600,37500,7000,3700,10000,58600,54700,1676794,630200,0,0,0,0,0,
000030.SZ,000030,20251209,93036000,56300,9400,52965,370,0,,,308400,1741796,56600,56300,56500,56600,56400,56500,56600,56800,57000,57100,57200,57300,57400,57500,23300,29300,104100,200,28340,24000,27500,15000,35000,112100,56300,56200,56100,56000,55900,55800,55700,55600,55500,55300,41400,47900,25700,22700,54800,67600,37500,7000,3700,10000,58600,54800,1674394,653900,0,0,0,0,0,
000030.SZ,000030,20251209,93039000,56400,13800,77802,382,0,,,322200,1819598,56600,56300,56500,56600,56400,56500,56600,56800,57000,57100,57200,57300,57400,57500,13700,27800,103800,200,28340,24000,27500,15000,35000,112100,56300,56200,56100,56000,55900,55800,55700,55600,55500,55300,52600,47900,27400,22700,54800,67600,37500,7000,3700,10000,58700,54800,1662994,666800,0,0,0,0,0,
000030.SZ,000030,20251209,93042000,56400,14700,82908,406,0,,,336900,1902506,56600,56300,56500,56600,56500,56600,56800,57000,57100,57200,57300,57400,57500,57600,27800,103800,200,28340,24000,27500,15000,35000,112100,34454,56400,56300,56200,56100,56000,55900,55800,55700,55600,55500,13900,62200,47900,25400,22700,54800,67600,37500,7000,3700,58700,54900,1649294,688300,0,0,0,0,0,
000030.SZ,000030,20251209,93045000,56400,6900,38916,412,0,,,343800,1941422,56600,56300,56500,56600,56500,56600,56800,57000,57100,57200,57300,57400,57500,57600,14500,103800,200,28340,24000,27500,15000,35000,112100,34454,56400,56300,56200,56100,56000,55900,55800,55700,55600,55500,9500,43500,47900,25400,22700,54800,67600,37500,7000,3700,58700,54800,1635994,665200,0,0,0,0,0,
000030.SZ,000030,20251209,93048000,56400,1000,5640,413,0,,,344800,1947062,56600,56300,56500,56600,56500,56600,56800,57000,57100,57200,57300,57400,57500,57600,14500,103800,200,28340,24000,27500,15000,35000,112100,34454,56400,56300,56200,56100,56000,55900,55800,55700,55600,55500,11500,42800,47900,28400,22700,54800,67600,37500,7000,3700,58700,54800,1635994,669500,0,0,0,0,0,
000030.SZ,000030,20251209,93051000,56400,2300,12972,415,0,,,347100,1960034,56600,56300,56500,56600,56500,56600,56800,57000,57100,57200,57300,57400,57500,57600,14500,103800,200,28340,24000,27500,15000,35000,112100,34454,56400,56300,56200,56100,56000,55900,55800,55700,55600,55500,11100,44600,47900,28400,22700,55300,67600,37500,7000,3700,58700,54800,1635994,671400,0,0,0,0,0,
000030.SZ,000030,20251209,93054000,56400,0,0,415,0,,,347100,1960034,56600,56300,56500,56600,56500,56600,56800,57000,57100,57200,57300,57400,57500,57600,14500,103800,200,13340,24000,27500,15000,35000,112100,34454,56400,56300,56200,56100,56000,55900,55800,55700,55600,55500,13700,44700,47900,28400,22700,55300,67600,37500,7000,3700,58700,54800,1620994,674100,0,0,0,0,0,
000030.SZ,000030,20251209,93057000,56400,600,3384,416,0,,,347700,1963418,56600,56300,56500,56600,56500,56600,56800,57000,57100,57200,57300,57400,57500,57600,14500,103800,200,13340,24000,27500,15000,35000,112100,34454,56400,56300,56200,56100,56000,55900,55800,55700,55600,55500,18100,44700,47900,28400,22700,55300,67600,37500,7000,3700,58700,54800,1620994,698500,0,0,0,0,0,
000030.SZ,000030,20251209,93100000,56400,200,1128,418,0,,,347900,1964546,56600,56300,56500,56600,56500,56600,56800,57000,57100,57200,57300,57400,57500,57600,114500,103800,200,13340,24000,27500,15000,35000,112100,34454,56400,56300,56200,56100,56000,55900,55800,55700,55600,55500,20700,44700,47900,28400,22700,55300,67600,37500,7000,3700,58600,54800,1720994,701100,0,0,0,0,0,
000030.SZ,000030,20251209,93103000,56400,700,3948,419,0,,,348600,1968494,56600,56300,56500,56600,56500,56600,56800,57000,57100,57200,57300,57400,57500,57600,114500,103800,200,13340,24000,27500,15000,35000,112100,34454,56400,56300,56200,56100,56000,55900,55800,55700,55600,55500,32500,44700,47900,28400,22700,55300,67600,37500,7000,3700,58600,54900,1720994,712900,0,0,0,0,0,
000030.SZ,000030,20251209,93106000,56400,1000,5640,421,0,,,349600,1974134,56600,56300,56500,56600,56500,56600,56800,57000,57100,57200,57300,57400,57500,57600,114500,103700,200,13340,24000,27500,15000,35000,112100,34454,56400,56300,56200,56100,56000,55900,55800,55700,55600,55500,33700,44700,47900,28400,22700,55300,67600,37500,7000,3700,58600,54900,1720894,714100,0,0,0,0,0,
000030.SZ,000030,20251209,93109000,56400,800,4512,423,0,,,350400,1978646,56600,56300,56500,56600,56500,56600,56800,57000,57100,57200,57300,57400,57500,57600,114900,103700,200,13340,24000,27500,15000,35000,112100,34454,56400,56300,56200,56100,56000,55900,55800,55700,55600,55500,37400,44700,47900,31400,22700,55300,67600,37500,7000,3700,58600,54900,1721294,720800,0,0,0,0,0,
000030.SZ,000030,20251209,93112000,56400,0,0,423,0,,,350400,1978646,56600,56300,56500,56600,56500,56600,56800,57000,57100,57200,57300,57400,57500,57600,115000,103800,200,13340,24000,27500,15000,35000,111900,34454,56400,56300,56200,56100,56000,55900,55800,55700,55600,55500,40400,44800,47900,31400,22700,55300,67600,37500,7000,3700,58600,54900,1721294,723900,0,0,0,0,0,
000030.SZ,000030,20251209,93115000,56400,0,0,423,0,,,350400,1978646,56600,56300,56500,56600,56500,56600,56800,57000,57100,57200,57300,57400,57500,57600,125000,103800,200,13540,24000,27500,15000,35000,111900,34454,56400,56300,56200,56100,56000,55900,55800,55700,55600,55500,44600,44800,47900,31400,22700,55300,67600,37500,7000,3700,58600,54900,1727294,728100,0,0,0,0,0,
000030.SZ,000030,20251209,93118000,56500,4300,24253,431,0,,,354700,2002899,56600,56300,56500,56600,56500,56600,56800,57000,57100,57200,57300,57400,57500,57600,126900,103800,200,13540,24000,27500,15000,35000,111900,34454,56400,56300,56200,56100,56000,55900,55800,55700,55600,55500,43800,49800,47900,31400,22700,55300,67600,37500,7000,3700,58600,54900,1729394,732300,0,0,0,0,0,
000030.SZ,000030,20251209,93121000,56500,2000,11283,438,0,,,356700,2014182,56600,56300,56500,56600,56500,56600,56800,57000,57100,57200,57300,57400,57500,57600,126600,103800,200,13540,24000,27500,15000,35000,111900,34454,56400,56300,56200,56100,56000,55900,55800,55700,55600,55500,58500,49800,47900,31400,22700,55300,67600,37500,7000,3700,58600,54900,1729094,747000,0,0,0,0,0,
000030.SZ,000030,20251209,93124000,56500,0,0,438,0,,,356700,2014182,56600,56300,56500,56600,56500,56600,56800,57000,57100,57200,57300,57400,57500,57600,126600,103800,200,13540,24000,27500,15000,35000,111900,34454,56400,56300,56200,56100,56000,55900,55800,55700,55600,55500,62500,52200,47900,31400,22700,55300,67600,37500,7000,3700,58600,55000,1734094,753400,0,0,0,0,0,
000030.SZ,000030,20251209,93127000,56500,800,4520,442,0,,,357500,2018702,56600,56300,56500,56600,56500,56600,56800,57000,57100,57200,57300,57400,57500,57600,117400,103800,200,13540,24000,27500,15000,35000,111900,34454,56400,56300,56200,56100,56000,55900,55800,55700,55600,55500,63700,152200,47900,31400,22700,55300,67600,37500,7000,3700,58600,55100,1724894,854600,0,0,0,0,0,
000030.SZ,000030,20251209,93130000,56500,4300,24295,456,0,,,361800,2042997,56600,56300,56500,56600,56500,56600,56800,57000,57100,57200,57300,57400,57500,57600,113100,103100,200,13540,24000,27500,15000,35000,111900,34454,56400,56300,56200,56100,56000,55900,55800,55700,55600,55500,64200,149000,47900,31400,22700,55300,67600,37500,7000,3700,58600,55100,1719894,851900,0,0,0,0,0,
000030.SZ,000030,20251209,93133000,56400,7700,43498,479,0,,,369500,2086495,56600,56300,56500,56600,56500,56600,56800,57000,57100,57200,57300,57400,57500,57600,106100,103100,200,13540,24000,27500,15000,35000,111900,34454,56400,56300,56200,56100,56000,55900,55800,55700,55600,55500,63800,151100,47900,41400,22700,55300,67600,37500,7000,3700,58600,55100,1713194,863600,0,0,0,0,0,
000030.SZ,000030,20251209,93136000,56400,0,0,479,0,,,369500,2086495,56600,56300,56500,56600,56500,56600,56800,57000,57100,57200,57300,57400,57500,57600,106100,103100,200,13540,24000,27500,15000,35000,111900,34454,56400,56300,56200,56100,56000,55900,55800,55700,55600,55500,74700,151100,47900,41400,22700,55300,67600,37500,7000,3700,58600,55100,1713194,874500,0,0,0,0,0,
000030.SZ,000030,20251209,93139000,56500,100,565,480,0,,,369600,2087060,56600,56300,56500,56600,56500,56600,56800,57000,57100,57200,57300,57400,57500,57600,114500,103100,200,13540,24000,27500,15000,35000,111900,34454,56400,56300,56200,56100,56000,55900,55800,55700,55600,55500,74700,251100,47900,41400,22700,55300,67600,37500,7000,3700,58600,55300,1722394,974500,0,0,0,0,0,
000030.SZ,000030,20251209,93142000,56500,0,0,480,0,,,369600,2087060,56600,56300,56500,56600,56500,56600,56800,57000,57100,57200,57300,57400,57500,57600,114500,103100,200,23540,124000,27500,15000,35000,111900,34454,56400,56300,56200,56100,56000,55900,55800,55700,55600,55500,78400,251100,47900,41400,22700,55300,67600,37500,7000,3700,58500,55300,1832394,978200,0,0,0,0,0,
000030.SZ,000030,20251209,93145000,56400,300,1692,482,0,,,369900,2088752,56600,56300,56500,56600,56500,56600,56800,57000,57100,57200,57300,57400,57500,57600,114500,103100,200,23540,124000,27500,15000,35000,111900,34454,56400,56300,56200,56100,56000,55900,55800,55700,55600,55500,81500,251100,47900,41400,22700,55300,67600,37500,7000,3700,58500,55300,1832394,981300,0,0,0,0,0,
000030.SZ,000030,20251209,93148000,56500,48400,272987,531,0,,,418300,2361739,56600,56300,56500,56600,56500,56600,56800,57000,57100,57200,57300,57400,57500,57600,113400,103200,200,23540,124000,27500,15000,35000,111900,34454,56400,56300,56200,56100,56000,55900,55800,55700,55600,55500,36000,251100,47900,41400,22700,55300,67600,37500,7000,3700,58500,55200,1831394,935800,0,0,0,0,0,
000030.SZ,000030,20251209,93151000,56400,1400,7896,532,0,,,419700,2369635,56600,56300,56500,56600,56500,56600,56800,57000,57100,57200,57300,57400,57500,57600,113400,103200,200,23540,124000,27500,15000,35000,111900,34454,56400,56300,56200,56100,56000,55900,55800,55700,55600,55500,34400,251100,47900,41400,22700,55300,67600,37500,7000,3700,58500,55200,1831394,934200,0,0,0,0,0,
000030.SZ,000030,20251209,93154000,56400,200,1128,533,0,,,419900,2370763,56600,56300,56500,56600,56500,56600,56800,57000,57100,57200,57300,57400,57500,57600,113400,103200,200,23540,124000,27500,15000,35000,111900,34454,56400,56300,56200,56100,56000,55900,55800,55700,55600,55500,37800,251100,48200,41400,22700,55300,67600,37500,7000,3700,58500,55200,1831394,937900,0,0,0,0,0,
000030.SZ,000030,20251209,93157000,56500,100,565,534,0,,,420000,2371328,56600,56300,56500,56600,56500,56600,56800,57000,57100,57200,57300,57400,57500,57600,113600,103100,200,23540,124000,27500,15000,35000,111900,34454,56400,56300,56200,56100,56000,55900,55800,55700,55600,55500,38800,251100,48200,41400,22700,55300,67600,37500,7000,3700,58500,55200,1831494,938900,0,0,0,0,0,
000030.SZ,000030,20251209,93200000,56400,5200,29328,536,0,,,425200,2400656,56600,56300,56500,56600,56500,56600,56800,57000,57100,57200,57300,57400,57500,57600,113100,103100,200,23540,124000,27500,15000,35000,111900,34454,56400,56300,56200,56100,56000,55900,55800,55700,55600,55500,36900,251100,48200,41400,22700,55300,67600,37500,7000,3700,58500,55200,1830994,937000,0,0,0,0,0,
000030.SZ,000030,20251209,93203000,56500,500,2825,537,0,,,425700,2403481,56600,56300,56500,56600,56500,56600,56800,57000,57100,57200,57300,57400,57500,57600,112600,103100,200,23540,124000,27500,15000,35000,111900,34454,56400,56300,56200,56100,56000,55900,55800,55700,55600,55500,37900,51100,48200,41400,22700,55300,67600,37500,7000,3700,58500,54900,1831494,738000,0,0,0,0,0,
000030.SZ,000030,20251209,93206000,56400,700,3948,539,0,,,426400,2407429,56600,56300,56500,56600,56500,56600,56800,57000,57100,57200,57300,57400,57500,57600,113500,103100,200,23540,124000,27500,15000,35000,111900,34454,56400,56300,56200,56100,56000,55900,55800,55700,55600,55500,37300,51100,48200,41400,22700,55300,67600,37500,7000,3700,58500,54900,1832394,737400,0,0,0,0,0,
000030.SZ,000030,20251209,93209000,56300,38900,219381,585,0,,,465300,2626810,56600,56300,56500,56600,56400,56500,56600,56800,57000,57100,57200,57300,57400,57500,26400,130900,103100,200,23540,124000,27500,15000,35000,111900,56300,56200,56100,56000,55900,55800,55700,55600,55500,55300,49600,48200,41400,22700,55300,67600,37500,7000,3700,10000,58400,54800,1876594,698600,0,0,0,0,0,
000030.SZ,000030,20251209,93212000,56300,1100,6193,586,0,,,466400,2633003,56600,56300,56500,56600,56400,56500,56600,56800,57000,57100,57200,57300,57400,57500,20800,125900,103100,200,23540,124000,27500,15000,35000,111900,56300,56200,56100,56000,55900,55800,55700,55600,55500,55300,50800,48600,41400,22700,55300,67600,37500,7000,3700,10000,58500,54800,1865994,700200,0,0,0,0,0,
000030.SZ,000030,20251209,93215000,56300,0,0,586,0,,,466400,2633003,56600,56300,56500,56600,56400,56500,56600,56800,57000,57100,57200,57300,57400,57500,27900,125900,103000,200,23540,124000,27500,15000,35000,111900,56300,56200,56100,56000,55900,55800,55700,55600,55500,55300,53500,48600,41400,22700,55300,67600,37500,7000,3700,10000,58400,54800,1872994,702900,0,0,0,0,0,
000030.SZ,000030,20251209,93218000,56300,0,0,586,0,,,466400,2633003,56600,56300,56500,56600,56400,56500,56600,56800,57000,57100,57200,57300,57400,57500,31900,126100,103000,200,23540,124000,27500,15000,35000,111900,56300,56200,56100,56000,55900,55800,55700,55600,55500,55300,54300,48600,41400,22700,55300,67600,37500,7000,3700,10000,58400,54800,1877194,703700,0,0,0,0,0,
000030.SZ,000030,20251209,93221000,56300,0,0,586,0,,,466400,2633003,56600,56300,56500,56600,56400,56500,56600,56800,57000,57100,57200,57300,57400,57500,31900,126100,103000,200,23540,124000,27500,15000,35000,111900,56300,56200,56100,56000,55900,55800,55700,55600,55500,55300,54300,48600,41400,23700,55300,67600,37500,7000,3700,10000,58400,54800,1877494,704700,0,0,0,0,0,
000030.SZ,000030,20251209,93224000,56300,3000,16890,589,0,,,469400,2649893,56600,56300,56500,56600,56400,56500,56600,56800,57000,57100,57200,57300,57400,57500,32000,126100,103000,200,27940,124000,27500,15000,35000,111900,56300,56200,56100,56000,55900,55800,55700,55600,55500,55300,56200,48600,41400,23700,55300,67600,37500,7000,3700,10000,58400,54800,1881994,706600,0,0,0,0,0,
000030.SZ,000030,20251209,93227000,56300,2900,16334,593,0,,,472300,2666227,56600,56300,56500,56600,56400,56500,56600,56800,57000,57100,57200,57300,57400,57500,31300,130500,103000,200,27940,124000,27500,15000,35000,111900,56300,56200,56100,56000,55900,55800,55700,55600,55500,55300,55700,48600,41400,23700,55300,67600,37500,7000,3700,10000,58400,54800,1888994,706100,0,0,0,0,0,
000030.SZ,000030,20251209,93230000,56400,700,3948,594,0,,,473000,2670175,56600,56300,56500,56600,56400,56500,56600,56800,57000,57100,57200,57300,57400,57500,32000,130300,103000,200,27940,124000,27500,15000,35000,111900,56300,56200,56100,56000,55900,55800,55700,55600,55500,55300,56600,48600,41400,23700,55300,67600,37500,7000,3700,10000,58400,54900,1889494,707000,0,0,0,0,0,
000030.SZ,000030,20251209,93233000,56400,5700,32146,598,0,,,478700,2702321,56600,56300,56500,56600,56400,56500,56600,56800,57000,57100,57200,57300,57400,57500,26600,130500,103000,200,27940,124000,27500,15000,35000,111900,56300,56200,56100,56000,55900,55800,55700,55600,55500,55300,58100,48600,41400,23700,55300,67600,37500,7000,3700,10000,58400,54900,1884294,708500,0,0,0,0,0,
000030.SZ,000030,20251209,93236000,56400,300,1692,599,0,,,479000,2704013,56600,56300,56500,56600,56400,56500,56600,56800,57000,57100,57200,57300,57400,57500,31200,130500,103000,200,27940,124000,27500,15000,35000,111900,56300,56200,56100,56000,55900,55800,55700,55600,55500,55300,62500,48500,41400,23700,55300,67600,37500,7000,3700,10000,58400,54900,1888894,713200,0,0,0,0,0,
000030.SZ,000030,20251209,93239000,56400,400,2256,603,0,,,479400,2706269,56600,56300,56500,56600,56400,56500,56600,56800,57000,57100,57200,57300,57400,57500,30800,130500,103000,200,27940,124000,27500,15000,35000,111900,56300,56200,56100,56000,55900,55800,55700,55600,55500,55300,62500,48200,41400,23700,55300,67600,37500,7000,3700,10000,58400,54900,1888494,712900,0,0,0,0,0,
000030.SZ,000030,20251209,93242000,56400,0,0,603,0,,,479400,2706269,56600,56300,56500,56600,56400,56500,56600,56800,57000,57100,57200,57300,57400,57500,31000,131900,103000,200,27940,124000,27500,15000,35000,111900,56300,56200,56100,56000,55900,55800,55700,55600,55500,55300,63400,48200,41400,23700,55300,67600,37500,7000,3700,10000,58400,54900,1890094,713800,0,0,0,0,0,
000030.SZ,000030,20251209,93245000,56400,2900,16356,609,0,,,482300,2722625,56600,56300,56500,56600,56400,56500,56600,56800,57000,57100,57200,57300,57400,57500,23900,118400,103000,200,27940,124000,27500,15000,35000,111900,56300,56200,56100,56000,55900,55800,55700,55600,55500,55300,65800,48200,41400,23700,55300,67600,37500,7000,3700,10000,58500,54900,1869494,716200,0,0,0,0,0,
000030.SZ,000030,20251209,93248000,56300,200,1126,610,0,,,482500,2723751,56600,56300,56500,56600,56400,56500,56600,56800,57000,57100,57200,57300,57400,57500,23900,118400,103000,200,27940,124000,27500,15000,35000,111900,56300,56200,56100,56000,55900,55800,55700,55600,55500,55300,66500,48200,41400,23700,55300,67600,37500,7000,3700,10000,58500,54900,1869494,716900,0,0,0,0,0,
000030.SZ,000030,20251209,93251000,56700,249800,1412243,673,0,,,732300,4135994,56700,56300,56500,56600,56700,56800,56900,57000,57100,57200,57300,57400,57500,57600,20000,4200,1400,27940,124000,27500,15000,35000,111900,34454,56600,56500,56400,56300,56200,56100,56000,55900,55800,55700,53900,200,19800,68400,47800,41400,23700,55300,67600,37500,58700,55000,1649594,792300,0,0,0,0,0,
000030.SZ,000030,20251209,93254000,56600,45200,255871,678,0,,,777500,4391865,56700,56300,56500,56600,56700,56800,56900,57000,57100,57200,57300,57400,57500,57600,19200,4300,1400,27940,124200,27500,15000,35000,111900,34454,56600,56500,56400,56300,56200,56100,56000,55900,55800,55700,21300,200,19900,57600,47800,41400,23700,55300,67600,37500,58700,54900,1649094,749000,0,0,0,0,0,
000030.SZ,000030,20251209,93257000,56700,2200,12454,681,0,,,779700,4404319,56700,56300,56500,56600,56700,56800,56900,57000,57100,57200,57300,57400,57500,57600,14100,4300,1400,27940,124200,27500,15000,35000,111900,34454,56600,56500,56400,56300,56200,56100,56000,55900,55800,55700,25700,200,19900,58000,47800,41400,23700,55300,67600,37500,58700,55000,1643994,753800,0,0,0,0,0,
000030.SZ,000030,20251209,93300000,56600,700,3962,682,0,,,780400,4408281,56700,56300,56500,56600,56700,56800,56900,57000,57100,57200,57300,57400,57500,57600,4100,4300,1400,27940,124200,27500,15000,35000,111900,34454,56600,56500,56400,56300,56200,56100,56000,55900,55800,55700,29800,200,13600,53300,47800,41400,23700,55300,67600,37500,58700,54900,1633994,746900,0,0,0,0,0,
000030.SZ,000030,20251209,93303000,56700,1400,7938,685,0,,,781800,4416219,56700,56300,56500,56600,56700,56800,56900,57000,57100,57200,57300,57400,57500,57600,25300,4300,1400,27940,124200,27500,15000,35000,111900,34454,56600,56500,56400,56300,56200,56100,56000,55900,55800,55700,31600,200,13600,50600,47800,41400,23700,55300,67600,37500,58700,54900,1655194,746000,0,0,0,0,0,
000030.SZ,000030,20251209,93306000,56700,0,0,685,0,,,781800,4416219,56700,56300,56500,56600,56700,56800,56900,57000,57100,57200,57300,57400,57500,57600,25300,4300,1400,27940,124200,27500,15000,35000,111900,34454,56600,56500,56400,56300,56200,56100,56000,55900,55800,55700,32000,300,13600,48200,47800,41400,23700,55300,67600,37500,58700,54900,1655194,744100,0,0,0,0,0,
000030.SZ,000030,20251209,93309000,56700,100,567,686,0,,,781900,4416786,56700,56300,56500,56600,56700,56800,56900,57000,57100,57200,57300,57400,57500,57600,25400,4300,1400,27940,124200,27500,15000,35000,111900,34454,56600,56500,56400,56300,56200,56100,56000,55900,55800,55700,32100,400,13600,48100,47800,41400,23700,55300,67600,37500,58700,54900,1655494,743200,0,0,0,0,0,
000030.SZ,000030,20251209,93312000,56700,0,0,686,0,,,781900,4416786,56700,56300,56500,56600,56700,56800,56900,57000,57100,57200,57300,57400,57500,57600,25600,4300,1600,27940,124200,27500,15000,35000,111900,34454,56600,56500,56400,56300,56200,56100,56000,55900,55800,55700,35200,500,13600,48100,47800,41400,23700,55300,67600,37500,58700,54900,1655894,746400,0,0,0,0,0,
000030.SZ,000030,20251209,93315000,56600,600,3396,687,0,,,782500,4420182,56700,56300,56500,56600,56700,56800,56900,57000,57100,57200,57300,57400,57500,57600,25600,4300,1600,27940,124200,27500,15000,35000,111900,34454,56600,56500,56400,56300,56200,56100,56000,55900,55800,55700,40200,500,13600,48100,47800,41400,23700,55300,67600,37500,58700,55000,1655894,751400,0,0,0,0,0,
000030.SZ,000030,20251209,93318000,56600,0,0,687,0,,,782500,4420182,56700,56300,56500,56600,56700,56800,56900,57000,57100,57200,57300,57400,57500,57600,25600,4300,1600,27940,124200,27500,15000,43000,111900,34454,56600,56500,56400,56300,56200,56100,56000,55900,55800,55700,41100,500,13600,48100,47800,41400,23700,55300,67600,37500,58700,55000,1663894,752300,0,0,0,0,0,
000030.SZ,000030,20251209,93321000,56700,800,4536,688,0,,,783300,4424718,56700,56300,56500,56600,56700,56800,56900,57000,57100,57200,57300,57400,57500,57600,24800,4300,1600,27940,124200,27500,15000,43000,111900,34454,56600,56500,56400,56300,56200,56100,56000,55900,55800,55700,41100,500,13600,48100,47800,41400,23700,55300,67600,37500,58700,55000,1663094,752300,0,0,0,0,0,
000030.SZ,000030,20251209,93324000,56600,200,1132,689,0,,,783500,4425850,56700,56300,56500,56600,56700,56800,56900,57000,57100,57200,57300,57400,57500,57600,27800,4300,1700,27940,124200,27500,15000,43000,111900,34454,56600,56500,56400,56300,56200,56100,56000,55900,55800,55700,44000,500,13600,48100,47800,41400,23700,55300,67600,37500,58700,55000,1666194,755200,0,0,0,0,0,
000030.SZ,000030,20251209,93327000,56600,200,1132,690,0,,,783700,4426982,56700,56300,56500,56600,56700,56800,56900,57000,57100,57200,57300,57400,57500,57600,28400,4300,1700,27940,124200,27500,15000,43000,111900,34454,56600,56500,56400,56300,56200,56100,56000,55900,55800,55700,46000,500,13600,48100,47800,41400,23700,55300,67600,37500,58700,55000,1666794,757200,0,0,0,0,0,
000030.SZ,000030,20251209,93330000,56600,53400,302255,746,0,,,837100,4729237,56700,56300,56500,56600,56600,56700,56800,56900,57000,57100,57200,57300,57400,57500,2300,27300,1400,1800,27940,124200,27500,15000,43000,111900,56500,56400,56300,56200,56100,56000,55900,55800,55700,55600,4300,10100,47300,47800,41400,23700,55300,67600,37500,7000,58700,54900,1665194,710700,0,0,0,0,0,
000030.SZ,000030,20251209,93333000,56600,3800,21508,754,0,,,840900,4750745,56700,56300,56500,56600,56700,56800,56900,57000,57100,57200,57300,57400,57500,57600,31200,1400,1800,27940,124200,27500,15000,43000,111900,34454,56500,56400,56300,56200,56100,56000,55900,55800,55700,55600,28900,10100,47300,47800,41400,23700,55300,67600,37500,7000,58700,54900,1666794,735300,0,0,0,0,0,
000030.SZ,000030,20251209,93336000,56600,0,0,754,0,,,840900,4750745,56700,56300,56500,56600,56700,56800,56900,57000,57100,57200,57300,57400,57500,57600,30500,1400,1800,27940,124200,27500,15000,43000,111900,34454,56500,56400,56300,56200,56100,56000,55900,55800,55700,55600,28900,10100,47300,47800,41400,23700,55300,67600,37500,7000,58700,54900,1666094,735300,0,0,0,0,0,
000030.SZ,000030,20251209,93339000,56600,0,0,754,0,,,840900,4750745,56700,56300,56500,56600,56700,56800,56900,57000,57100,57200,57300,57400,57500,57600,30500,1400,2200,27940,124200,27500,15000,43000,111900,34454,56500,56400,56300,56200,56100,56000,55900,55800,55700,55600,29200,10100,47300,47800,41400,23700,55300,67600,37500,7000,58700,54900,1672494,735600,0,0,0,0,0,
000030.SZ,000030,20251209,93342000,56600,0,0,754,0,,,840900,4750745,56700,56300,56500,56600,56700,56800,56900,57000,57100,57200,57300,57400,57500,57600,35000,1400,2200,30940,124200,38900,15000,52200,111900,34454,56500,56400,56300,56200,56100,56000,55900,55800,55700,55600,29900,10100,47300,47800,41400,23700,55300,72600,37500,7000,58700,54900,1700594,741300,0,0,0,0,0,
000030.SZ,000030,20251209,93345000,56700,1300,7369,758,0,,,842200,4758114,56700,56300,56500,56600,56700,56800,56900,57000,57100,57200,57300,57400,57500,57600,33800,1400,2200,30940,124200,38900,15000,52200,111900,39254,56500,56400,56300,56200,56100,56000,55900,55800,55700,55600,34100,10100,47300,47800,41400,23700,55300,72600,37500,7000,58700,54900,1704194,745500,0,0,0,0,0,
000030.SZ,000030,20251209,93348000,56700,0,0,758,0,,,842200,4758114,56700,56300,56500,56600,56700,56800,56900,57000,57100,57200,57300,57400,57500,57600,34000,1400,7200,30940,124200,38900,15000,52200,112100,39254,56500,56400,56300,56200,56100,56000,55900,55800,55700,55600,34800,10100,47300,47800,41400,23700,55300,72600,37500,7000,58700,54900,1711594,746200,0,0,0,0,0,
000030.SZ,000030,20251209,93351000,56700,0,0,758,0,,,842200,4758114,56700,56300,56500,56600,56700,56800,56900,57000,57100,57200,57300,57400,57500,57600,34000,1400,7200,30940,124200,38900,15000,52200,112100,49254,56500,56400,56300,56200,56100,56000,55900,55800,55700,55600,36600,10100,47300,47800,41400,23700,55300,72600,37500,7000,58700,54900,1721594,748000,0,0,0,0,0,
000030.SZ,000030,20251209,93354000,56700,0,0,758,0,,,842200,4758114,56700,56300,56500,56600,56700,56800,56900,57000,57100,57200,57300,57400,57500,57600,20700,1400,7200,30940,124200,38900,15000,52200,112100,49254,56500,56400,56300,56200,56100,56000,55900,55800,55700,55600,40500,10100,47300,47800,41400,23700,55300,72600,37500,7000,58700,54900,1708294,751900,0,0,0,0,0,
000030.SZ,000030,20251209,93357000,56600,1300,7358,759,0,,,843500,4765472,56700,56300,56500,56600,56700,56800,56900,57000,57100,57200,57300,57400,57500,57600,21700,1400,7200,30940,124200,38900,15000,52200,112100,49254,56500,56400,56300,56200,56100,56000,55900,55800,55700,55600,40500,10100,47300,47800,41400,23700,55300,72600,37500,7000,58700,54900,1711794,751900,0,0,0,0,0,
000030.SZ,000030,20251209,93400000,56600,0,0,759,0,,,843500,4765472,56700,56300,56500,56600,56700,56800,56900,57000,57100,57200,57300,57400,57500,57600,25000,1400,7200,30940,124200,38900,15000,52200,112100,49254,56500,56400,56300,56200,56100,56000,55900,55800,55700,55600,42400,10100,47300,47800,41400,23700,55300,72600,37500,7000,58700,54900,1715094,753800,0,0,0,0,0,
000030.SZ,000030,20251209,93403000,56700,3500,19845,764,0,,,847000,4785317,56700,56300,56500,56600,56700,56800,56900,57000,57100,57200,57300,57400,57500,57600,21000,1400,7900,30940,124200,38900,15000,52200,112100,49254,56600,56500,56400,56300,56200,56100,56000,55900,55800,55700,500,42800,10100,47300,47800,41400,23700,55300,72600,37500,58700,55000,1721794,754700,0,0,0,0,0,
000030.SZ,000030,20251209,93406000,56700,3800,21546,771,0,,,850800,4806863,56700,56300,56500,56600,56700,56800,56900,57000,57100,57200,57300,57400,57500,57600,18300,1400,8300,30940,124200,40900,15000,52200,112100,49254,56600,56500,56400,56300,56200,56100,56000,55900,55800,55700,2900,41500,10100,47300,47800,41400,23700,55300,72600,37500,58700,55000,1721494,755800,0,0,0,0,0,
000030.SZ,000030,20251209,93409000,56700,0,0,771,0,,,850800,4806863,56700,56300,56500,56600,56700,56800,56900,57000,57100,57200,57300,57400,57500,57600,18300,1400,8300,30940,124200,40900,15000,52200,112100,49254,56600,56500,56400,56300,56200,56100,56000,55900,55800,55700,11500,35000,10100,51300,47800,41400,23700,55300,72600,38500,58700,55000,1728494,762900,0,0,0,0,0,
000030.SZ,000030,20251209,93412000,56700,13300,75411,789,0,,,864100,4882274,56700,56300,56500,56600,56700,56800,56900,57000,57100,57200,57300,57400,57500,57600,4200,1400,8300,30940,124200,40900,15000,52200,112100,49254,56600,56500,56400,56300,56200,56100,56000,55900,55800,55700,21300,33600,10100,50500,39800,41400,23700,55300,72600,38500,58700,55000,1714394,762500,0,0,0,0,0,
000030.SZ,000030,20251209,93415000,56600,1900,10754,796,0,,,866000,4893028,56700,56300,56500,56600,56700,56800,56900,57000,57100,57200,57300,57400,57500,57600,8100,1800,7600,30940,124200,40900,15000,52200,112100,49254,56600,56500,56400,56300,56200,56100,56000,55900,55800,55700,71600,32400,10100,50500,39800,41400,23700,55300,72600,38500,58700,55100,1717994,812100,0,0,0,0,0,
000030.SZ,000030,20251209,93418000,56600,0,0,796,0,,,866000,4893028,56700,56300,56500,56600,56700,56800,56900,57000,57100,57200,57300,57400,57500,57600,8100,3000,7700,30940,124200,40900,15000,52200,102100,49254,56600,56500,56400,56300,56200,56100,56000,55900,55800,55700,73700,31600,10100,50500,39800,41400,23700,55300,72600,38500,58700,55100,1709394,813400,0,0,0,0,0,
000030.SZ,000030,20251209,93421000,56600,0,0,796,0,,,866000,4893028,56700,56300,56500,56600,56700,56800,56900,57000,57100,57200,57300,57400,57500,57600,9600,3000,7700,30940,124200,40900,15000,52200,102100,49254,56600,56500,56400,56300,56200,56100,56000,55900,55800,55700,75200,31600,10100,50500,39800,46400,23700,55300,72600,38500,58700,55100,1715894,819900,0,0,0,0,0,
000030.SZ,000030,20251209,93424000,56600,0,0,796,0,,,866000,4893028,56700,56300,56500,56600,56700,56800,56900,57000,57100,57200,57300,57400,57500,57600,16100,3000,7600,30940,124200,40900,15000,52200,102100,49254,56600,56500,56400,56300,56200,56100,56000,55900,55800,55700,76800,31600,10100,50500,39800,46400,23700,55300,72600,38500,58700,55100,1722294,821500,0,0,0,0,0,
000030.SZ,000030,20251209,93427000,56600,2000,11338,801,0,,,868000,4904366,56700,56300,56500,56600,56700,56800,56900,57000,57100,57200,57300,57400,57500,57600,18900,3000,7500,31940,124200,40900,15000,52200,102100,49254,56600,56500,56400,56300,56200,56100,56000,55900,55800,55700,78700,31600,10100,50500,39800,46400,23700,55300,72600,38500,58700,55100,1726094,823400,0,0,0,0,0,
000030.SZ,000030,20251209,93430000,56600,0,0,801,0,,,868000,4904366,56700,56300,56500,56600,56700,56800,56900,57000,57100,57200,57300,57400,57500,57600,23100,3000,7400,31940,124200,40900,15000,52200,102100,49254,56600,56500,56400,56300,56200,56100,56000,55900,55800,55700,80900,31600,10100,50500,39800,46400,23700,55300,72600,38500,58700,55100,1730194,825600,0,0,0,0,0,
000030.SZ,000030,20251209,93433000,56700,1900,10755,805,0,,,869900,4915121,56700,56300,56500,56600,56700,56800,56900,57000,57100,57200,57300,57400,57500,57600,25200,3000,7900,31940,129200,40900,15000,52200,102100,49254,56600,56500,56400,56300,56200,56100,56000,55900,55800,55700,79900,31600,10100,50500,39800,46400,23700,55300,72600,38500,58700,55100,1737794,824600,0,0,0,0,0,
000030.SZ,000030,20251209,93436000,56700,15700,89019,824,0,,,885600,5004140,56700,56300,56500,56600,56700,56800,56900,57000,57100,57200,57300,57400,57500,57600,8200,3000,7800,31940,129200,40900,15000,52200,102100,49254,56600,56500,56400,56300,56200,56100,56000,55900,55800,55700,79700,29800,10100,50500,39800,46400,23700,55300,72600,38500,58700,55100,1720694,822600,0,0,0,0,0,
000030.SZ,000030,20251209,93439000,56700,1700,9634,827,0,,,887300,5013774,56700,56300,56500,56600,56700,56800,56900,57000,57100,57200,57300,57400,57500,57600,9700,3000,7700,30940,129200,40900,15000,52200,125100,49254,56600,56500,56400,56300,56200,56100,56000,55900,55800,55700,81200,29800,10100,49600,39800,46400,23700,55300,72600,38500,58700,55100,1744094,823200,0,0,0,0,0,
000030.SZ,000030,20251209,93442000,56700,0,0,827,0,,,887300,5013774,56700,56300,56500,56600,56700,56800,56900,57000,57100,57200,57300,57400,57500,57600,13300,3000,7700,35940,129200,40900,15000,52200,125100,49254,56600,56500,56400,56300,56200,56100,56000,55900,55800,55700,82700,6100,10100,49600,39800,46400,23700,55300,72600,38500,58700,55000,1752894,801000,0,0,0,0,0,
000030.SZ,000030,20251209,93445000,56700,10800,61236,840,0,,,898100,5075010,56700,56300,56500,56600,56700,56800,56900,57000,57100,57200,57300,57400,57500,57600,6900,3000,7700,35940,129200,40900,15000,52200,125100,49254,56600,56500,56400,56300,56200,56100,56000,55900,55800,55700,84000,5100,10100,49600,39800,46400,23700,55300,72600,38500,58700,55000,1756494,801300,0,0,0,0,0,
000030.SZ,000030,20251209,93448000,56700,0,0,840,0,,,898100,5075010,56700,56300,56500,56600,56700,56800,56900,57000,57100,57200,57300,57400,57500,57600,7900,3000,7700,35940,129200,40900,15000,52200,125100,49254,56600,56500,56400,56300,56200,56100,56000,55900,55800,55700,84800,6100,10100,49600,39800,46400,23700,55300,72600,38500,58700,55100,1758494,803100,0,0,0,0,0,
000030.SZ,000030,20251209,93451000,56700,0,0,840,0,,,898100,5075010,56700,56300,56500,56600,56700,56800,56900,57000,57100,57200,57300,57400,57500,57600,22800,3000,7700,35940,125200,40900,15000,52200,125100,49254,56600,56500,56400,56300,56200,56100,56000,55900,55800,55700,84800,7000,10100,49600,39800,45400,23700,55300,72600,38500,58700,55100,1769394,803000,0,0,0,0,0,
000030.SZ,000030,20251209,93454000,56700,0,0,840,0,,,898100,5075010,56700,56300,56500,56600,56700,56800,56900,57000,57100,57200,57300,57400,57500,57600,27300,3000,7700,25940,125200,40900,15000,52200,125100,49254,56600,56500,56400,56300,56200,56100,56000,55900,55800,55700,87300,7000,10100,49600,39800,45400,23700,55300,72600,38500,58700,55100,1763894,805500,0,0,0,0,0,
000030.SZ,000030,20251209,93457000,56700,0,0,840,0,,,898100,5075010,56700,56300,56500,56600,56700,56800,56900,57000,57100,57200,57300,57400,57500,57600,28200,3000,7700,25940,125200,40900,15000,52200,125100,49254,56600,56500,56400,56300,56200,56100,56000,55900,55800,55700,88300,7000,10100,49600,39800,45400,23700,55300,72600,38500,58700,55100,1764794,807500,0,0,0,0,0,
000030.SZ,000030,20251209,93500000,56700,0,0,840,0,,,898100,5075010,56700,56300,56500,56600,56700,56800,56900,57000,57100,57200,57300,57400,57500,57600,29100,3000,7700,25940,125200,40900,15000,52200,125100,49254,56600,56500,56400,56300,56200,56100,56000,55900,55800,55700,88400,7000,10100,49600,39800,45400,23700,55300,72600,38500,58700,55100,1765694,807600,0,0,0,0,0,
000030.SZ,000030,20251209,93503000,56700,0,0,840,0,,,898100,5075010,56700,56300,56500,56600,56700,56800,56900,57000,57100,57200,57300,57400,57500,57600,29200,3000,8400,25940,125200,40900,15000,52200,125100,54254,56600,56500,56400,56300,56200,56100,56000,55900,55800,55700,89300,7000,10100,49600,39800,45400,23700,55300,72600,38500,58700,55100,1771694,808500,0,0,0,0,0,
000030.SZ,000030,20251209,93506000,56700,0,0,840,0,,,898100,5075010,56700,56300,56500,56600,56700,56800,56900,57000,57100,57200,57300,57400,57500,57600,29200,3000,8400,25940,128200,40900,15000,52200,125100,54254,56600,56500,56400,56300,56200,56100,56000,55900,55800,55700,89300,7000,74400,113900,39800,45400,23700,55300,72600,38500,58700,55200,1774694,937100,0,0,0,0,0,
000030.SZ,000030,20251209,93509000,56700,0,0,840,0,,,898100,5075010,56700,56300,56500,56600,56700,56800,56900,57000,57100,57200,57300,57400,57500,57600,29200,3000,8400,25940,28200,40900,15000,52200,125100,54254,56600,56500,56400,56300,56200,56100,56000,55900,55800,55700,89400,7000,74400,113900,39800,45400,23700,55300,72600,38500,58800,55200,1674694,937200,0,0,0,0,0,
000030.SZ,000030,20251209,93512000,56700,200,1134,841,0,,,898300,5076144,56700,56300,56500,56600,56700,56800,56900,57000,57100,57200,57300,57400,57500,57600,29000,3000,8400,29940,28000,40900,15000,52500,125100,54254,56600,56500,56400,56300,56200,56100,56000,55900,55800,55700,93100,7000,74400,111300,39800,45400,23700,55300,72600,38500,58800,55200,1678594,938300,0,0,0,0,0,
000030.SZ,000030,20251209,93515000,56700,0,0,841,0,,,898300,5076144,56700,56300,56500,56600,56700,56800,56900,57000,57100,57200,57300,57400,57500,57600,29200,3000,8400,29940,28000,40900,15000,52500,125100,54254,56600,56500,56400,56300,56200,56100,56000,55900,55800,55700,95900,7000,74400,111300,39800,45400,23700,55300,72600,38500,58800,55200,1678794,941100,0,0,0,0,0,
000030.SZ,000030,20251209,93518000,56700,700,3969,843,0,,,899000,5080113,56700,56300,56500,56600,56700,56800,56900,57000,57100,57200,57300,57400,57500,57600,28500,3000,8400,29940,28000,40900,15000,52500,125100,54254,56600,56500,56400,56300,56200,56100,56000,55900,55800,55700,96700,7900,74400,111300,39800,49400,23700,55300,72600,38500,58800,55300,1678094,946800,0,0,0,0,0,
000030.SZ,000030,20251209,93521000,56700,28600,162162,872,0,,,927600,5242275,56700,56300,56500,56600,56800,56900,57000,57100,57200,57300,57400,57500,57600,57700,11800,8400,29940,28000,40900,15000,52500,125100,54254,75700,56700,56600,56500,56400,56300,56200,56100,56000,55900,55800,26600,96900,7400,74400,111300,39800,49400,23700,55300,72600,58800,55300,1658394,973100,0,0,0,0,0,
000030.SZ,000030,20251209,93524000,56700,1500,8505,874,0,,,929100,5250780,56700,56300,56500,56600,56800,56900,57000,57100,57200,57300,57400,57500,57600,57700,11800,8400,29940,28000,40900,15000,52500,125100,54254,80700,56700,56600,56500,56400,56300,56200,56100,56000,55900,55800,60100,89900,6400,74400,111300,39800,49400,23700,55300,72600,58800,55300,1680394,998600,0,0,0,0,0,
000030.SZ,000030,20251209,93527000,56700,0,0,874,0,,,929100,5250780,56700,56300,56500,56600,56800,56900,57000,57100,57200,57300,57400,57500,57600,57700,11400,8400,29940,28000,40900,15000,52500,125100,54254,80700,56700,56600,56500,56400,56300,56200,56100,56000,55900,55800,70000,91500,6400,74400,111300,39700,49400,23700,55300,72600,58800,55300,1679994,1010000,0,0,0,0,0,
000030.SZ,000030,20251209,93530000,56700,0,0,874,0,,,929100,5250780,56700,56300,56500,56600,56800,56900,57000,57100,57200,57300,57400,57500,57600,57700,7100,8400,29940,98700,40900,15000,52500,125100,54254,80700,56700,56600,56500,56400,56300,56200,56100,56000,55900,55800,105500,79800,6400,74400,109400,39700,49400,23700,55300,72600,58700,55400,1746394,1031900,0,0,0,0,0,
000030.SZ,000030,20251209,93533000,56700,0,0,874,0,,,929100,5250780,56700,56300,56500,56600,56800,56900,57000,57100,57200,57300,57400,57500,57600,57700,20200,8400,29940,28000,40900,15000,52500,125100,54254,80700,56700,56600,56500,56400,56300,56200,56100,56000,55900,55800,111800,76900,6400,74400,109400,39700,49400,23700,55300,72600,58800,55400,1688794,1035300,0,0,0,0,0,
000030.SZ,000030,20251209,93536000,56700,0,0,874,0,,,929100,5250780,56700,56300,56500,56600,56800,56900,57000,57100,57200,57300,57400,57500,57600,57700,28700,8400,24940,28000,40900,15000,52500,125100,54254,80700,56700,56600,56500,56400,56300,56200,56100,56000,55900,55800,112300,47600,11400,74400,109400,39700,49400,23700,55300,72600,58800,55300,1692294,1011500,0,0,0,0,0,
000030.SZ,000030,20251209,93539000,56800,900,5112,881,0,,,930000,5255892,56800,56300,56500,56600,56800,56900,57000,57100,57200,57300,57400,57500,57600,57700,30200,8400,22240,28000,40900,15000,52500,125100,54254,80700,56700,56600,56500,56400,56300,56200,56100,56000,55900,55800,112300,47800,11400,74000,109400,39300,49400,23700,55300,72600,58800,55300,1691094,1010900,0,0,0,0,0,
000030.SZ,000030,20251209,93542000,56800,0,0,881,0,,,930000,5255892,56800,56300,56500,56600,56800,56900,57000,57100,57200,57300,57400,57500,57600,57700,32900,8400,22340,28000,40900,15000,52500,125100,54254,80700,56700,56600,56500,56400,56300,56200,56100,56000,55900,55800,113800,48500,11400,74000,109400,39300,49400,22700,55300,72600,58800,55300,1693894,1012100,0,0,0,0,0,
000030.SZ,000030,20251209,93545000,56800,0,0,881,0,,,930000,5255892,56800,56300,56500,56600,56800,56900,57000,57100,57200,57300,57400,57500,57600,57700,36600,8400,22340,28000,40900,15000,52500,125100,54254,80700,56700,56600,56500,56400,56300,56200,56100,56000,55900,55800,115900,48500,11400,74000,109400,39300,49400,22700,55300,72600,58800,55400,1697594,1014200,0,0,0,0,0,
000030.SZ,000030,20251209,93548000,56800,3100,17606,886,0,,,933100,5273498,56800,56300,56500,56600,56800,56900,57000,57100,57200,57300,57400,57500,57600,57700,35600,8400,22340,28000,40900,15000,52500,125100,54254,80700,56700,56600,56500,56400,56300,56200,56100,56000,55900,55800,116200,48000,11400,74000,109300,39300,49400,22700,55300,72600,58800,55400,1696594,1013900,0,0,0,0,0,
000030.SZ,000030,20251209,93551000,56800,11000,62480,898,0,,,944100,5335978,56800,56300,56500,56600,56800,56900,57000,57100,57200,57300,57400,57500,57600,57700,25100,3400,22340,28000,40900,15000,52500,125100,59254,80700,56700,56600,56500,56400,56300,56200,56100,56000,55900,55800,116400,48000,11400,74000,109300,39300,49400,22700,55300,72600,58800,55400,1686094,1014100,0,0,0,0,0,
000030.SZ,000030,20251209,93554000,56800,3900,22152,904,0,,,948000,5358130,56800,56300,56500,56600,56800,56900,57000,57100,57200,57300,57400,57500,57600,57700,25400,3400,22340,28000,40900,15000,52500,125100,59254,80700,56700,56600,56500,56400,56300,56200,56100,56000,55900,55800,117900,48000,11400,74000,109300,39300,49400,22700,55300,72600,58800,55400,1693394,1015600,0,0,0,0,0,
000030.SZ,000030,20251209,93557000,56800,47100,267528,947,0,,,995100,5625658,56800,56300,56500,56600,56900,57000,57100,57200,57300,57400,57500,57600,57700,57800,6900,22340,28000,40900,15000,52500,127100,59254,80700,172100,56800,56700,56600,56500,56400,56300,56200,56100,56000,55900,700,119700,38000,11400,74000,109300,39300,49400,22700,55300,58800,55300,1673494,1008100,0,0,0,0,0,
000030.SZ,000030,20251209,93600000,56800,0,0,947,0,,,995100,5625658,56800,56300,56500,56600,56900,57000,57100,57200,57300,57400,57500,57600,57700,57800,5800,22340,28000,40900,15000,52500,127100,59254,85700,172100,56800,56700,56600,56500,56400,56300,56200,56100,56000,55900,5100,119000,39200,88700,74000,109300,39300,49400,22700,55300,58800,55400,1677394,1090300,0,0,0,0,0,
000030.SZ,000030,20251209,93603000,56800,3400,19316,965,0,,,998500,5644974,56900,56300,56500,56600,56900,57000,57100,57200,57300,57400,57500,57600,57700,57800,8800,22340,28000,40900,15000,52500,127100,59254,85700,172100,56800,56700,56600,56500,56400,56300,56200,56100,56000,55900,9100,108800,39200,88700,74000,109300,39300,49400,22700,55300,58800,55400,1680394,1084100,0,0,0,0,0,
000030.SZ,000030,20251209,93606000,56800,0,0,965,0,,,998500,5644974,56900,56300,56500,56600,56900,57000,57100,57200,57300,57400,57500,57600,57700,57800,8400,22340,28000,45900,15000,52500,127100,59254,85700,172100,56800,56700,56600,56500,56400,56300,56200,56100,56000,55900,14500,100700,39200,88700,74000,109300,39300,49400,22700,55300,58800,55400,1684994,1081400,0,0,0,0,0,
000030.SZ,000030,20251209,93609000,56900,1200,6828,968,0,,,999700,5651802,56900,56300,56500,56600,56900,57000,57100,57200,57300,57400,57500,57600,57700,57800,12600,22340,28000,45900,15000,52500,127100,59254,85700,172100,56800,56700,56600,56500,56400,56300,56200,56100,56000,55900,19100,99200,39100,88700,74000,109300,39300,49400,22700,55300,58800,55400,1689194,1084400,0,0,0,0,0,
000030.SZ,000030,20251209,93612000,56800,24100,136885,992,0,,,1023800,5788687,56900,56300,56500,56600,56900,57000,57100,57200,57300,57400,57500,57600,57700,57800,20600,22340,28000,45900,15000,52500,127100,59254,85700,172100,56800,56700,56600,56500,56400,56300,56200,56100,56000,55900,900,92800,39000,88600,74000,109300,39300,49400,22700,55300,58800,55400,1697194,1059600,0,0,0,0,0,
000030.SZ,000030,20251209,93615000,56800,700,3976,993,0,,,1024500,5792663,56900,56300,56500,56600,56900,57000,57100,57200,57300,57400,57500,57600,57700,57800,19100,22340,28000,45900,15000,52500,127100,59254,85700,172100,56800,56700,56600,56500,56400,56300,56200,56100,56000,55900,6700,90200,39000,88600,74000,109500,39300,49400,22700,55300,58800,55400,1695694,1063000,0,0,0,0,0,
000030.SZ,000030,20251209,93618000,56800,0,0,993,0,,,1024500,5792663,56900,56300,56500,56600,56900,57000,57100,57200,57300,57400,57500,57600,57700,57800,19200,22340,28000,45900,15000,52500,127100,59254,85700,172100,56800,56700,56600,56500,56400,56300,56200,56100,56000,55900,21700,90200,39000,88600,74000,109500,39300,49400,22700,55300,58800,55400,1715794,1078000,0,0,0,0,0,
000030.SZ,000030,20251209,93621000,56800,0,0,993,0,,,1024500,5792663,56900,56300,56500,56600,56900,57000,57100,57200,57300,57400,57500,57600,57700,57800,20200,22340,23000,45900,15000,52500,127100,59254,85700,172100,56800,56700,56600,56500,56400,56300,56200,56100,56000,55900,29100,86200,39000,88600,74000,109500,39300,49400,22700,55300,58900,55400,1711794,1081400,0,0,0,0,0,
000030.SZ,000030,20251209,93624000,56800,0,0,993,0,,,1024500,5792663,56900,56300,56500,56600,56900,57000,57100,57200,57300,57400,57500,57600,57700,57800,22000,22340,23000,45900,15000,52500,127100,59254,85700,172100,56800,56700,56600,56500,56400,56300,56200,56100,56000,55900,33600,85000,39000,88600,74000,109500,39300,49400,22700,55300,58800,55400,1714294,1084700,0,0,0,0,0,
000030.SZ,000030,20251209,93627000,56800,0,0,993,0,,,1024500,5792663,56900,56300,56500,56600,56900,57000,57100,57200,57300,57400,57500,57600,57700,57800,22900,22340,26000,45900,15000,52500,127100,59254,85700,172100,56800,56700,56600,56500,56400,56300,56200,56100,56000,55900,36000,85000,39000,88600,74000,109500,39300,49400,22700,55300,58800,55400,1719994,1087100,0,0,0,0,0,
000030.SZ,000030,20251209,93630000,56800,0,0,993,0,,,1024500,5792663,56900,56300,56500,56600,56900,57000,57100,57200,57300,57400,57500,57600,57700,57800,24900,22340,26000,45900,15000,52500,127100,59254,85700,172100,56800,56700,56600,56500,56400,56300,56200,56100,56000,55900,38000,86200,39000,88600,74000,109500,39300,49400,22700,55300,58800,55400,1721994,1090300,0,0,0,0,0,
000030.SZ,000030,20251209,93633000,56900,29500,167855,1036,0,,,1054000,5960518,56900,56300,56500,56600,57000,57100,57200,57300,57400,57500,57600,57700,57800,57900,25840,26000,45900,15000,52500,127100,59254,85700,172100,136700,56900,56800,56700,56600,56500,56400,56300,56200,56100,56000,16700,38500,86200,39000,88600,72300,109500,39300,49400,22700,58900,55500,1700594,1105800,0,0,0,0,0,
000030.SZ,000030,20251209,93636000,56900,2200,12518,1037,0,,,1056200,5973036,56900,56300,56500,56600,57000,57100,57200,57300,57400,57500,57600,57700,57800,57900,26440,26000,45900,15000,52500,127100,59254,85700,172100,136700,56900,56800,56700,56600,56500,56400,56300,56200,56100,56000,21300,34900,54500,38200,88600,72300,109500,39300,49400,22700,58900,55400,1701194,1074300,0,0,0,0,0,
000030.SZ,000030,20251209,93639000,56900,0,0,1037,0,,,1056200,5973036,56900,56300,56500,56600,57000,57100,57200,57300,57400,57500,57600,57700,57800,57900,26040,26000,45900,15000,52500,127100,59254,85700,172100,136700,56900,56800,56700,56600,56500,56400,56300,56200,56100,56000,26500,31900,52500,38200,88600,72300,102500,39300,49400,22700,58900,55400,1700794,1067500,0,0,0,0,0,
000030.SZ,000030,20251209,93642000,56900,0,0,1037,0,,,1056200,5973036,56900,56300,56500,56600,57000,57100,57200,57300,57400,57500,57600,57700,57800,57900,27840,26000,45900,15000,52500,127100,59254,85700,172100,136700,56900,56800,56700,56600,56500,56400,56300,56200,56100,56000,29000,31900,52500,121300,88600,72300,102500,39300,49400,22700,58900,55500,1703394,1153100,0,0,0,0,0,
000030.SZ,000030,20251209,93645000,56900,100,569,1038,0,,,1056300,5973605,56900,56300,56500,56600,57000,57100,57200,57300,57400,57500,57600,57700,57800,57900,27840,26000,48700,15000,52500,127100,59254,85700,172100,136700,56900,56800,56700,56600,56500,56400,56300,56200,56100,56000,32100,31900,52500,121300,88600,72300,102500,39300,49400,22700,58900,55500,1706194,1156200,0,0,0,0,0,
000030.SZ,000030,20251209,93648000,56900,100,569,1039,0,,,1056400,5974174,56900,56300,56500,56600,57000,57100,57200,57300,57400,57500,57600,57700,57800,57900,27840,26000,48700,15000,52500,127100,59254,85700,177100,136700,56900,56800,56700,56600,56500,56400,56300,56200,56100,56000,36900,30400,52000,121300,88600,72300,102500,39300,49400,22700,58900,55500,1711194,1159000,0,0,0,0,0,
000030.SZ,000030,20251209,93651000,56900,0,0,1039,0,,,1056400,5974174,56900,56300,56500,56600,57000,57100,57200,57300,57400,57500,57600,57700,57800,57900,28440,26000,48700,15000,52500,127100,59254,85700,177100,136700,56900,56800,56700,56600,56500,56400,56300,56200,56100,56000,41000,28700,52000,121300,88600,72300,102800,39300,49400,22700,58900,55500,1711794,1161700,0,0,0,0,0,
000030.SZ,000030,20251209,93654000,57000,1000,5700,1042,0,,,1057400,5979874,57000,56300,56500,56600,57000,57100,57200,57300,57400,57500,57600,57700,57800,57900,28840,26000,48700,103100,52400,127100,59254,85700,177700,136700,56900,56800,56700,56600,56500,56400,56300,56200,56100,56000,42500,29600,52000,121300,88600,72300,102800,39300,49400,22700,58800,55500,1800794,1164100,0,0,0,0,0,
000030.SZ,000030,20251209,93657000,57000,0,0,1042,0,,,1057400,5979874,57000,56300,56500,56600,57000,57100,57200,57300,57400,57500,57600,57700,57800,57900,28840,26000,48700,103300,52400,137100,59254,85700,177700,136700,56900,56800,56700,56600,56500,56400,56300,56200,56100,56000,43200,29100,51800,121300,88600,72300,102800,39300,49400,22700,58800,55500,1810994,1164100,0,0,0,0,0,
000030.SZ,000030,20251209,93700000,57000,0,0,1042,0,,,1057400,5979874,57000,56300,56500,56600,57000,57100,57200,57300,57400,57500,57600,57700,57800,57900,28840,26000,48700,103300,52400,137100,59254,85700,177700,136700,56900,56800,56700,56600,56500,56400,56300,56200,56100,56000,47700,26200,51800,121300,88600,72300,102800,39300,49400,22700,58800,55500,1810994,1165700,0,0,0,0,0,
000030.SZ,000030,20251209,93703000,57000,0,0,1042,0,,,1057400,5979874,57000,56300,56500,56600,57000,57100,57200,57300,57400,57500,57600,57700,57800,57900,29640,26000,48700,15000,52400,137100,59254,85700,177700,136700,56900,56800,56700,56600,56500,56400,56300,56200,56100,56000,48800,25800,51500,121300,88600,72300,102800,39300,49400,22700,58800,55500,1723494,1166100,0,0,0,0,0,
000030.SZ,000030,20251209,93706000,56900,49500,281655,1106,0,,,1106900,6261529,57000,56300,56500,56600,56900,57000,57100,57200,57300,57400,57500,57600,57700,57800,28100,30540,26000,48700,15000,57500,137100,59254,85700,177700,56800,56700,56600,56500,56400,56300,56200,56100,56000,55900,25200,51500,121300,88600,72300,102800,39300,49400,22700,55300,58800,55500,1757594,1116700,0,0,0,0,0,
000030.SZ,000030,20251209,93709000,56800,16100,91448,1120,0,,,1123000,6352977,57000,56300,56500,56600,56900,57000,57100,57200,57300,57400,57500,57600,57700,57800,34300,30540,28500,48700,15000,57500,137100,59254,85700,177700,56800,56700,56600,56500,56400,56300,56200,56100,56000,55900,10900,51500,121900,88600,72300,102800,39300,49400,22700,55300,58800,55400,1766294,1103000,0,0,0,0,0,
000030.SZ,000030,20251209,93712000,56800,0,0,1120,0,,,1123000,6352977,57000,56300,56500,56600,56900,57000,57100,57200,57300,57400,57500,57600,57700,57800,34900,30540,28500,48700,15000,57500,137100,59254,85700,177700,56800,56700,56600,56500,56400,56300,56200,56100,56000,55900,11300,51500,121900,88600,72300,102800,39300,49400,22700,55300,58800,55400,1783694,1103400,0,0,0,0,0,
000030.SZ,000030,20251209,93715000,56800,13500,76680,1145,0,,,1136500,6429657,57000,56300,56500,56600,56900,57000,57100,57200,57300,57400,57500,57600,57700,57800,36400,30540,28500,53700,15000,57500,137100,59254,85700,177700,56800,56700,56600,56500,56400,56300,56200,56100,56000,55900,100,51900,121900,88600,72300,102800,39300,49400,22700,55300,58800,55400,1790194,1092600,0,0,0,0,0,
000030.SZ,000030,20251209,93718000,56800,2900,16475,1153,0,,,1139400,6446132,57000,56300,56500,56600,56900,57000,57100,57200,57300,57400,57500,57600,57700,57800,22200,30640,28500,53800,15000,57400,137100,59254,85700,177700,56800,56700,56600,56500,56400,56300,56200,56100,56000,55900,1500,51900,121900,88600,72300,102800,39300,49400,22700,55300,58800,55400,1778594,1094000,0,0,0,0,0,
000030.SZ,000030,20251209,93721000,56800,2800,15904,1158,0,,,1142200,6462036,57000,56300,56500,56600,56900,57000,57100,57200,57300,57400,57500,57600,57700,57800,22200,30640,28500,53800,15000,57400,137100,59254,85700,177700,56800,56700,56600,56500,56400,56300,56200,56100,56000,55900,300,51900,121900,88600,72300,102800,39300,49400,22700,55300,58800,55400,1778594,1092800,0,0,0,0,0,
000030.SZ,000030,20251209,93724000,56800,5000,28400,1166,0,,,1147200,6490436,57000,56300,56500,56600,56900,57000,57100,57200,57300,57400,57500,57600,57700,57800,22200,30640,28500,53800,15000,57400,137100,59254,85700,177700,56700,56600,56500,56400,56300,56200,56100,56000,55900,55800,51900,121900,88600,72300,102800,39300,49400,22700,55300,72600,58800,55400,1778594,1092500,0,0,0,0,0,
000030.SZ,000030,20251209,93727000,56800,100,568,1167,0,,,1147300,6491004,57000,56300,56500,56600,56800,56900,57000,57100,57200,57300,57400,57500,57600,57700,2000,27300,33240,28500,53800,15000,57400,137100,59254,85700,56700,56600,56500,56400,56300,56200,56100,56000,55900,55800,55200,121900,88600,72300,102800,39300,49400,22700,55300,72600,58800,55400,1788294,1095800,0,0,0,0,0,
000030.SZ,000030,20251209,93730000,56800,10100,57417,1178,0,,,1157400,6548421,57000,56300,56500,56600,56800,56900,57000,57100,57200,57300,57400,57500,57600,57700,6900,23300,32640,28500,53800,15000,62400,137100,59254,85700,56700,56600,56500,56400,56300,56200,56100,56000,55900,55800,56200,121900,88600,72300,102800,39300,49400,22700,55300,72600,58800,55400,1793594,1096800,0,0,0,0,0,
000030.SZ,000030,20251209,93733000,56800,0,0,1178,0,,,1157400,6548421,57000,56300,56500,56600,56800,56900,57000,57100,57200,57300,57400,57500,57600,57700,7600,23300,32640,28500,53800,15000,62400,137100,59254,85700,56700,56600,56500,56400,56300,56200,56100,56000,55900,55800,62300,121900,88600,72300,102800,39300,49400,22700,55300,72600,58800,55400,1799094,1102900,0,0,0,0,0,
000030.SZ,000030,20251209,93736000,56800,0,0,1178,0,,,1157400,6548421,57000,56300,56500,56600,56800,56900,57000,57100,57200,57300,57400,57500,57600,57700,10200,23300,32540,28500,58800,15000,62400,137100,59254,85700,56700,56600,56500,56400,56300,56200,56100,56000,55900,55800,70100,121900,88600,72300,102800,39300,49400,22700,55300,72600,58800,55500,1806594,1110700,0,0,0,0,0,
000030.SZ,000030,20251209,93739000,56800,7400,42032,1187,0,,,1164800,6590453,57000,56300,56500,56600,56800,56900,57000,57100,57200,57300,57400,57500,57600,57700,2800,23300,32540,28500,58800,15000,62400,137100,59254,85700,56700,56600,56500,56400,56300,56200,56100,56000,55900,55800,70100,121900,88600,72300,102800,39300,49400,22700,55300,72600,58800,55500,1799194,1110700,0,0,0,0,0,
000030.SZ,000030,20251209,93742000,56800,0,0,1187,0,,,1164800,6590453,57000,56300,56500,56600,56800,56900,57000,57100,57200,57300,57400,57500,57600,57700,3600,23400,32440,28500,58800,15000,62400,142000,59254,85700,56700,56600,56500,56400,56300,56200,56100,56000,55900,55800,72500,121900,88600,72300,102800,39300,49400,22700,55300,72600,58800,55500,1804894,1113100,0,0,0,0,0,
000030.SZ,000030,20251209,93745000,56800,0,0,1187,0,,,1164800,6590453,57000,56300,56500,56600,56800,56900,57000,57100,57200,57300,57400,57500,57600,57700,3900,23400,33040,28500,58800,15000,62400,142000,59254,85700,56700,56600,56500,56400,56300,56200,56100,56000,55900,55800,76300,121900,88600,72300,102800,39300,49400,22700,55300,72600,58800,55500,1805794,1116900,0,0,0,0,0,
000030.SZ,000030,20251209,93748000,56800,0,0,1187,0,,,1164800,6590453,57000,56300,56500,56600,56800,56900,57000,57100,57200,57300,57400,57500,57600,57700,18200,22900,33040,28500,58800,15000,62400,142000,59254,85700,56700,56600,56500,56400,56300,56200,56100,56000,55900,55800,77000,121900,88600,72300,102800,39300,49400,22700,55300,72600,58800,55500,1819594,1117600,0,0,0,0,0,
000030.SZ,000030,20251209,93751000,56800,0,0,1187,0,,,1164800,6590453,57000,56300,56500,56600,56800,56900,57000,57100,57200,57300,57400,57500,57600,57700,21400,22900,33040,28500,58800,15000,62400,142000,59254,85700,56700,56600,56500,56400,56300,56200,56100,56000,55900,55800,77000,121800,88600,72300,102800,39300,49400,22700,55300,72600,58800,55500,1823794,1117500,0,0,0,0,0,
000030.SZ,000030,20251209,93754000,56800,0,0,1187,0,,,1164800,6590453,57000,56300,56500,56600,56800,56900,57000,57100,57200,57300,57400,57500,57600,57700,21400,22900,33040,28500,58800,15000,62400,142000,59254,85700,56700,56600,56500,56400,56300,56200,56100,56000,55900,55800,79900,121800,88600,72300,102800,39300,49400,22700,55300,72600,58800,55500,1824294,1120400,0,0,0,0,0,
000030.SZ,000030,20251209,93757000,56800,0,0,1187,0,,,1164800,6590453,57000,56300,56500,56600,56800,56900,57000,57100,57200,57300,57400,57500,57600,57700,20600,22900,33040,28500,58800,15000,62400,142000,59254,85700,56700,56600,56500,56400,56300,56200,56100,56000,55900,55800,81100,121800,88600,72300,102800,39300,59400,22700,55300,72600,58800,55500,1823494,1131600,0,0,0,0,0,
000030.SZ,000030,20251209,93800000,56800,100,568,1188,0,,,1164900,6591021,57000,56300,56500,56600,56800,56900,57000,57100,57200,57300,57400,57500,57600,57700,18900,22900,33040,28500,58800,15000,62400,142000,59254,85700,56700,56600,56500,56400,56300,56200,56100,56000,55900,55800,83100,122300,88600,72300,102800,39300,59400,22700,55300,72600,58800,55500,1821794,1134100,0,0,0,0,0,
000030.SZ,000030,20251209,93803000,56800,8200,46576,1212,0,,,1173100,6637597,57000,56300,56500,56600,56900,57000,57100,57200,57300,57400,57500,57600,57700,57800,23100,32540,28500,58800,15000,62400,142000,59254,85700,177700,56800,56700,56600,56500,56400,56300,56200,56100,56000,55900,15000,83700,118700,88600,72300,102800,39300,59400,22700,55300,58800,55500,1817894,1146100,0,0,0,0,0,
000030.SZ,000030,20251209,93806000,56800,600,3408,1213,0,,,1173700,6641005,57000,56300,56500,56600,56900,57000,57100,57200,57300,57400,57500,57600,57700,57800,23900,32540,28500,58800,15000,62400,142000,59254,85700,177700,56800,56700,56600,56500,56400,56300,56200,56100,56000,55900,62700,74500,118700,88600,72300,102800,39300,59400,22700,55300,58800,55500,1818694,1184600,0,0,0,0,0,
000030.SZ,000030,20251209,93809000,56800,0,0,1213,0,,,1173700,6641005,57000,56300,56500,56600,56900,57000,57100,57200,57300,57400,57500,57600,57700,57800,23900,32540,28500,58800,15000,62400,142000,59254,85700,177700,56800,56700,56600,56500,56400,56300,56200,56100,56000,55900,67500,65300,118700,88600,72300,102800,39300,59400,22700,55300,58800,55500,1818694,1180200,0,0,0,0,0,
000030.SZ,000030,20251209,93812000,56800,600,3408,1215,0,,,1174300,6644413,57000,56300,56500,56600,56900,57000,57100,57200,57300,57400,57500,57600,57700,57800,23900,41940,28500,59200,15000,62400,142000,59254,85700,177700,56800,56700,56600,56500,56400,56300,56200,56100,56000,55900,68900,63700,118700,88600,72300,102800,39300,59400,22700,55300,58800,55500,1828494,1180000,0,0,0,0,0,
000030.SZ,000030,20251209,93815000,56800,0,0,1215,0,,,1174300,6644413,57000,56300,56500,56600,56900,57000,57100,57200,57300,57400,57500,57600,57700,57800,23900,41940,28500,59200,15000,62400,142000,59254,85700,177700,56800,56700,56600,56500,56400,56300,56200,56100,56000,55900,70900,63700,118700,88600,72300,102800,39300,59400,22700,55300,58800,55500,1828494,1182000,0,0,0,0,0,
000030.SZ,000030,20251209,93818000,56800,0,0,1215,0,,,1174300,6644413,57000,56300,56500,56600,56900,57000,57100,57200,57300,57400,57500,57600,57700,57800,24000,41940,28500,59200,15000,62400,142000,59254,85700,177700,56800,56700,56600,56500,56400,56300,56200,56100,56000,55900,71600,63700,118700,88600,72300,102800,39300,59400,22700,55300,58800,55500,1828594,1182700,0,0,0,0,0,
000030.SZ,000030,20251209,93821000,56800,0,0,1215,0,,,1174300,6644413,57000,56300,56500,56600,56900,57000,57100,57200,57300,57400,57500,57600,57700,57800,24000,41940,28500,59200,15000,62400,142000,59254,85700,177700,56800,56700,56600,56500,56400,56300,56200,56100,56000,55900,72800,63700,118700,88600,72300,102800,39300,59400,22700,55300,58800,55500,1829594,1183900,0,0,0,0,0,
000030.SZ,000030,20251209,93824000,56800,0,0,1215,0,,,1174300,6644413,57000,56300,56500,56600,56900,57000,57100,57200,57300,57400,57500,57600,57700,57800,24500,41940,28500,59200,15000,62400,142000,59254,85700,177700,56800,56700,56600,56500,56400,56300,56200,56100,56000,55900,76100,63700,118700,88600,72300,102800,39300,59400,22700,55300,58800,55500,1830094,1187200,0,0,0,0,0,
000030.SZ,000030,20251209,93827000,56800,0,0,1215,0,,,1174300,6644413,57000,56300,56500,56600,56900,57000,57100,57200,57300,57400,57500,57600,57700,57800,24700,41940,28500,59200,15000,62400,142000,59254,85700,177700,56800,56700,56600,56500,56400,56300,56200,56100,56000,55900,76400,63700,118700,88600,72300,102800,39300,59400,22700,55300,58800,55500,1830294,1187500,0,0,0,0,0,
000030.SZ,000030,20251209,93830000,56800,0,0,1215,0,,,1174300,6644413,57000,56300,56500,56600,56900,57000,57100,57200,57300,57400,57500,57600,57700,57800,24700,41940,28500,59200,15000,62400,142000,59254,85700,177700,56800,56700,56600,56500,56400,56300,56200,56100,56000,55900,79200,62400,118700,88600,72300,102800,39300,59400,22700,55300,58800,55500,1830294,1189000,0,0,0,0,0,
000030.SZ,000030,20251209,93833000,56800,0,0,1215,0,,,1174300,6644413,57000,56300,56500,56600,56900,57000,57100,57200,57300,57400,57500,57600,57700,57800,24700,41940,28500,59200,15000,62400,142000,59254,85700,177700,56800,56700,56600,56500,56400,56300,56200,56100,56000,55900,80100,61300,118700,88600,72300,102800,39300,59400,22700,55300,58800,55500,1830294,1188800,0,0,0,0,0,
000030.SZ,000030,20251209,93836000,56800,0,0,1215,0,,,1174300,6644413,57000,56300,56500,56600,56900,57000,57100,57200,57300,57400,57500,57600,57700,57800,24700,41940,28500,59200,15000,62400,142000,59254,85700,182700,56800,56700,56600,56500,56400,56300,56200,56100,56000,55900,80600,61300,118700,88600,72300,102800,39300,59400,22700,55300,58800,55500,1835294,1189300,0,0,0,0,0,
000030.SZ,000030,20251209,93839000,56800,0,0,1215,0,,,1174300,6644413,57000,56300,56500,56600,56900,57000,57100,57200,57300,57400,57500,57600,57700,57800,24700,41940,28500,59200,15000,62400,142000,59254,85700,182700,56800,56700,56600,56500,56400,56300,56200,56100,56000,55900,81700,61300,118700,88600,72300,102800,39300,59400,22700,55300,58800,55500,1835294,1190400,0,0,0,0,0,
000030.SZ,000030,20251209,93842000,56800,1000,5680,1216,0,,,1175300,6650093,57000,56300,56500,56600,56900,57000,57100,57200,57300,57400,57500,57600,57700,57800,24700,41940,28500,59200,15000,62400,142000,59254,85700,182700,56800,56700,56600,56500,56400,56300,56200,56100,56000,55900,81200,61300,118700,88600,72300,102800,39300,59400,22700,55300,58800,55500,1835294,1190000,0,0,0,0,0,
000030.SZ,000030,20251209,93845000,56800,0,0,1216,0,,,1175300,6650093,57000,56300,56500,56600,56900,57000,57100,57200,57300,57400,57500,57600,57700,57800,24800,51940,28500,59200,15000,62400,142000,59254,85700,182700,56800,56700,56600,56500,56400,56300,56200,56100,56000,55900,83100,61300,118700,88600,72300,102800,39300,59400,22700,55300,58800,55500,1845394,1191900,0,0,0,0,0,
000030.SZ,000030,20251209,93848000,56800,3600,20448,1219,0,,,1178900,6670541,57000,56300,56500,56600,56900,57000,57100,57200,57300,57400,57500,57600,57700,57800,26600,48740,28500,59200,15000,62400,142000,59254,85700,182700,56800,56700,56600,56500,56400,56300,56200,56100,56000,55900,80000,60900,118700,88600,72300,102800,39300,59400,22700,55300,58800,55500,1843994,1188400,0,0,0,0,0,
000030.SZ,000030,20251209,93851000,56800,2200,12499,1224,0,,,1181100,6683040,57000,56300,56500,56600,56900,57000,57100,57200,57300,57400,57500,57600,57700,57800,26300,48740,28500,59200,98000,62400,142000,59254,85700,182700,56800,56700,56600,56500,56400,56300,56200,56100,56000,55900,73400,60900,118700,88600,72300,102800,39300,59400,22700,55300,58800,55500,1926694,1181800,0,0,0,0,0,
000030.SZ,000030,20251209,93854000,56800,73000,414640,1373,0,,,1254100,7097680,57000,56300,56500,56600,56900,57000,57100,57200,57300,57400,57500,57600,57700,57800,41000,48740,28500,59200,98000,62400,142000,59254,85700,182700,56800,56700,56600,56500,56400,56300,56200,56100,56000,55900,3300,60900,118700,88600,72300,102800,39300,59400,22700,55300,58700,55400,1941394,1111700,0,0,0,0,0,
000030.SZ,000030,20251209,93857000,56800,3600,20448,1385,0,,,1257700,7118128,57000,56300,56500,56600,56800,56900,57000,57100,57200,57300,57400,57500,57600,57700,15600,41400,48740,28500,59200,98000,62400,142000,59254,85700,56700,56600,56500,56400,56300,56200,56100,56000,55900,55800,60200,118700,88600,72300,102800,39300,59400,22700,55300,72600,58700,55400,1957394,1107700,0,0,0,0,0,
000030.SZ,000030,20251209,93900000,56800,0,0,1385,0,,,1257700,7118128,57000,56300,56500,56600,56800,56900,57000,57100,57200,57300,57400,57500,57600,57700,18400,40300,48740,28500,59200,98000,62400,142000,59254,85700,56700,56600,56500,56400,56300,56200,56100,56000,55900,55800,65900,118700,88600,72300,102800,39300,59400,22700,55300,72600,58700,55400,1959094,1113300,0,0,0,0,0,
000030.SZ,000030,20251209,93903000,56800,0,0,1385,0,,,1257700,7118128,57000,56300,56500,56600,56800,56900,57000,57100,57200,57300,57400,57500,57600,57700,19300,40300,48740,28500,59200,98000,62400,142000,59254,85700,56700,56600,56500,56400,56300,56200,56100,56000,55900,55800,67500,118700,88600,72300,102800,39300,59400,22700,55300,72600,58700,55500,1959994,1114900,0,0,0,0,0,
000030.SZ,000030,20251209,93906000,56800,0,0,1385,0,,,1257700,7118128,57000,56300,56500,56600,56800,56900,57000,57100,57200,57300,57400,57500,57600,57700,19700,42000,48740,28500,59200,98000,62400,142000,59254,85700,56700,56600,56500,56400,56300,56200,56100,56000,55900,55800,69600,118700,88600,72300,102800,39300,59400,22700,55300,72600,58700,55500,1961094,1117000,0,0,0,0,0,
000030.SZ,000030,20251209,93909000,56800,400,2272,1387,0,,,1258100,7120400,57000,56300,56500,56600,56800,56900,57000,57100,57200,57300,57400,57500,57600,57700,21200,42000,48740,28500,59200,98000,62400,142000,59254,85700,56700,56600,56500,56400,56300,56200,56100,56000,55900,55800,70500,118700,88600,72300,102800,39300,59400,22700,55300,72600,58700,55500,1962594,1117900,0,0,0,0,0,
000030.SZ,000030,20251209,93912000,56800,0,0,1387,0,,,1258100,7120400,57000,56300,56500,56600,56800,56900,57000,57100,57200,57300,57400,57500,57600,57700,23700,40200,49240,28500,59200,98000,62400,142000,59254,85700,56700,56600,56500,56400,56300,56200,56100,56000,55900,55800,71200,118700,88600,72300,102800,39300,59400,22700,55300,72600,58700,55500,1966794,1118600,0,0,0,0,0,
000030.SZ,000030,20251209,93915000,56800,0,0,1387,0,,,1258100,7120400,57000,56300,56500,56600,56800,56900,57000,57100,57200,57300,57400,57500,57600,57700,23800,40100,49240,28500,59200,98000,62400,142000,59254,85700,56700,56600,56500,56400,56300,56200,56100,56000,55900,55800,73700,118700,88600,72300,102800,39300,59400,22700,55300,72600,58700,55500,1966794,1121100,0,0,0,0,0,
000030.SZ,000030,20251209,93918000,56800,0,0,1387,0,,,1258100,7120400,57000,56300,56500,56600,56800,56900,57000,57100,57200,57300,57400,57500,57600,57700,23800,40100,49240,28500,59200,98000,62400,142000,59254,85700,56700,56600,56500,56400,56300,56200,56100,56000,55900,55800,74200,118700,88600,72300,102800,39300,59400,22700,55300,72600,58700,55500,1966794,1121600,0,0,0,0,0,
000030.SZ,000030,20251209,93921000,56800,200,1136,1389,0,,,1258300,7121536,57000,56300,56500,56600,56800,56900,57000,57100,57200,57300,57400,57500,57600,57700,23600,40100,49240,28500,59200,98000,62400,142000,59254,85700,56700,56600,56500,56400,56300,56200,56100,56000,55900,55800,74200,118800,88600,72300,102800,39300,59400,22700,55300,72600,58700,55500,1967594,1121700,0,0,0,0,0,
000030.SZ,000030,20251209,93924000,56800,0,0,1389,0,,,1258300,7121536,57000,56300,56500,56600,56800,56900,57000,57100,57200,57300,57400,57500,57600,57700,27100,40100,49240,28500,59200,98000,62400,142000,59254,85700,56700,56600,56500,56400,56300,56200,56100,56000,55900,55800,79500,118800,88600,72300,102800,39300,59400,22700,55300,72600,58700,55500,1971094,1127000,0,0,0,0,0,
000030.SZ,000030,20251209,93927000,56800,6200,35216,1397,0,,,1264500,7156752,57000,56300,56500,56600,56800,56900,57000,57100,57200,57300,57400,57500,57600,57700,22100,39800,49740,28500,59200,98000,63500,142000,61754,85700,56700,56600,56500,56400,56300,56200,56100,56000,55900,55800,81800,118800,89300,72300,102800,39300,59400,22700,55300,72600,58700,55500,1969894,1130000,0,0,0,0,0,
000030.SZ,000030,20251209,93930000,56800,0,0,1397,0,,,1264500,7156752,57000,56300,56500,56600,56800,56900,57000,57100,57200,57300,57400,57500,57600,57700,22100,39800,49740,28500,59200,108000,63500,142000,61754,85700,56700,56600,56500,56400,56300,56200,56100,56000,55900,55800,85900,118800,89300,72300,102800,39300,59400,22700,55300,72600,58700,55500,1979894,1134100,0,0,0,0,0,
000030.SZ,000030,20251209,93933000,56700,1800,10206,1398,0,,,1266300,7166958,57000,56300,56500,56600,56800,56900,57000,57100,57200,57300,57400,57500,57600,57700,23000,38000,49740,28500,59200,108000,63500,142000,61754,85700,56700,56600,56500,56400,56300,56200,56100,56000,55900,55800,84900,118800,89300,72300,102800,39300,59400,22700,55300,72600,58700,55500,1978994,1133100,0,0,0,0,0,
000030.SZ,000030,20251209,93936000,56800,800,4537,1400,0,,,1267100,7171495,57000,56300,56500,56600,56800,56900,57000,57100,57200,57300,57400,57500,57600,57700,20300,38000,49740,28500,59200,108000,63500,142000,61754,85700,56700,56600,56500,56400,56300,56200,56100,56000,55900,55800,84200,118800,89300,72300,102800,39300,59400,22700,55300,72600,58700,55500,1976294,1132400,0,0,0,0,0,
000030.SZ,000030,20251209,93939000,56700,3500,19848,1406,0,,,1270600,7191343,57000,56300,56500,56600,56800,56900,57000,57100,57200,57300,57400,57500,57600,57700,20000,37800,49740,28500,59200,108000,63500,142000,61754,85700,56700,56600,56500,56400,56300,56200,56100,56000,55900,55800,81000,118800,89300,72300,102800,39300,59400,22700,55300,72600,58700,55500,1975794,1129200,0,0,0,0,0,
000030.SZ,000030,20251209,93942000,56700,200,1134,1407,0,,,1270800,7192477,57000,56300,56500,56600,56800,56900,57000,57100,57200,57300,57400,57500,57600,57700,24500,37600,49740,28500,59200,108000,63500,242000,61754,85700,56700,56600,56500,56400,56300,56200,56100,56000,55900,55800,82800,118800,89300,72300,102800,39300,59400,22700,55300,72600,58700,55500,2081174,1131000,0,0,0,0,0,
000030.SZ,000030,20251209,93945000,56700,100,567,1408,0,,,1270900,7193044,57000,56300,56500,56600,56800,56900,57000,57100,57200,57300,57400,57500,57600,57700,24500,37600,49740,28500,59200,108000,63500,242000,61754,85700,56700,56600,56500,56400,56300,56200,56100,56000,55900,55800,83800,118800,89300,72300,102800,39300,59400,22700,55300,72600,58700,55500,2081174,1132000,0,0,0,0,0,
000030.SZ,000030,20251209,93948000,56700,0,0,1408,0,,,1270900,7193044,57000,56300,56500,56600,56800,56900,57000,57100,57200,57300,57400,57500,57600,57700,25600,37600,49740,28500,59200,108000,63500,242000,61754,85700,56700,56600,56500,56400,56300,56200,56100,56000,55900,55800,85800,118800,89300,72300,102800,39300,59400,22700,55300,72600,58700,55500,2091074,1134000,0,0,0,0,0,
000030.SZ,000030,20251209,93954000,56700,0,0,1408,0,,,1270900,7193044,57000,56300,56500,56600,56800,56900,57000,57100,57200,57300,57400,57500,57600,57700,25800,37600,49740,28500,59200,108000,63500,242000,61754,85700,56700,56600,56500,56400,56300,56200,56100,56000,55900,55800,88200,118800,89300,72300,102800,39300,59400,22700,55300,72600,58700,55500,2091274,1136400,0,0,0,0,0,
000030.SZ,000030,20251209,93957000,56700,0,0,1408,0,,,1270900,7193044,57000,56300,56500,56600,56800,56900,57000,57100,57200,57300,57400,57500,57600,57700,25800,37600,49740,28500,59200,108000,63500,242000,61754,85700,56700,56600,56500,56400,56300,56200,56100,56000,55900,55800,90300,118800,89300,72300,102800,39300,56400,22700,55300,72600,58700,55500,2091274,1135500,0,0,0,0,0,
000030.SZ,000030,20251209,94000000,56700,0,0,1408,0,,,1270900,7193044,57000,56300,56500,56600,56800,56900,57000,57100,57200,57300,57400,57500,57600,57700,25800,38700,49740,28500,59200,108000,63500,242000,61754,85700,56700,56600,56500,56400,56300,56200,56100,56000,55900,55800,91200,118800,89300,72300,102800,39300,56400,22700,55300,72600,58700,55500,2095374,1136400,0,0,0,0,0,
000030.SZ,000030,20251209,94003000,56700,1100,6242,1412,0,,,1272000,7199286,57000,56300,56500,56600,56800,56900,57000,57100,57200,57300,57400,57500,57600,57700,27100,38700,68440,28500,59100,108000,63500,242000,61754,85700,56700,56600,56500,56400,56300,56200,56100,56000,55900,55800,91700,118800,89300,72300,102800,39300,56400,22700,55300,72600,58600,55500,2115274,1136900,0,0,0,0,0,
000030.SZ,000030,20251209,94006000,56700,0,0,1412,0,,,1272000,7199286,57000,56300,56500,56600,56800,56900,57000,57100,57200,57300,57400,57500,57600,57700,27100,38700,68540,28500,59100,109000,63500,242000,61754,85700,56700,56600,56500,56400,56300,56200,56100,56000,55900,55800,92800,118800,89300,72300,102800,39300,56400,22700,55300,72600,58600,55500,2116374,1139000,0,0,0,0,0,
000030.SZ,000030,20251209,94009000,56700,0,0,1412,0,,,1272000,7199286,57000,56300,56500,56600,56800,56900,57000,57100,57200,57300,57400,57500,57600,57700,27100,38300,68540,28500,59100,109000,63500,242000,61754,85700,56700,56600,56500,56400,56300,56200,56100,56000,55900,55800,92900,118800,89300,72300,102800,39300,56400,22700,55300,72600,58600,55500,2115974,1139100,0,0,0,0,0,
000030.SZ,000030,20251209,94012000,56700,0,0,1412,0,,,1272000,7199286,57000,56300,56500,56600,56800,56900,57000,57100,57200,57300,57400,57500,57600,57700,27100,38300,68540,28500,59100,109000,63500,242000,61754,85700,56700,56600,56500,56400,56300,56200,56100,56000,55900,55800,94400,118800,89300,72300,102800,39300,56400,22700,55300,72600,58600,55500,2115974,1139600,0,0,0,0,0,
000030.SZ,000030,20251209,94015000,56700,4200,23814,1413,0,,,1276200,7223100,57000,56300,56500,56600,56800,56900,57000,57100,57200,57300,57400,57500,57600,57700,27100,38300,68540,28500,59100,109000,63500,242000,61754,85700,56700,56600,56500,56400,56300,56200,56100,56000,55900,55800,92900,118800,89300,72300,102800,38300,56400,22700,55300,72600,58600,55500,2115974,1137100,0,0,0,0,0,
000030.SZ,000030,20251209,94018000,56700,0,0,1413,0,,,1276200,7223100,57000,56300,56500,56600,56800,56900,57000,57100,57200,57300,57400,57500,57600,57700,27200,38300,68540,28500,59100,109000,63500,242000,61754,85700,56700,56600,56500,56400,56300,56200,56100,56000,55900,55800,93100,118800,89300,72300,102800,38300,56400,22700,55300,72600,58600,55500,2116074,1137300,0,0,0,0,0,
000030.SZ,000030,20251209,94021000,56800,100,568,1414,0,,,1276300,7223668,57000,56300,56500,56600,56800,56900,57000,57100,57200,57300,57400,57500,57600,57700,27100,38300,68540,28500,59100,109000,63500,242000,61754,85700,56700,56600,56500,56400,56300,56200,56100,56000,55900,55800,94500,118800,89300,72300,102800,38300,56400,22700,55300,68100,58600,55500,2116574,1134200,0,0,0,0,0,
000030.SZ,000030,20251209,94024000,56800,0,0,1414,0,,,1276300,7223668,57000,56300,56500,56600,56800,56900,57000,57100,57200,57300,57400,57500,57600,57700,25400,38300,68540,28500,59100,109000,63500,242000,61754,85700,56700,56600,56500,56400,56300,56200,56100,56000,55900,55800,96200,118800,89300,72300,102800,38300,56400,22700,55300,68100,58600,55500,2114874,1136900,0,0,0,0,0,
000030.SZ,000030,20251209,94027000,56800,0,0,1414,0,,,1276300,7223668,57000,56300,56500,56600,56800,56900,57000,57100,57200,57300,57400,57500,57600,57700,25400,38300,68540,28500,59100,109000,63500,242000,61754,85700,56700,56600,56500,56400,56300,56200,56100,56000,55900,55800,98900,118800,89300,72300,102800,38300,56400,22700,55300,68100,58600,55500,2114874,1139600,0,0,0,0,0,
000030.SZ,000030,20251209,94030000,56800,0,0,1414,0,,,1276300,7223668,57000,56300,56500,56600,56800,56900,57000,57100,57200,57300,57400,57500,57600,57700,25300,38600,68540,28500,59100,109000,63500,242000,61754,85700,56700,56600,56500,56400,56300,56200,56100,56000,55900,55800,98900,119100,89300,72300,102800,38300,56400,22700,55300,68100,58600,55500,2115074,1139900,0,0,0,0,0,
000030.SZ,000030,20251209,94033000,56700,800,4536,1415,0,,,1277100,7228204,57000,56300,56500,56600,56800,56900,57000,57100,57200,57300,57400,57500,57600,57700,25300,38600,68540,28500,59100,109000,63500,242000,61754,85700,56700,56600,56500,56400,56300,56200,56100,56000,55900,55800,99000,119100,89300,72300,102800,38300,56400,22700,55300,68100,58600,55500,2115074,1140000,0,0,0,0,0,
000030.SZ,000030,20251209,94036000,56700,0,0,1415,0,,,1277100,7228204,57000,56300,56500,56600,56800,56900,57000,57100,57200,57300,57400,57500,57600,57700,27000,38600,68540,28500,59100,109000,63500,242000,61754,85700,56700,56600,56500,56400,56300,56200,56100,56000,55900,55800,99000,119100,89300,72300,102800,38300,56400,22700,55300,68100,58600,55500,2116774,1140000,0,0,0,0,0,
000030.SZ,000030,20251209,94039000,56800,900,5107,1419,0,,,1278000,7233311,57000,56300,56500,56600,56800,56900,57000,57100,57200,57300,57400,57500,57600,57700,26700,38600,68540,28500,59100,109000,63500,242000,61754,85700,56700,56600,56500,56400,56300,56200,56100,56000,55900,55800,98400,119100,89300,72300,102800,38300,56400,22700,55300,68100,58600,55500,2116474,1139400,0,0,0,0,0,
000030.SZ,000030,20251209,94042000,56800,0,0,1419,0,,,1278000,7233311,57000,56300,56500,56600,56800,56900,57000,57100,57200,57300,57400,57500,57600,57700,27100,38600,68540,28500,59100,109000,63500,242000,61754,85700,56700,56600,56500,56400,56300,56200,56100,56000,55900,55800,99400,119100,89300,72300,102800,38300,56400,22700,55300,68100,58600,55500,2116874,1140400,0,0,0,0,0,
000030.SZ,000030,20251209,94045000,56800,0,0,1419,0,,,1278000,7233311,57000,56300,56500,56600,56800,56900,57000,57100,57200,57300,57400,57500,57600,57700,27900,38600,68540,28500,59100,109000,63500,242000,61754,86500,56700,56600,56500,56400,56300,56200,56100,56000,55900,55800,100400,119100,89300,72300,102800,38300,56400,22700,55300,68100,58600,55500,2118474,1141400,0,0,0,0,0,
000030.SZ,000030,20251209,94051000,56800,400,2272,1420,0,,,1278400,7235583,57000,56300,56500,56600,56800,56900,57000,57100,57200,57300,57400,57500,57600,57700,27500,38600,68540,28500,59100,109000,63500,242000,61754,86500,56700,56600,56500,56400,56300,56200,56100,56000,55900,55800,100400,119100,89300,72300,102800,38300,56400,22700,55300,68100,58600,55500,2118074,1141400,0,0,0,0,0,
000030.SZ,000030,20251209,94054000,56800,400,2272,1421,0,,,1278800,7237855,57000,56300,56500,56600,56800,56900,57000,57100,57200,57300,57400,57500,57600,57700,27100,38600,68540,28500,59100,109000,63500,242000,61754,86500,56700,56600,56500,56400,56300,56200,56100,56000,55900,55800,101300,119100,89300,72300,102800,38300,56400,22700,55300,68100,58600,55500,2117674,1142300,0,0,0,0,0,
000030.SZ,000030,20251209,94057000,56800,0,0,1421,0,,,1278800,7237855,57000,56300,56500,56600,56800,56900,57000,57100,57200,57300,57400,57500,57600,57700,27300,38500,68540,28500,59100,109000,63500,242000,61754,86500,56700,56600,56500,56400,56300,56200,56100,56000,55900,55800,109600,119100,89300,72300,102800,38300,56400,22700,55300,68100,58600,55500,2122774,1150600,0,0,0,0,0,
000030.SZ,000030,20251209,94100000,56800,3000,17040,1427,0,,,1281800,7254895,57000,56300,56500,56600,56800,56900,57000,57100,57200,57300,57400,57500,57600,57700,24800,38500,68540,28500,59100,109000,63500,242000,61754,86500,56700,56600,56500,56400,56300,56200,56100,56000,55900,55800,110700,119100,89300,72300,102800,38300,56400,22700,55300,68100,58600,55500,2120274,1151700,0,0,0,0,0,
000030.SZ,000030,20251209,94103000,56700,400,2269,1431,0,,,1282200,7257164,57000,56300,56500,56600,56800,56900,57000,57100,57200,57300,57400,57500,57600,57700,27800,38500,68540,28500,59100,109000,63500,242000,61754,86500,56700,56600,56500,56400,56300,56200,56100,56000,55900,55800,111600,119100,89300,72300,102800,38300,56400,22700,55300,68100,58600,55500,2123274,1152600,0,0,0,0,0,
000030.SZ,000030,20251209,94106000,56800,100,568,1432,0,,,1282300,7257732,57000,56300,56500,56600,56800,56900,57000,57100,57200,57300,57400,57500,57600,57700,28700,38500,68540,28500,59100,109000,63500,242000,61754,86500,56700,56600,56500,56400,56300,56200,56100,56000,55900,55800,111600,119100,89300,72300,102800,38300,56400,22700,55300,68100,58600,55500,2124174,1152600,0,0,0,0,0,
000030.SZ,000030,20251209,94109000,56800,5100,28968,1437,0,,,1287400,7286700,57000,56300,56500,56600,56800,56900,57000,57100,57200,57300,57400,57500,57600,57700,24400,38500,68540,28500,59100,109000,63500,242000,61754,86500,56700,56600,56500,56400,56300,56200,56100,56000,55900,55800,110800,119100,89300,72300,102800,38300,56400,22700,55300,68100,58600,55500,2119874,1151800,0,0,0,0,0,
000030.SZ,000030,20251209,94112000,56800,1400,7952,1442,0,,,1288800,7294652,57000,56300,56500,56600,56800,56900,57000,57100,57200,57300,57400,57500,57600,57700,24600,35300,68540,28500,59100,109000,63500,242000,61754,86500,56700,56600,56500,56400,56300,56200,56100,56000,55900,55800,110700,119100,89300,72300,102800,38300,56400,22700,55300,68100,58700,55500,2116874,1151700,0,0,0,0,0,
000030.SZ,000030,20251209,94115000,56800,0,0,1442,0,,,1288800,7294652,57000,56300,56500,56600,56800,56900,57000,57100,57200,57300,57400,57500,57600,57700,26100,35300,68540,28500,59100,109000,63500,242000,61754,86500,56700,56600,56500,56400,56300,56200,56100,56000,55900,55800,112900,116800,89300,72300,102800,38300,56400,22700,55300,68100,58600,55500,2118374,1155600,0,0,0,0,0,
000030.SZ,000030,20251209,94118000,56800,400,2272,1444,0,,,1289200,7296924,57000,56300,56500,56600,56800,56900,57000,57100,57200,57300,57400,57500,57600,57700,25700,35300,68540,28500,59100,109000,63500,242000,61754,86500,56700,56600,56500,56400,56300,56200,56100,56000,55900,55800,112900,116800,89300,72300,102800,38300,56400,22700,55300,68100,58600,55500,2117974,1155600,0,0,0,0,0,
000030.SZ,000030,20251209,94121000,56800,11400,64752,1467,0,,,1300600,7361676,57000,56300,56500,56600,56800,56900,57000,57100,57200,57300,57400,57500,57600,57700,15200,35300,68540,28500,59100,109000,63500,242000,61754,86500,56700,56600,56500,56400,56300,56200,56100,56000,55900,55800,111900,116800,89300,72300,102800,38300,56400,22700,55300,68100,58700,55500,2107474,1154600,0,0,0,0,0,
000030.SZ,000030,20251209,94124000,56800,2400,13632,1483,0,,,1303000,7375308,57000,56300,56500,56600,56800,56900,57000,57100,57200,57300,57400,57500,57600,57700,13800,35300,68540,28500,59100,109000,63500,242000,61754,86500,56700,56600,56500,56400,56300,56200,56100,56000,55900,55800,113000,116800,89300,72300,102800,38300,56400,22700,55300,68100,58700,55500,2106074,1155700,0,0,0,0,0,
000030.SZ,000030,20251209,94127000,56800,0,0,1483,0,,,1303000,7375308,57000,56300,56500,56600,56800,56900,57000,57100,57200,57300,57400,57500,57600,57700,16200,34800,68540,28500,59100,109000,63500,242000,61754,86500,56700,56600,56500,56400,56300,56200,56100,56000,55900,55800,113900,116800,89300,72300,102800,38300,56400,22700,55300,68100,58700,55500,2107974,1156600,0,0,0,0,0,
000030.SZ,000030,20251209,94130000,56800,0,0,1483,0,,,1303000,7375308,57000,56300,56500,56600,56800,56900,57000,57100,57200,57300,57400,57500,57600,57700,20400,34800,68540,28500,59100,109000,63500,242000,50300,86500,56700,56600,56500,56400,56300,56200,56100,56000,55900,55800,114800,116800,89300,72300,102800,38300,56400,22700,55300,68100,58700,55500,2100720,1157500,0,0,0,0,0,
000030.SZ,000030,20251209,94133000,56800,0,0,1483,0,,,1303000,7375308,57000,56300,56500,56600,56800,56900,57000,57100,57200,57300,57400,57500,57600,57700,18700,34800,68540,28900,59100,109000,63500,242000,50300,86500,56700,56600,56500,56400,56300,56200,56100,56000,55900,55800,116100,116800,89300,72300,102800,38300,56400,22700,55300,68100,58700,55500,2099420,1158800,0,0,0,0,0,
000030.SZ,000030,20251209,94136000,56800,0,0,1483,0,,,1303000,7375308,57000,56300,56500,56600,56800,56900,57000,57100,57200,57300,57400,57500,57600,57700,18700,34800,68540,28900,59100,109000,63500,242000,50300,86500,56700,56600,56500,56400,56300,56200,56100,56000,55900,55800,118600,116800,90300,72300,102800,38300,56400,22700,55300,68100,58700,55500,2099420,1162300,0,0,0,0,0,
000030.SZ,000030,20251209,94139000,56800,2000,11360,1494,0,,,1305000,7386668,57000,56300,56500,56600,56800,56900,57000,57100,57200,57300,57400,57500,57600,57700,21300,34800,68540,28900,69900,109000,63500,242000,50300,86500,56700,56600,56500,56400,56300,56200,56100,56000,55900,55800,118000,116800,90300,72300,102800,38300,56400,22700,55300,68100,58700,55500,2112820,1161700,0,0,0,0,0,
000030.SZ,000030,20251209,94142000,56800,1200,6816,1498,0,,,1306200,7393484,57000,56300,56500,56600,56800,56900,57000,57100,57200,57300,57400,57500,57600,57700,21000,34800,68540,28900,69900,109000,63500,242000,50300,86500,56700,56600,56500,56400,56300,56200,56100,56000,55900,55800,118500,116800,90300,78500,102800,38300,56400,22700,55300,68100,58700,55500,2118720,1168400,0,0,0,0,0,
000030.SZ,000030,20251209,94145000,56700,500,2835,1499,0,,,1306700,7396319,57000,56300,56500,56600,56800,56900,57000,57100,57200,57300,57400,57500,57600,57700,21000,34800,68540,28900,69900,109000,63500,242000,50600,86500,56700,56600,56500,56400,56300,56200,56100,56000,55900,55800,119200,116800,90300,78500,102800,38300,56400,22700,55300,68100,58700,55500,2121520,1169100,0,0,0,0,0,
000030.SZ,000030,20251209,94148000,56700,0,0,1499,0,,,1306700,7396319,57000,56300,56500,56600,56800,56900,57000,57100,57200,57300,57400,57500,57600,57700,34000,34800,68540,28900,69900,109000,63500,242000,50600,86500,56700,56600,56500,56400,56300,56200,56100,56000,55900,55800,120000,116800,90900,78500,102800,38300,54700,22700,55300,68100,58600,55500,2134520,1168800,0,0,0,0,0,
000030.SZ,000030,20251209,94151000,56700,2700,15331,1505,0,,,1309400,7411650,57000,56300,56500,56600,56800,56900,57000,57100,57200,57300,57400,57500,57600,57700,42854,30300,57240,28900,69900,109000,63500,242000,50600,86500,56700,56600,56500,56400,56300,56200,56100,56000,55900,55800,118900,116800,90900,78500,102800,38300,54700,22700,55300,68100,58600,55500,2127574,1167700,0,0,0,0,0,
000030.SZ,000030,20251209,94154000,56700,0,0,1505,0,,,1309400,7411650,57000,56300,56500,56600,56800,56900,57000,57100,57200,57300,57400,57500,57600,57700,43454,30300,57240,28900,69900,109000,63500,242000,50600,86500,56700,56600,56500,56400,56300,56200,56100,56000,55900,55800,120900,116800,90900,78500,107800,38300,54700,22700,55300,68100,58600,55500,2128174,1174700,0,0,0,0,0,
000030.SZ,000030,20251209,94157000,56800,100,568,1506,0,,,1309500,7412218,57000,56300,56500,56600,56800,56900,57000,57100,57200,57300,57400,57500,57600,57700,43354,30300,57240,28900,69900,109000,63500,242000,50600,86500,56700,56600,56500,56400,56300,56200,56100,56000,55900,55800,121300,116800,90900,78500,107800,38300,54700,22700,55300,68100,58600,55500,2128074,1175100,0,0,0,0,0,
000030.SZ,000030,20251209,94200000,56800,0,0,1506,0,,,1309500,7412218,57000,56300,56500,56600,56800,56900,57000,57100,57200,57300,57400,57500,57600,57700,43354,30300,57240,28900,69900,109000,63500,242000,50600,86500,56700,56600,56500,56400,56300,56200,56100,56000,55900,55800,121400,116800,90900,78500,107800,38300,54700,22700,55300,68100,58600,55500,2128074,1175200,0,0,0,0,0,
000030.SZ,000030,20251209,94203000,56800,4000,22685,1508,0,,,1313500,7434903,57000,56300,56500,56600,56800,56900,57000,57100,57200,57300,57400,57500,57600,57700,43554,30300,57240,28900,69900,109000,63500,242000,50600,86500,56700,56600,56500,56400,56300,56200,56100,56000,55900,55800,118700,116800,90900,78500,107800,42500,54700,22700,55300,68100,58600,55500,2130274,1176700,0,0,0,0,0,
000030.SZ,000030,20251209,94206000,56800,0,0,1508,0,,,1313500,7434903,57000,56300,56500,56600,56800,56900,57000,57100,57200,57300,57400,57500,57600,57700,43654,30300,57240,28900,69900,109000,63500,242000,50600,86500,56700,56600,56500,56400,56300,56200,56100,56000,55900,55800,119400,116800,90900,78500,107800,42500,54700,22700,55300,68100,58600,55500,2131874,1177400,0,0,0,0,0,
000030.SZ,000030,20251209,94209000,56800,1100,6248,1511,0,,,1314600,7441151,57000,56300,56500,56600,56800,56900,57000,57100,57200,57300,57400,57500,57600,57700,42554,30300,57240,28900,69900,109000,63500,242000,50600,86100,56700,56600,56500,56400,56300,56200,56100,56000,55900,55800,119000,116800,90900,78500,107800,42500,54700,22700,55300,68100,58600,55500,2130374,1177000,0,0,0,0,0,
000030.SZ,000030,20251209,94212000,56800,0,0,1511,0,,,1314600,7441151,57000,56300,56500,56600,56800,56900,57000,57100,57200,57300,57400,57500,57600,57700,42554,30300,57240,28900,69900,109000,63500,242000,50600,86100,56700,56600,56500,56400,56300,56200,56100,56000,55900,55800,120100,116800,90900,78500,107800,42500,54700,22700,55300,68100,58600,55500,2130374,1178100,0,0,0,0,0,
000030.SZ,000030,20251209,94215000,56800,200,1136,1513,0,,,1314800,7442287,57000,56300,56500,56600,56800,56900,57000,57100,57200,57300,57400,57500,57600,57700,43154,27000,57240,28900,69900,109000,63500,242000,50600,86100,56700,56600,56500,56400,56300,56200,56100,56000,55900,55800,124800,116700,90900,78500,107800,42500,54700,22700,55300,68100,58700,55500,2127674,1182700,0,0,0,0,0,
000030.SZ,000030,20251209,94218000,56800,1400,7952,1527,0,,,1316200,7450239,57000,56300,56500,56600,56800,56900,57000,57100,57200,57300,57400,57500,57600,57700,40054,27000,57240,28900,69900,109000,63500,242000,50600,86100,56700,56600,56500,56400,56300,56200,56100,56000,55900,55800,125500,116700,90900,78500,107800,42500,54700,22700,55300,68100,58700,55500,2124574,1183400,0,0,0,0,0,
000030.SZ,000030,20251209,94221000,56800,1900,10792,1531,0,,,1318100,7461031,57000,56300,56500,56600,56800,56900,57000,57100,57200,57300,57400,57500,57600,57700,38154,27000,57240,28900,69900,109000,63500,242000,50600,86100,56700,56600,56500,56400,56300,56200,56100,56000,55900,55800,125500,116700,90900,78500,107800,42500,54700,22700,55300,68100,58700,55500,2124674,1183400,0,0,0,0,0,
000030.SZ,000030,20251209,94224000,56800,0,0,1531,0,,,1318100,7461031,57000,56300,56500,56600,56800,56900,57000,57100,57200,57300,57400,57500,57600,57700,38154,27000,57240,28900,69900,109000,63500,242000,50600,86100,56700,56600,56500,56400,56300,56200,56100,56000,55900,55800,125800,116700,90900,78500,107800,42500,54700,22700,55300,68100,58700,55500,2124674,1183700,0,0,0,0,0,
000030.SZ,000030,20251209,94227000,56800,0,0,1531,0,,,1318100,7461031,57000,56300,56500,56600,56800,56900,57000,57100,57200,57300,57400,57500,57600,57700,38154,27000,57240,28900,69900,109000,63500,262000,50600,86100,56700,56600,56500,56400,56300,56200,56100,56000,55900,55800,127500,116700,90900,78500,107800,42500,54700,22700,55300,68100,58600,55500,2144674,1185400,0,0,0,0,0,
000030.SZ,000030,20251209,94230000,56800,200,1136,1532,0,,,1318300,7462167,57000,56300,56500,56600,56800,56900,57000,57100,57200,57300,57400,57500,57600,57700,37954,27000,57240,28900,69900,109000,63500,262000,50600,86100,56700,56600,56500,56400,56300,56200,56100,56000,55900,55800,128500,116700,90900,78500,107800,42500,54700,22700,55300,68100,58600,55500,2144474,1186400,0,0,0,0,0,
000030.SZ,000030,20251209,94233000,56800,0,0,1532,0,,,1318300,7462167,57000,56300,56500,56600,56800,56900,57000,57100,57200,57300,57400,57500,57600,57700,40354,27000,57240,28900,69900,109000,63500,262000,50600,86100,56700,56600,56500,56400,56300,56200,56100,56000,55900,55800,128500,116700,90900,78500,107800,42500,54700,22700,55300,68100,58600,55500,2146874,1186400,0,0,0,0,0,
000030.SZ,000030,20251209,94236000,56800,1800,10224,1533,0,,,1320100,7472391,57000,56300,56500,56600,56800,56900,57000,57100,57200,57300,57400,57500,57600,57700,38554,27200,57240,28900,69900,109000,63500,262000,50600,86100,56700,56600,56500,56400,56300,56200,56100,56000,55900,55800,128500,116700,90900,78500,107800,42500,54700,22700,55300,68100,58600,55500,2145274,1186400,0,0,0,0,0,
