万得代码,交易所代码,自然日,时间,委托编号,交易所委托号,委托类型,委托代码,委托价格,委托数量,
000030.SZ,000030,20251209,91500050,0,1261,0,S,62300,1400,
000030.SZ,000030,20251209,91500060,0,2616,0,B,57400,900,
000030.SZ,000030,20251209,91500070,0,8721,0,S,57300,1000,
000030.SZ,000030,20251209,91500070,0,8962,0,S,56500,400,
000030.SZ,000030,20251209,91500090,0,16236,0,B,56600,1000,
000030.SZ,000030,20251209,91500100,0,16994,0,S,58000,400,
000030.SZ,000030,20251209,91500100,0,16995,0,S,58600,400,
000030.SZ,000030,20251209,91500100,0,16996,0,S,59200,300,
000030.SZ,000030,20251209,91500100,0,16997,0,S,59800,300,
000030.SZ,000030,20251209,91500100,0,16998,0,S,60500,200,
000030.SZ,000030,20251209,91500100,0,17025,0,S,61200,200,
000030.SZ,000030,20251209,91500100,0,17026,0,S,61800,300,
000030.SZ,000030,20251209,91500100,0,17027,0,S,62300,300,
000030.SZ,000030,20251209,91500110,0,20617,0,S,59700,100,
000030.SZ,000030,20251209,91500110,0,20733,0,S,59000,300,
000030.SZ,000030,20251209,91500110,0,20837,0,S,58200,100,
000030.SZ,000030,20251209,91500140,0,30820,0,B,55100,100,
000030.SZ,000030,20251209,91500140,0,30868,0,S,62000,100,
000030.SZ,000030,20251209,91500150,0,34003,0,S,60000,200,
000030.SZ,000030,20251209,91500150,0,34022,0,S,58500,300,
000030.SZ,000030,20251209,91500150,0,34023,0,S,61500,300,
000030.SZ,000030,20251209,91500170,0,41316,0,S,58200,1000,
000030.SZ,000030,20251209,91500180,0,43403,0,B,56100,1000,
000030.SZ,000030,20251209,91500200,0,49905,0,S,62000,400,
000030.SZ,000030,20251209,91500230,0,57791,0,S,57800,3000,
000030.SZ,000030,20251209,91500240,0,58309,0,S,62100,100,
000030.SZ,000030,20251209,91500240,0,59112,0,S,62300,1000,
000030.SZ,000030,20251209,91500250,0,61306,0,S,62000,100,
000030.SZ,000030,20251209,91500260,0,62105,0,S,62300,1000,
000030.SZ,000030,20251209,91500260,0,62260,0,S,62200,200,
000030.SZ,000030,20251209,91500270,0,63243,0,S,57800,10000,
000030.SZ,000030,20251209,91500270,0,63244,0,S,57900,10000,
000030.SZ,000030,20251209,91500270,0,63245,0,S,58000,10000,
000030.SZ,000030,20251209,91500270,0,63247,0,S,58200,21200,
000030.SZ,000030,20251209,91500270,0,63248,0,S,59000,20000,
000030.SZ,000030,20251209,91500270,0,63249,0,S,58800,20000,
000030.SZ,000030,20251209,91500270,0,63250,0,S,58600,15000,
000030.SZ,000030,20251209,91500270,0,63251,0,S,58400,10000,
000030.SZ,000030,20251209,91500270,0,63252,0,S,59400,25000,
000030.SZ,000030,20251209,91500280,0,65384,0,B,56000,20000,
000030.SZ,000030,20251209,91500290,0,67406,0,S,58500,5000,
000030.SZ,000030,20251209,91500360,0,78225,0,S,57700,1000,
000030.SZ,000030,20251209,91500370,0,79305,0,S,58500,200,
000030.SZ,000030,20251209,91500370,0,79306,0,S,58300,100,
000030.SZ,000030,20251209,91500370,0,79325,0,S,58800,100,
000030.SZ,000030,20251209,91500370,0,79326,0,S,60500,100,
000030.SZ,000030,20251209,91500370,0,79328,0,S,60600,100,
000030.SZ,000030,20251209,91500400,0,83123,0,S,62300,8000,
000030.SZ,000030,20251209,91500410,0,85226,0,B,54500,200,
000030.SZ,000030,20251209,91500410,0,85229,0,S,61500,200,
000030.SZ,000030,20251209,91500420,0,85300,0,B,55600,1000,
000030.SZ,000030,20251209,91500430,0,87531,0,B,53600,182900,
000030.SZ,000030,20251209,91500440,0,88102,0,S,62300,200,
000030.SZ,000030,20251209,91500490,0,93581,0,B,55500,700,
000030.SZ,000030,20251209,91500530,0,98041,0,S,62100,2600,
000030.SZ,000030,20251209,91500530,0,98048,0,S,62100,2700,
000030.SZ,000030,20251209,91500550,0,100243,0,S,62100,100,
000030.SZ,000030,20251209,91500580,0,104163,0,S,57000,100,
000030.SZ,000030,20251209,91500590,0,104520,0,S,58700,2000,
000030.SZ,000030,20251209,91500590,0,104521,0,S,60900,2100,
000030.SZ,000030,20251209,91500590,0,104812,0,S,57300,3000,
000030.SZ,000030,20251209,91500590,0,104814,0,S,58300,4000,
000030.SZ,000030,20251209,91500590,0,104815,0,S,59300,5000,
000030.SZ,000030,20251209,91500590,0,104817,0,S,57400,4000,
000030.SZ,000030,20251209,91500590,0,104818,0,S,58300,5000,
000030.SZ,000030,20251209,91500590,0,104819,0,S,59300,6000,
000030.SZ,000030,20251209,91500590,0,104821,0,S,62300,10000,
000030.SZ,000030,20251209,91500610,0,106433,0,B,56200,3100,
000030.SZ,000030,20251209,91500610,0,106434,0,B,55700,3500,
000030.SZ,000030,20251209,91500610,0,106597,0,S,57700,14800,
000030.SZ,000030,20251209,91500640,0,110032,0,S,57000,140,
000030.SZ,000030,20251209,91500650,0,111507,0,S,57500,34200,
000030.SZ,000030,20251209,91500670,0,113936,0,S,57800,2000,
000030.SZ,000030,20251209,91500690,0,115482,0,S,56500,2400,
000030.SZ,000030,20251209,91500710,0,116921,0,S,57500,300,
000030.SZ,000030,20251209,91500710,0,116984,0,S,62300,3000,
000030.SZ,000030,20251209,91500750,0,120726,0,S,62300,3000,
000030.SZ,000030,20251209,91500800,0,124547,0,S,59900,700,
000030.SZ,000030,20251209,91500800,0,124647,0,S,62300,4500,
000030.SZ,000030,20251209,91500810,0,125037,0,S,58600,1000,
000030.SZ,000030,20251209,91500830,0,126410,0,S,57600,1800,
000030.SZ,000030,20251209,91500830,0,126411,0,S,59700,2000,
000030.SZ,000030,20251209,91500870,0,130200,0,B,55200,4100,
000030.SZ,000030,20251209,91500900,0,131808,0,S,57800,100,
000030.SZ,000030,20251209,91500970,0,136609,0,S,56500,200,
000030.SZ,000030,20251209,91500980,0,137163,0,B,54200,5100,
000030.SZ,000030,20251209,91501090,0,144538,0,S,58000,100,
000030.SZ,000030,20251209,91501090,0,144539,0,S,60000,100,
000030.SZ,000030,20251209,91501090,0,145005,0,B,54700,4500,
000030.SZ,000030,20251209,91501120,0,146638,0,S,62300,1000,
000030.SZ,000030,20251209,91501160,0,149075,0,B,54000,100,
000030.SZ,000030,20251209,91501170,0,150268,0,S,59000,1000,
000030.SZ,000030,20251209,91501190,0,151904,0,S,59900,1000,
000030.SZ,000030,20251209,91501210,0,153310,0,S,62300,8900,
000030.SZ,000030,20251209,91501230,0,154629,0,S,57700,3500,
000030.SZ,000030,20251209,91501230,0,154694,0,S,62300,3300,
000030.SZ,000030,20251209,91501240,0,154895,0,S,57000,1800,
000030.SZ,000030,20251209,91501280,0,156744,0,S,62300,2300,
000030.SZ,000030,20251209,91501300,0,157381,0,S,61200,51000,
000030.SZ,000030,20251209,91501310,0,158043,0,B,52300,8900,
000030.SZ,000030,20251209,91501380,0,161684,0,S,62300,2000,
000030.SZ,000030,20251209,91501400,0,163431,0,S,57900,4000,
000030.SZ,000030,20251209,91501400,0,163433,0,S,59900,4000,
000030.SZ,000030,20251209,91501420,0,164458,0,S,59500,300,
000030.SZ,000030,20251209,91501440,0,166364,0,S,62300,2000,
000030.SZ,000030,20251209,91501460,0,167355,0,S,58300,1000,
000030.SZ,000030,20251209,91501490,0,169183,0,S,58000,400,
000030.SZ,000030,20251209,91501490,0,169186,0,S,58600,200,
000030.SZ,000030,20251209,91501490,0,169191,0,S,59200,200,
000030.SZ,000030,20251209,91501490,0,169227,0,S,59900,200,
000030.SZ,000030,20251209,91501490,0,169239,0,S,60800,400,
000030.SZ,000030,20251209,91501490,0,169243,0,S,61500,300,
000030.SZ,000030,20251209,91501490,0,169282,0,S,62300,300,
000030.SZ,000030,20251209,91501500,0,169938,0,S,58800,51000,
000030.SZ,000030,20251209,91501500,0,169939,0,S,58500,50000,
000030.SZ,000030,20251209,91501500,0,169940,0,S,59000,50000,
000030.SZ,000030,20251209,91501530,0,172650,0,S,60200,2000,
000030.SZ,000030,20251209,91501570,0,175738,0,S,60700,200,
000030.SZ,000030,20251209,91501580,0,176392,0,S,57500,2000,
000030.SZ,000030,20251209,91501640,0,180464,0,S,57700,50000,
000030.SZ,000030,20251209,91501640,0,180465,0,S,58100,50000,
000030.SZ,000030,20251209,91501660,0,181734,0,S,59300,700,
000030.SZ,000030,20251209,91501700,0,183837,0,B,54100,1000,
000030.SZ,000030,20251209,91501800,0,188037,0,S,58900,4000,
000030.SZ,000030,20251209,91501900,0,192606,0,S,60800,500,
000030.SZ,000030,20251209,91501940,0,193848,0,S,59700,1000,
000030.SZ,000030,20251209,91502000,0,197068,0,S,62200,1000,
000030.SZ,000030,20251209,91502010,0,197664,0,S,60200,600,
000030.SZ,000030,20251209,91502090,0,201393,0,B,55100,100,
000030.SZ,000030,20251209,91502100,0,201645,0,S,58000,900,
000030.SZ,000030,20251209,91502100,0,201661,0,S,62200,2000,
000030.SZ,000030,20251209,91502110,0,202232,0,S,58400,200,
000030.SZ,000030,20251209,91502110,0,202241,0,B,55100,200,
000030.SZ,000030,20251209,91502140,0,203006,0,S,62300,1000,
000030.SZ,000030,20251209,91502140,0,203008,0,S,59800,1000,
000030.SZ,000030,20251209,91502160,0,203949,0,S,57900,101200,
000030.SZ,000030,20251209,91502190,0,205705,0,S,58000,1500,
000030.SZ,000030,20251209,91502200,0,206271,0,S,62300,800,
000030.SZ,000030,20251209,91502210,0,207000,0,S,56600,100,
000030.SZ,000030,20251209,91502270,0,209095,0,B,58200,10700,
000030.SZ,000030,20251209,91502290,0,209508,0,S,57600,2400,
000030.SZ,000030,20251209,91502330,0,211299,0,S,60700,900,
000030.SZ,000030,20251209,91502550,0,220431,0,S,58100,1500,
000030.SZ,000030,20251209,91502590,0,222326,0,S,62300,200,
000030.SZ,000030,20251209,91502650,0,224661,0,S,57700,200,
000030.SZ,000030,20251209,91502690,0,226101,0,S,62300,5000,
000030.SZ,000030,20251209,91502690,0,226103,0,S,59400,2000,
000030.SZ,000030,20251209,91502690,0,226108,0,S,60100,1000,
000030.SZ,000030,20251209,91502690,0,226111,0,S,60900,2000,
000030.SZ,000030,20251209,91502730,0,227608,0,S,62300,500,
000030.SZ,000030,20251209,91502760,0,228297,0,S,58700,500,
000030.SZ,000030,20251209,91503090,0,236784,0,S,59500,1000,
000030.SZ,000030,20251209,91503090,0,236821,0,S,59800,5000,
000030.SZ,000030,20251209,91503110,0,237507,0,S,62300,6300,
000030.SZ,000030,20251209,91503120,0,237756,0,S,57600,2000,
000030.SZ,000030,20251209,91503130,0,237976,0,S,59800,500,
000030.SZ,000030,20251209,91503150,0,238516,0,S,62200,1000,
000030.SZ,000030,20251209,91503270,0,241684,0,S,57900,2000,
000030.SZ,000030,20251209,91503270,0,241685,0,S,59900,2000,
000030.SZ,000030,20251209,91503290,0,241890,0,S,57000,11300,
000030.SZ,000030,20251209,91503450,0,245519,0,S,57700,1000,
000030.SZ,000030,20251209,91503530,0,248265,0,S,58000,300,
000030.SZ,000030,20251209,91503770,0,254473,0,B,55600,5000,
000030.SZ,000030,20251209,91503980,0,257667,0,S,59700,300,
000030.SZ,000030,20251209,91503980,0,257724,0,B,56000,400,
000030.SZ,000030,20251209,91504130,0,259486,0,S,57800,5000,
000030.SZ,000030,20251209,91504170,0,260160,0,S,61800,32200,
000030.SZ,000030,20251209,91504180,0,260297,0,S,57600,2000,
000030.SZ,000030,20251209,91504180,0,260298,0,S,57800,2000,
000030.SZ,000030,20251209,91504180,0,260299,0,S,58800,3000,
000030.SZ,000030,20251209,91504180,0,260305,0,S,61000,12600,
000030.SZ,000030,20251209,91504190,0,260396,0,B,56600,1900,
000030.SZ,000030,20251209,91504430,0,263417,0,B,54500,200,
000030.SZ,000030,20251209,91504490,0,264368,0,S,58000,300,
000030.SZ,000030,20251209,91504620,0,266843,0,B,54200,10400,
000030.SZ,000030,20251209,91504680,0,267922,0,B,52600,51000,
000030.SZ,000030,20251209,91504680,0,267923,0,B,55900,50000,
000030.SZ,000030,20251209,91504680,0,267924,0,B,54500,50000,
000030.SZ,000030,20251209,91504910,0,268922,0,S,56800,200,
000030.SZ,000030,20251209,91504960,0,269616,0,S,57100,4000,
000030.SZ,000030,20251209,91505300,0,271853,0,S,60400,900,
000030.SZ,000030,20251209,91505540,0,273837,0,S,57700,1000,
000030.SZ,000030,20251209,91505540,0,273839,0,S,59600,1000,
000030.SZ,000030,20251209,91506270,0,278773,0,S,58600,2000,
000030.SZ,000030,20251209,91509420,0,289082,0,S,61900,100,
000030.SZ,000030,20251209,91509950,0,290341,0,S,53800,100,
000030.SZ,000030,20251209,91510250,0,290812,0,S,50900,200,
000030.SZ,000030,20251209,91510450,0,290930,0,S,62200,4200,
000030.SZ,000030,20251209,91510930,0,291880,0,S,57000,300,
000030.SZ,000030,20251209,91515470,0,295052,0,S,60200,500,
000030.SZ,000030,20251209,91515470,0,295053,0,B,53200,500,
000030.SZ,000030,20251209,91519270,0,295778,0,B,52500,100,
000030.SZ,000030,20251209,91531600,0,298264,0,B,57600,7800,
000030.SZ,000030,20251209,91557730,0,304706,0,S,62300,10000,
000030.SZ,000030,20251209,91603270,0,306318,0,S,56700,1000,
000030.SZ,000030,20251209,91606400,0,307160,0,B,55800,100,
000030.SZ,000030,20251209,91615700,0,309588,0,S,62300,1000,
000030.SZ,000030,20251209,91640850,0,316327,0,S,62300,5000,
000030.SZ,000030,20251209,91658840,0,321359,0,S,59800,30000,
000030.SZ,000030,20251209,91701790,0,322265,0,S,58500,1000,
000030.SZ,000030,20251209,91707360,0,323846,0,B,60000,2500,
000030.SZ,000030,20251209,91714170,0,325778,0,S,59400,2000,
000030.SZ,000030,20251209,91715840,0,326291,0,S,62300,1000,
000030.SZ,000030,20251209,91720180,0,327585,0,S,57800,150000,
000030.SZ,000030,20251209,91722640,0,328321,0,S,60200,50000,
000030.SZ,000030,20251209,91723130,0,328475,0,S,58200,500,
000030.SZ,000030,20251209,91737380,0,332937,0,S,59500,5000,
000030.SZ,000030,20251209,91739850,0,333687,0,S,60900,2000,
000030.SZ,000030,20251209,91743540,0,334823,0,S,57500,50000,
000030.SZ,000030,20251209,91806660,0,342497,0,S,59000,2000,
000030.SZ,000030,20251209,91829310,0,350675,0,B,57500,10800,
000030.SZ,000030,20251209,91834530,0,352513,0,S,57600,3000,
000030.SZ,000030,20251209,91835870,0,353013,0,S,57500,1700,
000030.SZ,000030,20251209,91844000,0,355933,0,S,57500,10000,
000030.SZ,000030,20251209,91846100,0,356706,0,S,58000,3000,
000030.SZ,000030,20251209,91853740,0,359404,0,S,57500,1000,
000030.SZ,000030,20251209,91857060,0,360704,0,S,62300,21000,
000030.SZ,000030,20251209,91907740,0,364753,0,B,62300,100,
000030.SZ,000030,20251209,91908650,0,365164,0,S,62300,3000,
000030.SZ,000030,20251209,91918090,0,368771,0,S,59000,3000,
000030.SZ,000030,20251209,91926480,0,372180,0,S,57500,100,
000030.SZ,000030,20251209,91931800,0,374302,0,S,57900,200,
000030.SZ,000030,20251209,91931960,0,374366,0,S,57600,3000,
000030.SZ,000030,20251209,91938180,0,376786,0,S,62200,3500,
000030.SZ,000030,20251209,91939960,0,377501,0,S,58900,600,
000030.SZ,000030,20251209,91941120,0,377959,0,S,62100,1600,
000030.SZ,000030,20251209,91941800,0,378267,0,S,57700,3000,
000030.SZ,000030,20251209,91948300,0,381002,0,S,58900,30600,
000030.SZ,000030,20251209,91948470,0,381088,0,S,51000,7600,
000030.SZ,000030,20251209,92000940,0,386693,0,S,56200,300,
000030.SZ,000030,20251209,92005720,0,388815,0,S,57000,11300,
000030.SZ,000030,20251209,92008310,0,389816,0,S,57900,7000,
000030.SZ,000030,20251209,92016010,0,392666,0,S,57400,2000,
000030.SZ,000030,20251209,92019470,0,393931,0,B,56000,200,
000030.SZ,000030,20251209,92029790,0,397761,0,S,57600,2000,
000030.SZ,000030,20251209,92029800,0,397762,0,S,58400,3000,
000030.SZ,000030,20251209,92035510,0,399784,0,S,58900,200,
000030.SZ,000030,20251209,92044540,0,403144,0,B,55800,400,
000030.SZ,000030,20251209,92056160,0,407559,0,S,57600,11454,
000030.SZ,000030,20251209,92058900,0,408637,0,S,56600,100000,
000030.SZ,000030,20251209,92100480,0,409279,0,B,55000,12200,
000030.SZ,000030,20251209,92101560,0,409705,0,B,56000,2000,
000030.SZ,000030,20251209,92105760,0,411440,0,S,58100,2000,
000030.SZ,000030,20251209,92118140,0,416419,0,B,56200,8000,
000030.SZ,000030,20251209,92132490,0,422411,0,B,56300,4000,
000030.SZ,000030,20251209,92135260,0,423603,0,B,55600,1000,
000030.SZ,000030,20251209,92154980,0,432126,0,B,56300,8000,
000030.SZ,000030,20251209,92158510,0,433759,0,S,58800,16000,
000030.SZ,000030,20251209,92158600,0,433789,0,B,51900,1000,
000030.SZ,000030,20251209,92207170,0,438174,0,S,56200,78400,
000030.SZ,000030,20251209,92216440,0,442628,0,S,60600,4500,
000030.SZ,000030,20251209,92230410,0,449058,0,S,59800,200,
000030.SZ,000030,20251209,92234760,0,451167,0,S,57700,800,
000030.SZ,000030,20251209,92239290,0,453389,0,S,57500,200,
000030.SZ,000030,20251209,92243530,0,455531,0,S,57600,800,
000030.SZ,000030,20251209,92257670,0,462694,0,B,55400,1800,
000030.SZ,000030,20251209,92258820,0,463226,0,S,57900,500,
000030.SZ,000030,20251209,92302730,0,465308,0,B,56300,2000,
000030.SZ,000030,20251209,92311010,0,469685,0,S,55800,400,
000030.SZ,000030,20251209,92313630,0,471048,0,B,56200,1100,
000030.SZ,000030,20251209,92314090,0,471299,0,B,56100,2000,
000030.SZ,000030,20251209,92319080,0,474091,0,S,56200,100,
000030.SZ,000030,20251209,92319520,0,474360,0,B,56200,5000,
000030.SZ,000030,20251209,92321350,0,475423,0,B,55800,9400,
000030.SZ,000030,20251209,92325530,0,477626,0,B,55800,10000,
000030.SZ,000030,20251209,92333270,0,482129,0,B,55700,10000,
000030.SZ,000030,20251209,92333530,0,482286,0,S,57200,500,
000030.SZ,000030,20251209,92340490,0,486277,0,B,55000,2000,
000030.SZ,000030,20251209,92349610,0,491863,0,S,57600,1000,
000030.SZ,000030,20251209,92400120,0,498267,0,B,59400,200,
000030.SZ,000030,20251209,92406190,0,502264,0,B,55700,4000,
000030.SZ,000030,20251209,92425200,0,517263,0,S,57500,5000,
000030.SZ,000030,20251209,92427470,0,519199,0,B,56100,1700,
000030.SZ,000030,20251209,92436670,0,527503,0,B,56300,7100,
000030.SZ,000030,20251209,92443170,0,534254,0,S,60000,100,
000030.SZ,000030,20251209,92448710,0,540117,0,B,57100,100,
000030.SZ,000030,20251209,92448790,0,540271,0,B,55500,1000,
000030.SZ,000030,20251209,92449100,0,540683,0,B,56200,20000,
000030.SZ,000030,20251209,92449900,0,541901,0,B,57200,5900,
000030.SZ,000030,20251209,92450590,0,543346,0,B,56500,3000,
000030.SZ,000030,20251209,92450770,0,543610,0,B,56500,8700,
000030.SZ,000030,20251209,92450880,0,543795,0,B,56500,1000,
000030.SZ,000030,20251209,92451040,0,544144,0,B,56500,4900,
000030.SZ,000030,20251209,92451240,0,544449,0,S,55400,600,
000030.SZ,000030,20251209,92452570,0,546300,0,B,56500,8800,
000030.SZ,000030,20251209,92453330,0,547435,0,B,58100,600,
000030.SZ,000030,20251209,92454380,0,549084,0,B,56800,200,
000030.SZ,000030,20251209,92454500,0,549286,0,S,55600,100,
000030.SZ,000030,20251209,92454980,0,550094,0,B,59400,26900,
000030.SZ,000030,20251209,92455030,0,550248,0,B,56800,1000,
000030.SZ,000030,20251209,92455030,0,550264,0,S,56200,200,
000030.SZ,000030,20251209,92455270,0,550735,0,B,56800,2300,
000030.SZ,000030,20251209,92456130,0,552590,0,B,56000,8800,
000030.SZ,000030,20251209,92456280,0,553024,0,S,55600,300,
000030.SZ,000030,20251209,92457150,0,555591,0,B,56300,100,
000030.SZ,000030,20251209,92457180,0,555671,0,S,56300,200,
000030.SZ,000030,20251209,92457180,0,555702,0,B,56300,200,
000030.SZ,000030,20251209,92457200,0,555740,0,B,56300,100,
000030.SZ,000030,20251209,92458850,0,561235,0,S,54600,5900,
000030.SZ,000030,20251209,92459160,0,562356,0,B,58600,700,
000030.SZ,000030,20251209,92459290,0,563003,0,B,56800,2400,
000030.SZ,000030,20251209,92459310,0,563068,0,B,56800,3100,
000030.SZ,000030,20251209,92459350,0,563236,0,B,56800,2300,
000030.SZ,000030,20251209,92459360,0,563282,0,B,56800,1200,
000030.SZ,000030,20251209,92459400,0,563504,0,B,56800,2400,
000030.SZ,000030,20251209,92459490,0,563881,0,B,56500,11900,
000030.SZ,000030,20251209,92459590,0,564587,0,B,56500,2100,
000030.SZ,000030,20251209,92459710,0,565296,0,B,56400,53200,
000030.SZ,000030,20251209,92459800,0,565583,0,B,59200,700,
000030.SZ,000030,20251209,92459820,0,565693,0,B,59100,16900,
000030.SZ,000030,20251209,92459930,0,566489,0,B,58000,900,
000030.SZ,000030,20251209,93000040,0,674957,0,B,57400,100,
000030.SZ,000030,20251209,93000040,0,674965,0,S,58400,1000,
000030.SZ,000030,20251209,93000040,0,677075,0,B,56500,3200,
000030.SZ,000030,20251209,93000050,0,678497,0,S,57100,10000,
000030.SZ,000030,20251209,93000050,0,680231,0,S,56500,200,
000030.SZ,000030,20251209,93000050,0,680538,0,B,56500,700,
000030.SZ,000030,20251209,93000050,0,680811,0,S,56500,3900,
000030.SZ,000030,20251209,93000060,0,689367,0,S,58200,1500,
000030.SZ,000030,20251209,93000070,0,698108,0,S,56500,100,
000030.SZ,000030,20251209,93000090,0,707302,0,S,57500,2000,
000030.SZ,000030,20251209,93000110,0,717816,0,B,55900,4000,
000030.SZ,000030,20251209,93000110,0,719657,0,B,55800,40000,
000030.SZ,000030,20251209,93000180,0,758544,0,S,56500,2700,
000030.SZ,000030,20251209,93000190,0,760463,0,B,55700,20000,
000030.SZ,000030,20251209,93000220,0,771369,0,S,57200,5000,
000030.SZ,000030,20251209,93000220,0,771716,0,S,57300,5000,
000030.SZ,000030,20251209,93000220,0,772192,0,S,57400,5000,
000030.SZ,000030,20251209,93000220,0,772295,0,S,56500,1700,
000030.SZ,000030,20251209,93000220,0,772328,0,S,57500,5000,
000030.SZ,000030,20251209,93000240,0,781566,0,B,55800,2000,
000030.SZ,000030,20251209,93000270,0,789168,0,B,56200,1700,
000030.SZ,000030,20251209,93000270,0,789229,0,B,56500,400,
000030.SZ,000030,20251209,93000310,0,803514,0,S,57100,10000,
000030.SZ,000030,20251209,93000310,0,803665,0,S,57200,10000,
000030.SZ,000030,20251209,93000320,0,807461,0,B,56500,300,
000030.SZ,000030,20251209,93000330,0,807855,0,B,56100,17700,
000030.SZ,000030,20251209,93000350,0,813616,0,S,57400,4000,
000030.SZ,000030,20251209,93000390,0,821913,0,S,62300,8800,
000030.SZ,000030,20251209,93000390,0,822276,0,B,56500,32400,
000030.SZ,000030,20251209,93000410,0,824592,0,S,58400,10000,
000030.SZ,000030,20251209,93000430,0,828271,0,S,62300,5000,
000030.SZ,000030,20251209,93000460,0,834692,0,B,56500,800,
000030.SZ,000030,20251209,93000470,0,836956,0,S,56500,1600,
000030.SZ,000030,20251209,93000470,0,837074,0,B,56600,100,
000030.SZ,000030,20251209,93000480,0,838509,0,B,56500,300,
000030.SZ,000030,20251209,93000500,0,841988,0,S,57200,5000,
000030.SZ,000030,20251209,93000530,0,848225,0,B,56500,100,
000030.SZ,000030,20251209,93000540,0,849744,0,B,56600,100,
000030.SZ,000030,20251209,93000540,0,849746,0,B,56600,100,
000030.SZ,000030,20251209,93000540,0,849748,0,B,56600,100,
000030.SZ,000030,20251209,93000550,0,851820,0,S,57300,5000,
000030.SZ,000030,20251209,93000570,0,854425,0,S,56500,300,
000030.SZ,000030,20251209,93000580,0,855876,0,B,55300,10000,
000030.SZ,000030,20251209,93000590,0,858862,0,S,57400,5000,
000030.SZ,000030,20251209,93000650,0,867526,0,S,58200,5000,
000030.SZ,000030,20251209,93000660,0,869719,0,S,62200,5000,
000030.SZ,000030,20251209,93000670,0,871602,0,S,62300,200,
000030.SZ,000030,20251209,93000690,0,875545,0,B,55800,200,
000030.SZ,000030,20251209,93000730,0,880858,0,S,56600,100,
000030.SZ,000030,20251209,93000730,0,881661,0,B,56500,100,
000030.SZ,000030,20251209,93000740,0,883155,0,B,56400,500,
000030.SZ,000030,20251209,93000770,0,887504,0,S,58300,5000,
000030.SZ,000030,20251209,93000770,0,887565,0,S,58400,5000,
000030.SZ,000030,20251209,93000770,0,887619,0,S,58500,5000,
000030.SZ,000030,20251209,93000790,0,891326,0,S,56600,1200,
000030.SZ,000030,20251209,93000790,0,891619,0,S,56600,500,
000030.SZ,000030,20251209,93000790,0,891922,0,S,56600,1200,
000030.SZ,000030,20251209,93000790,0,892095,0,S,56600,600,
000030.SZ,000030,20251209,93000790,0,892635,0,S,56600,1000,
000030.SZ,000030,20251209,93000800,0,894546,0,B,56600,3100,
000030.SZ,000030,20251209,93000820,0,896467,0,B,56600,1000,
000030.SZ,000030,20251209,93000840,0,899691,0,S,56500,100,
000030.SZ,000030,20251209,93000840,0,900036,0,S,56500,100,
000030.SZ,000030,20251209,93000850,0,901499,0,S,56500,100,
000030.SZ,000030,20251209,93000860,0,903035,0,B,56400,100,
000030.SZ,000030,20251209,93000880,0,906403,0,S,58300,5000,
000030.SZ,000030,20251209,93000920,0,911707,0,S,56600,1200,
000030.SZ,000030,20251209,93000920,0,912253,0,S,59900,5000,
000030.SZ,000030,20251209,93000930,0,913882,0,S,61500,900,
000030.SZ,000030,20251209,93000930,0,914257,1,B,0,200,
000030.SZ,000030,20251209,93000940,0,914871,0,S,58400,5000,
000030.SZ,000030,20251209,93000940,0,914908,0,S,61800,1000,
000030.SZ,000030,20251209,93000950,0,916919,0,S,56500,2100,
000030.SZ,000030,20251209,93000950,0,916927,0,S,56500,100,
000030.SZ,000030,20251209,93000950,0,916946,0,S,56500,100,
000030.SZ,000030,20251209,93000950,0,916949,0,S,56500,100,
000030.SZ,000030,20251209,93000950,0,916958,0,S,56500,300,
000030.SZ,000030,20251209,93000950,0,916977,0,S,56500,1700,
000030.SZ,000030,20251209,93000950,0,916982,0,S,56500,100,
000030.SZ,000030,20251209,93000950,0,916985,0,S,56500,100,
000030.SZ,000030,20251209,93000970,0,919348,0,S,56600,100,
000030.SZ,000030,20251209,93000970,0,919554,0,S,56500,17400,
000030.SZ,000030,20251209,93000980,0,921372,0,S,56500,100,
000030.SZ,000030,20251209,93000980,0,922047,0,S,56600,1500,
000030.SZ,000030,20251209,93000980,0,922153,0,S,56600,1200,
000030.SZ,000030,20251209,93000990,0,924007,0,B,56100,2000,
000030.SZ,000030,20251209,93001030,0,930361,0,B,56600,600,
000030.SZ,000030,20251209,93001030,0,931653,0,B,55000,1000,
000030.SZ,000030,20251209,93001030,0,931741,0,S,58000,3500,
000030.SZ,000030,20251209,93001060,0,935522,0,S,62300,1000,
000030.SZ,000030,20251209,93001070,0,936899,0,B,56100,2000,
000030.SZ,000030,20251209,93001150,0,946467,0,B,56600,800,
000030.SZ,000030,20251209,93001150,0,946688,0,B,56800,300,
000030.SZ,000030,20251209,93001170,0,948771,0,S,57400,5000,
000030.SZ,000030,20251209,93001290,0,960242,0,B,56500,1800,
000030.SZ,000030,20251209,93001290,0,960973,0,S,56500,2900,
000030.SZ,000030,20251209,93001290,0,961089,1,B,0,400,
000030.SZ,000030,20251209,93001300,0,961398,0,S,56500,100,
000030.SZ,000030,20251209,93001310,0,962812,0,S,56500,100,
000030.SZ,000030,20251209,93001350,0,965109,0,S,56600,100,
000030.SZ,000030,20251209,93001370,0,966618,0,B,56500,900,
000030.SZ,000030,20251209,93001380,0,967811,0,S,56500,400,
000030.SZ,000030,20251209,93001400,0,969430,0,S,56500,2000,
000030.SZ,000030,20251209,93001400,0,969747,0,S,56500,900,
000030.SZ,000030,20251209,93001400,0,969886,0,S,56500,900,
000030.SZ,000030,20251209,93001450,0,973825,0,B,56100,1000,
000030.SZ,000030,20251209,93001470,0,975543,0,S,58000,2000,
000030.SZ,000030,20251209,93001530,0,980075,0,B,55800,4500,
000030.SZ,000030,20251209,93001540,0,981180,0,S,57600,2000,
000030.SZ,000030,20251209,93001580,0,984927,0,S,56500,1000,
000030.SZ,000030,20251209,93001580,0,985027,0,B,56500,1200,
000030.SZ,000030,20251209,93001590,0,985520,1,B,62300,200,
000030.SZ,000030,20251209,93001900,0,1012009,0,S,56500,100,
000030.SZ,000030,20251209,93001900,0,1012052,0,S,56500,100,
000030.SZ,000030,20251209,93001900,0,1012633,0,B,55900,800,
000030.SZ,000030,20251209,93001910,0,1013632,0,S,57700,400,
000030.SZ,000030,20251209,93001910,0,1013799,0,S,56500,600,
000030.SZ,000030,20251209,93001920,0,1014160,0,S,56500,100,
000030.SZ,000030,20251209,93002010,0,1024836,0,B,56500,100,
000030.SZ,000030,20251209,93002020,0,1025964,0,S,56600,700,
000030.SZ,000030,20251209,93002050,0,1030371,0,B,56500,100,
000030.SZ,000030,20251209,93002060,0,1030832,0,S,56500,1900,
000030.SZ,000030,20251209,93002090,0,1034444,0,S,57400,10000,
000030.SZ,000030,20251209,93002100,0,1034931,0,S,56500,600,
000030.SZ,000030,20251209,93002180,0,1041309,0,S,57600,3000,
000030.SZ,000030,20251209,93002210,0,1043920,0,S,56500,1700,
000030.SZ,000030,20251209,93002210,0,1044181,0,S,57500,500,
000030.SZ,000030,20251209,93002300,0,1049886,0,B,55500,2000,
000030.SZ,000030,20251209,93002340,0,1051608,0,B,56200,5000,
000030.SZ,000030,20251209,93002440,0,1057823,0,B,55800,1000,
000030.SZ,000030,20251209,93002440,0,1057975,0,S,57200,2000,
000030.SZ,000030,20251209,93002540,0,1063401,0,S,56600,100,
000030.SZ,000030,20251209,93002570,0,1065355,0,S,56400,1500,
000030.SZ,000030,20251209,93002580,0,1066725,0,S,56500,400,
000030.SZ,000030,20251209,93002650,0,1071093,0,B,55800,100,
000030.SZ,000030,20251209,93002690,0,1074152,0,S,56600,300,
000030.SZ,000030,20251209,93002940,0,1089311,0,B,56500,1400,
000030.SZ,000030,20251209,93002990,0,1092616,0,B,56200,1000,
000030.SZ,000030,20251209,93003000,0,1093041,0,S,58000,2000,
000030.SZ,000030,20251209,93003010,0,1094475,0,B,56500,100,
000030.SZ,000030,20251209,93003040,0,1097746,0,B,56500,300,
000030.SZ,000030,20251209,93003050,0,1098027,0,S,57500,200,
000030.SZ,000030,20251209,93003150,0,1104440,0,B,56300,2000,
000030.SZ,000030,20251209,93003150,0,1104724,0,S,56500,200,
000030.SZ,000030,20251209,93003150,0,1104750,0,S,56500,1800,
000030.SZ,000030,20251209,93003150,0,1104770,0,S,56500,300,
000030.SZ,000030,20251209,93003150,0,1104808,0,S,56500,200,
000030.SZ,000030,20251209,93003150,0,1104811,0,S,56500,400,
000030.SZ,000030,20251209,93003150,0,1104877,0,S,56500,100,
000030.SZ,000030,20251209,93003150,0,1104928,0,S,56500,400,
000030.SZ,000030,20251209,93003150,0,1105054,0,S,56500,400,
000030.SZ,000030,20251209,93003170,0,1106744,0,S,56500,100,
000030.SZ,000030,20251209,93003180,0,1107528,0,S,56500,900,
000030.SZ,000030,20251209,93003220,0,1110146,0,S,56600,100,
000030.SZ,000030,20251209,93003260,0,1112089,0,S,60000,1000,
000030.SZ,000030,20251209,93003370,0,1117490,0,B,56200,1000,
000030.SZ,000030,20251209,93003380,0,1118340,0,B,56500,500,
000030.SZ,000030,20251209,93003440,0,1121132,0,B,56500,100,
000030.SZ,000030,20251209,93003540,0,1125559,0,S,56600,2700,
000030.SZ,000030,20251209,93003560,0,1126284,0,B,56500,100,
000030.SZ,000030,20251209,93003560,0,1126399,0,S,56600,1400,
000030.SZ,000030,20251209,93003620,0,1130864,0,S,56600,1200,
000030.SZ,000030,20251209,93003620,0,1130872,0,S,56600,3300,
000030.SZ,000030,20251209,93003780,0,1139727,0,S,56600,2100,
000030.SZ,000030,20251209,93003780,0,1140237,0,B,56400,100,
000030.SZ,000030,20251209,93003780,0,1140238,0,S,56800,100,
000030.SZ,000030,20251209,93003790,0,1140672,0,B,56500,100,
000030.SZ,000030,20251209,93003810,0,1141419,0,S,56600,700,
000030.SZ,000030,20251209,93003830,0,1142169,0,S,56600,1100,
000030.SZ,000030,20251209,93003870,0,1144072,0,S,58000,2000,
000030.SZ,000030,20251209,93003890,0,1145151,0,S,56500,100,
000030.SZ,000030,20251209,93004130,0,1157971,0,S,58000,3000,
000030.SZ,000030,20251209,93004140,0,1158386,0,B,56500,600,
000030.SZ,000030,20251209,93004140,0,1158389,0,B,56500,1700,
000030.SZ,000030,20251209,93004140,0,1158416,0,B,56500,2500,
000030.SZ,000030,20251209,93004160,0,1158936,0,B,56400,100,
000030.SZ,000030,20251209,93004160,0,1158937,0,S,56800,100,
000030.SZ,000030,20251209,93004170,0,1159340,0,B,56500,59700,
000030.SZ,000030,20251209,93004280,0,1164363,0,B,56500,2500,
000030.SZ,000030,20251209,93004500,0,1173437,0,B,56500,4000,
000030.SZ,000030,20251209,93004500,0,1173510,0,B,56500,8200,
000030.SZ,000030,20251209,93004510,0,1173992,0,B,56500,100,
000030.SZ,000030,20251209,93004610,0,1178125,0,B,56500,200,
000030.SZ,000030,20251209,93004650,0,1180094,0,B,56400,100,
000030.SZ,000030,20251209,93004650,0,1180095,0,S,56800,100,
000030.SZ,000030,20251209,93004690,0,1182350,0,S,56600,1100,
000030.SZ,000030,20251209,93004720,0,1183121,0,S,56500,100,
000030.SZ,000030,20251209,93004770,0,1185561,0,S,56500,1100,
000030.SZ,000030,20251209,93004810,0,1186731,0,S,56500,200,
000030.SZ,000030,20251209,93004810,0,1186733,0,S,56500,500,
000030.SZ,000030,20251209,93004870,0,1188921,0,S,56500,1500,
000030.SZ,000030,20251209,93004870,0,1189013,0,S,56500,1500,
000030.SZ,000030,20251209,93004880,0,1189420,0,S,56500,1500,
000030.SZ,000030,20251209,93004880,0,1189488,0,S,62200,500,
000030.SZ,000030,20251209,93004930,0,1191145,0,S,56500,300,
000030.SZ,000030,20251209,93005060,0,1198975,0,S,56500,900,
000030.SZ,000030,20251209,93005070,0,1199252,0,B,56500,100,
000030.SZ,000030,20251209,93005130,0,1201524,0,S,56600,100,
000030.SZ,000030,20251209,93005290,0,1205332,0,B,56400,100,
000030.SZ,000030,20251209,93005300,0,1205443,0,B,56500,100,
000030.SZ,000030,20251209,93005940,0,1222347,0,S,56600,2000,
000030.SZ,000030,20251209,93005950,0,1222796,0,S,56600,2100,
000030.SZ,000030,20251209,93006030,0,1226307,0,B,56000,500,
000030.SZ,000030,20251209,93006250,0,1232055,0,S,56200,100,
000030.SZ,000030,20251209,93006290,0,1232829,0,S,56500,400,
000030.SZ,000030,20251209,93006290,0,1232895,0,S,56500,100,
000030.SZ,000030,20251209,93006300,0,1232959,0,S,56500,1500,
000030.SZ,000030,20251209,93006310,0,1233658,0,S,56500,300,
000030.SZ,000030,20251209,93006310,0,1233660,0,S,56500,900,
000030.SZ,000030,20251209,93006310,0,1233680,0,S,56500,3300,
000030.SZ,000030,20251209,93006310,0,1233699,0,S,56500,2400,
000030.SZ,000030,20251209,93006510,0,1241167,0,S,56600,100,
000030.SZ,000030,20251209,93006530,0,1241671,0,S,56500,1700,
000030.SZ,000030,20251209,93006530,0,1241772,0,S,56500,1200,
000030.SZ,000030,20251209,93006540,0,1241894,0,S,56500,1700,
000030.SZ,000030,20251209,93006770,0,1249658,0,S,56500,400,
000030.SZ,000030,20251209,93006810,0,1250439,0,S,56500,400,
000030.SZ,000030,20251209,93006830,0,1250826,0,B,56500,2400,
000030.SZ,000030,20251209,93006920,0,1253876,0,B,56500,400,
000030.SZ,000030,20251209,93007230,0,1262176,0,B,56400,900,
000030.SZ,000030,20251209,93007260,0,1262908,0,B,56400,800,
000030.SZ,000030,20251209,93007260,0,1262913,0,B,56400,700,
000030.SZ,000030,20251209,93007360,0,1265501,0,S,56600,1500,
000030.SZ,000030,20251209,93007360,0,1265522,0,S,56600,100,
000030.SZ,000030,20251209,93007370,0,1265542,0,S,56600,1000,
000030.SZ,000030,20251209,93007710,0,1275961,0,S,56100,100,
000030.SZ,000030,20251209,93007720,0,1276232,0,S,56600,300,
000030.SZ,000030,20251209,93007860,0,1278999,0,S,57000,15000,
000030.SZ,000030,20251209,93008300,0,1287291,0,S,56500,100,
000030.SZ,000030,20251209,93008300,0,1287293,0,S,56500,200,
000030.SZ,000030,20251209,93008300,0,1287296,0,S,56500,100,
000030.SZ,000030,20251209,93008330,0,1287541,0,S,56500,6300,
000030.SZ,000030,20251209,93008420,0,1289111,0,B,56600,1000,
000030.SZ,000030,20251209,93008610,0,1291550,0,S,56500,600,
000030.SZ,000030,20251209,93009050,0,1299288,0,S,56500,1100,
000030.SZ,000030,20251209,93009150,0,1300703,0,S,56500,200,
000030.SZ,000030,20251209,93009150,0,1300705,0,S,56500,1800,
000030.SZ,000030,20251209,93009150,0,1300708,0,S,56500,200,
000030.SZ,000030,20251209,93009150,0,1300710,0,S,56500,200,
000030.SZ,000030,20251209,93009150,0,1300713,0,S,56500,200,
000030.SZ,000030,20251209,93009150,0,1300715,0,S,56500,200,
000030.SZ,000030,20251209,93009330,0,1304404,0,S,56500,900,
000030.SZ,000030,20251209,93009360,0,1304896,0,B,56400,700,
000030.SZ,000030,20251209,93009410,0,1306513,0,B,56500,100,
000030.SZ,000030,20251209,93009420,0,1306639,0,B,56600,600,
000030.SZ,000030,20251209,93009540,0,1310306,0,B,56900,400,
000030.SZ,000030,20251209,93009590,0,1311321,0,S,56600,100,
000030.SZ,000030,20251209,93009710,0,1314658,0,B,56900,200,
000030.SZ,000030,20251209,93009890,0,1318079,0,S,56500,100,
000030.SZ,000030,20251209,93010310,0,1326348,0,S,56500,900,
000030.SZ,000030,20251209,93010340,0,1326791,0,S,56500,11300,
000030.SZ,000030,20251209,93010340,0,1326824,0,S,56500,1500,
000030.SZ,000030,20251209,93010340,0,1326826,0,S,56500,4400,
000030.SZ,000030,20251209,93010340,0,1326859,0,S,56500,2400,
000030.SZ,000030,20251209,93010340,0,1326886,0,S,56500,100,
000030.SZ,000030,20251209,93010350,0,1326920,0,S,56500,2900,
000030.SZ,000030,20251209,93010390,0,1327658,0,B,56500,100,
000030.SZ,000030,20251209,93010400,0,1327791,0,S,56500,1600,
000030.SZ,000030,20251209,93010650,0,1333606,0,S,56800,100,
000030.SZ,000030,20251209,93010650,0,1333610,0,B,56400,100,
000030.SZ,000030,20251209,93011070,0,1340112,0,S,56500,800,
000030.SZ,000030,20251209,93011180,0,1341492,1,B,62300,200,
000030.SZ,000030,20251209,93011290,0,1342690,1,B,62300,100,
000030.SZ,000030,20251209,93011430,0,1344145,0,B,56500,1900,
000030.SZ,000030,20251209,93011740,0,1347828,0,S,56500,100,
000030.SZ,000030,20251209,93012210,0,1352849,0,S,56600,400,
000030.SZ,000030,20251209,93012210,0,1352850,0,S,56600,1000,
000030.SZ,000030,20251209,93012230,0,1353217,0,S,56500,200,
000030.SZ,000030,20251209,93012230,0,1353219,0,S,56500,500,
000030.SZ,000030,20251209,93012230,0,1353221,0,S,56500,100,
000030.SZ,000030,20251209,93012230,0,1353224,0,S,56500,100,
000030.SZ,000030,20251209,93012230,0,1353226,0,S,56500,100,
000030.SZ,000030,20251209,93012230,0,1353228,0,S,56500,500,
000030.SZ,000030,20251209,93012230,0,1353230,0,S,56500,500,
000030.SZ,000030,20251209,93012230,0,1353232,0,S,56500,400,
000030.SZ,000030,20251209,93012230,0,1353234,0,S,56500,200,
000030.SZ,000030,20251209,93012230,0,1353236,0,S,56500,100,
000030.SZ,000030,20251209,93012230,0,1353238,0,S,56500,1000,
000030.SZ,000030,20251209,93012230,0,1353240,0,S,56500,300,
000030.SZ,000030,20251209,93012230,0,1353242,0,S,56500,800,
000030.SZ,000030,20251209,93012230,0,1353244,0,S,56500,100,
000030.SZ,000030,20251209,93012230,0,1353248,0,S,56500,100,
000030.SZ,000030,20251209,93012230,0,1353250,0,S,56500,400,
000030.SZ,000030,20251209,93012230,0,1353252,0,S,56500,600,
000030.SZ,000030,20251209,93012230,0,1353254,0,S,56500,200,
000030.SZ,000030,20251209,93012230,0,1353256,0,S,56500,100,
000030.SZ,000030,20251209,93012230,0,1353258,0,S,56500,200,
000030.SZ,000030,20251209,93012230,0,1353260,0,S,56500,100,
000030.SZ,000030,20251209,93012230,0,1353263,0,S,56500,100,
000030.SZ,000030,20251209,93012230,0,1353265,0,S,56500,300,
000030.SZ,000030,20251209,93012230,0,1353267,0,S,56500,300,
000030.SZ,000030,20251209,93012230,0,1353269,0,S,56500,300,
000030.SZ,000030,20251209,93012230,0,1353271,0,S,56500,800,
000030.SZ,000030,20251209,93012230,0,1353273,0,S,56500,600,
000030.SZ,000030,20251209,93012230,0,1353275,0,S,56500,100,
000030.SZ,000030,20251209,93012230,0,1353277,0,S,56500,700,
000030.SZ,000030,20251209,93012230,0,1353279,0,S,56500,200,
000030.SZ,000030,20251209,93012230,0,1353281,0,S,56500,200,
000030.SZ,000030,20251209,93012230,0,1353283,0,S,56500,200,
000030.SZ,000030,20251209,93012230,0,1353291,0,S,56500,300,
000030.SZ,000030,20251209,93012230,0,1353293,0,S,56500,200,
000030.SZ,000030,20251209,93012230,0,1353297,0,S,56500,200,
000030.SZ,000030,20251209,93012230,0,1353299,0,S,56500,200,
000030.SZ,000030,20251209,93012230,0,1353302,0,S,56500,600,
000030.SZ,000030,20251209,93012230,0,1353304,0,S,56500,100,
000030.SZ,000030,20251209,93012230,0,1353306,0,S,56500,100,
000030.SZ,000030,20251209,93012230,0,1353308,0,S,56500,300,
000030.SZ,000030,20251209,93012230,0,1353310,0,S,56500,100,
000030.SZ,000030,20251209,93012230,0,1353312,0,S,56500,200,
000030.SZ,000030,20251209,93012230,0,1353315,0,S,56500,200,
000030.SZ,000030,20251209,93012230,0,1353317,0,S,56500,200,
000030.SZ,000030,20251209,93012230,0,1353327,0,S,56500,600,
000030.SZ,000030,20251209,93012230,0,1353329,0,S,56500,300,
000030.SZ,000030,20251209,93012230,0,1353332,0,S,56500,200,
000030.SZ,000030,20251209,93012230,0,1353335,0,S,56500,200,
000030.SZ,000030,20251209,93012230,0,1353337,0,S,56500,1100,
000030.SZ,000030,20251209,93012230,0,1353339,0,S,56500,200,
000030.SZ,000030,20251209,93012230,0,1353343,0,S,56500,200,
000030.SZ,000030,20251209,93012230,0,1353345,0,S,56500,100,
000030.SZ,000030,20251209,93012230,0,1353348,0,S,56500,300,
000030.SZ,000030,20251209,93012230,0,1353350,0,S,56500,300,
000030.SZ,000030,20251209,93012230,0,1353358,0,S,56500,600,
000030.SZ,000030,20251209,93012230,0,1353361,0,S,56500,800,
000030.SZ,000030,20251209,93012230,0,1353371,0,S,56500,1800,
000030.SZ,000030,20251209,93012230,0,1353376,0,S,56500,200,
000030.SZ,000030,20251209,93012230,0,1353378,0,S,56500,400,
000030.SZ,000030,20251209,93012230,0,1353381,0,S,56500,200,
000030.SZ,000030,20251209,93012280,0,1354501,0,S,56500,1600,
000030.SZ,000030,20251209,93012290,0,1354550,1,B,62300,300,
000030.SZ,000030,20251209,93012290,0,1354693,0,B,56500,1200,
000030.SZ,000030,20251209,93012300,0,1354898,0,S,56500,100,
000030.SZ,000030,20251209,93012510,0,1360168,0,B,56500,4000,
000030.SZ,000030,20251209,93012550,0,1360602,0,B,56500,200,
000030.SZ,000030,20251209,93012640,0,1362357,0,B,56500,300,
000030.SZ,000030,20251209,93012990,0,1369548,0,S,56500,100,
000030.SZ,000030,20251209,93013120,0,1371157,1,B,62300,100,
000030.SZ,000030,20251209,93013240,0,1373369,0,S,56500,3100,
000030.SZ,000030,20251209,93013630,0,1381460,0,B,56500,200,
000030.SZ,000030,20251209,93013800,0,1384602,0,S,56500,2200,
000030.SZ,000030,20251209,93014310,0,1391261,0,S,56600,2200,
000030.SZ,000030,20251209,93014540,0,1393955,0,S,56500,100,
000030.SZ,000030,20251209,93014540,0,1393957,0,S,56500,100,
000030.SZ,000030,20251209,93014540,0,1393959,0,S,56500,100,
000030.SZ,000030,20251209,93014540,0,1393962,0,S,56500,100,
000030.SZ,000030,20251209,93014540,0,1393964,0,S,56500,100,
000030.SZ,000030,20251209,93014540,0,1393967,0,S,56500,100,
000030.SZ,000030,20251209,93014540,0,1393978,0,S,56500,100,
000030.SZ,000030,20251209,93015220,0,1402054,0,S,56500,100,
000030.SZ,000030,20251209,93015220,0,1402089,0,S,56500,200,
000030.SZ,000030,20251209,93015220,0,1402097,0,S,56500,200,
000030.SZ,000030,20251209,93015220,0,1402100,0,S,56500,300,
000030.SZ,000030,20251209,93015220,0,1402102,0,S,56500,200,
000030.SZ,000030,20251209,93015220,0,1402108,0,S,56500,1800,
000030.SZ,000030,20251209,93015220,0,1402110,0,S,56500,200,
000030.SZ,000030,20251209,93015220,0,1402113,0,S,56500,200,
000030.SZ,000030,20251209,93015220,0,1402115,0,S,56500,200,
000030.SZ,000030,20251209,93015220,0,1402119,0,S,56500,100,
000030.SZ,000030,20251209,93015220,0,1402143,0,S,56500,400,
000030.SZ,000030,20251209,93015220,0,1402157,0,S,56500,400,
000030.SZ,000030,20251209,93015230,0,1402204,0,S,56500,400,
000030.SZ,000030,20251209,93015250,0,1402674,0,B,56500,100,
000030.SZ,000030,20251209,93015250,0,1402681,0,B,56500,300,
000030.SZ,000030,20251209,93015260,0,1402754,0,B,56500,100,
000030.SZ,000030,20251209,93015260,0,1402859,0,S,56600,5400,
000030.SZ,000030,20251209,93015260,0,1402875,0,S,56600,4100,
000030.SZ,000030,20251209,93015270,0,1403181,0,S,56500,100,
000030.SZ,000030,20251209,93015280,0,1403304,0,B,56500,200,
000030.SZ,000030,20251209,93015680,0,1414937,0,B,56500,2700,
000030.SZ,000030,20251209,93015820,0,1418872,0,B,56500,400,
000030.SZ,000030,20251209,93015920,0,1420550,0,S,56500,500,
000030.SZ,000030,20251209,93016330,0,1428057,0,S,56500,4600,
000030.SZ,000030,20251209,93016370,0,1429282,0,S,56500,3800,
000030.SZ,000030,20251209,93017310,0,1445376,0,S,56500,1700,
000030.SZ,000030,20251209,93017580,0,1448677,0,B,56500,2100,
000030.SZ,000030,20251209,93018020,0,1453378,0,S,56600,100,
000030.SZ,000030,20251209,93018150,0,1454829,0,S,56500,400,
000030.SZ,000030,20251209,93018150,0,1454833,0,S,56500,400,
000030.SZ,000030,20251209,93018150,0,1454842,0,S,56500,400,
000030.SZ,000030,20251209,93018150,0,1454845,0,S,56500,400,
000030.SZ,000030,20251209,93018150,0,1454846,0,S,56500,400,
000030.SZ,000030,20251209,93018150,0,1454854,0,S,56500,400,
000030.SZ,000030,20251209,93018150,0,1454864,0,S,56500,400,
000030.SZ,000030,20251209,93018150,0,1454883,0,S,56500,400,
000030.SZ,000030,20251209,93018150,0,1454891,0,S,56500,400,
000030.SZ,000030,20251209,93018150,0,1454989,0,S,56500,400,
000030.SZ,000030,20251209,93018150,0,1454998,0,S,56500,400,
000030.SZ,000030,20251209,93018150,0,1455003,0,S,56500,400,
000030.SZ,000030,20251209,93018150,0,1455004,0,S,56500,400,
000030.SZ,000030,20251209,93018150,0,1455018,0,S,56500,100,
000030.SZ,000030,20251209,93018150,0,1455025,0,S,56500,400,
000030.SZ,000030,20251209,93018150,0,1455036,0,S,56500,400,
000030.SZ,000030,20251209,93018150,0,1455043,0,S,56500,400,
000030.SZ,000030,20251209,93018150,0,1455047,0,S,56500,400,
000030.SZ,000030,20251209,93018150,0,1455071,0,S,56500,200,
000030.SZ,000030,20251209,93018150,0,1455088,0,S,56500,100,
000030.SZ,000030,20251209,93018150,0,1455089,0,S,56500,400,
000030.SZ,000030,20251209,93018150,0,1455106,0,S,56500,100,
000030.SZ,000030,20251209,93018150,0,1455135,0,S,56500,100,
000030.SZ,000030,20251209,93018150,0,1455137,0,S,56500,300,
000030.SZ,000030,20251209,93018150,0,1455146,0,S,56500,100,
000030.SZ,000030,20251209,93018150,0,1455202,0,S,56500,400,
000030.SZ,000030,20251209,93018150,0,1455203,0,S,56500,100,
000030.SZ,000030,20251209,93018150,0,1455209,0,S,56500,400,
000030.SZ,000030,20251209,93018150,0,1455217,0,S,56500,900,
000030.SZ,000030,20251209,93018150,0,1455236,0,S,56500,1000,
000030.SZ,000030,20251209,93018160,0,1455248,0,S,56500,400,
000030.SZ,000030,20251209,93018160,0,1455254,0,S,56500,400,
000030.SZ,000030,20251209,93018160,0,1455277,0,S,56500,1600,
000030.SZ,000030,20251209,93018160,0,1455284,0,S,56500,200,
000030.SZ,000030,20251209,93018160,0,1455291,0,S,56500,100,
000030.SZ,000030,20251209,93018160,0,1455296,0,S,56500,400,
000030.SZ,000030,20251209,93018160,0,1455438,0,S,56500,400,
000030.SZ,000030,20251209,93018160,0,1455455,0,S,56500,400,
000030.SZ,000030,20251209,93018160,0,1455457,0,S,56500,400,
000030.SZ,000030,20251209,93018160,0,1455507,0,S,56500,100,
000030.SZ,000030,20251209,93018170,0,1455740,0,S,56500,400,
000030.SZ,000030,20251209,93018170,0,1455743,0,S,56500,400,
000030.SZ,000030,20251209,93018170,0,1455756,0,S,56500,400,
000030.SZ,000030,20251209,93018170,0,1455844,0,S,56500,400,
000030.SZ,000030,20251209,93018200,0,1456781,0,S,56500,100,
000030.SZ,000030,20251209,93018210,0,1456945,0,S,56500,200,
000030.SZ,000030,20251209,93018210,0,1457023,0,B,56400,900,
000030.SZ,000030,20251209,93018210,0,1457033,0,S,56500,100,
000030.SZ,000030,20251209,93018210,0,1457069,0,B,56400,1900,
000030.SZ,000030,20251209,93018210,0,1457080,0,S,56500,100,
000030.SZ,000030,20251209,93018220,0,1457162,0,S,56500,600,
000030.SZ,000030,20251209,93018220,0,1457178,0,S,56500,100,
000030.SZ,000030,20251209,93018260,0,1457857,0,B,56600,300,
000030.SZ,000030,20251209,93018310,0,1458753,0,B,56500,100,
000030.SZ,000030,20251209,93018340,0,1459337,0,B,56300,1700,
000030.SZ,000030,20251209,93018510,0,1463163,0,S,56500,400,
000030.SZ,000030,20251209,93018510,0,1463190,0,S,56500,900,
000030.SZ,000030,20251209,93018540,0,1463647,0,S,56500,600,
000030.SZ,000030,20251209,93018630,0,1465277,0,S,56500,400,
000030.SZ,000030,20251209,93018710,0,1467091,0,S,56500,100,
000030.SZ,000030,20251209,93018790,0,1469134,0,S,57200,5000,
000030.SZ,000030,20251209,93018860,0,1470162,0,S,56500,200,
000030.SZ,000030,20251209,93019110,0,1473651,0,S,56500,700,
000030.SZ,000030,20251209,93019110,0,1473652,0,S,56500,400,
000030.SZ,000030,20251209,93019160,0,1474224,0,S,56500,100,
000030.SZ,000030,20251209,93019280,0,1476729,0,S,56400,2300,
000030.SZ,000030,20251209,93019300,0,1476955,0,S,57300,1000,
000030.SZ,000030,20251209,93019330,0,1477364,0,S,56400,1200,
000030.SZ,000030,20251209,93019560,0,1481865,0,S,56500,400,
000030.SZ,000030,20251209,93019700,0,1484212,0,S,56500,100,
000030.SZ,000030,20251209,93019780,0,1485671,0,S,56500,1500,
000030.SZ,000030,20251209,93019780,0,1485674,0,S,56500,3300,
000030.SZ,000030,20251209,93019930,0,1487855,0,B,56500,100,
000030.SZ,000030,20251209,93020000,0,1488871,0,S,56500,1200,
000030.SZ,000030,20251209,93020030,0,1489470,0,S,56500,2000,
000030.SZ,000030,20251209,93020030,0,1489476,0,S,56500,2400,
000030.SZ,000030,20251209,93020100,0,1490372,0,S,56500,2700,
000030.SZ,000030,20251209,93020170,0,1491138,0,S,56500,600,
000030.SZ,000030,20251209,93020200,0,1491499,0,S,56500,100,
000030.SZ,000030,20251209,93020560,0,1496177,0,B,56400,100,
000030.SZ,000030,20251209,93020610,0,1496777,0,S,56500,3000,
000030.SZ,000030,20251209,93020950,0,1500512,0,S,56400,100,
000030.SZ,000030,20251209,93021150,0,1502883,0,S,56400,800,
000030.SZ,000030,20251209,93021150,0,1502887,0,S,56400,100,
000030.SZ,000030,20251209,93021150,0,1502893,0,S,56400,500,
000030.SZ,000030,20251209,93021150,0,1502895,0,S,56400,200,
000030.SZ,000030,20251209,93021150,0,1502903,0,S,56400,500,
000030.SZ,000030,20251209,93021150,0,1502907,0,S,56400,500,
000030.SZ,000030,20251209,93021150,0,1502909,0,S,56400,500,
000030.SZ,000030,20251209,93021150,0,1502914,0,S,56400,400,
000030.SZ,000030,20251209,93021150,0,1502921,0,S,56400,100,
000030.SZ,000030,20251209,93021150,0,1502922,0,S,56400,300,
000030.SZ,000030,20251209,93021150,0,1502923,0,S,56400,2700,
000030.SZ,000030,20251209,93021150,0,1502924,0,S,56400,400,
000030.SZ,000030,20251209,93021150,0,1502930,0,S,56400,200,
000030.SZ,000030,20251209,93021150,0,1502931,0,S,56400,600,
000030.SZ,000030,20251209,93021150,0,1502932,0,S,56400,2000,
000030.SZ,000030,20251209,93021150,0,1502933,0,S,56400,500,
000030.SZ,000030,20251209,93021150,0,1503020,0,S,56400,1000,
000030.SZ,000030,20251209,93021150,0,1503154,0,S,56300,21200,
000030.SZ,000030,20251209,93021160,0,1503235,0,S,56600,100,
000030.SZ,000030,20251209,93021210,0,1504331,0,S,56500,200,
000030.SZ,000030,20251209,93021220,0,1505015,0,B,56400,700,
000030.SZ,000030,20251209,93021220,0,1505023,0,S,56500,600,
000030.SZ,000030,20251209,93021230,0,1505236,0,S,56400,900,
000030.SZ,000030,20251209,93021280,0,1506129,0,S,56500,600,
000030.SZ,000030,20251209,93021330,0,1507004,0,S,56500,600,
000030.SZ,000030,20251209,93021340,0,1507167,0,S,56600,100,
000030.SZ,000030,20251209,93021400,0,1507853,0,B,56200,100,
000030.SZ,000030,20251209,93021490,0,1509325,0,B,56200,100,
000030.SZ,000030,20251209,93021560,0,1512083,0,S,56600,100,
000030.SZ,000030,20251209,93021610,0,1513305,0,B,56400,100,
000030.SZ,000030,20251209,93021650,0,1515145,0,S,56500,900,
000030.SZ,000030,20251209,93021890,0,1519088,0,S,56600,100,
000030.SZ,000030,20251209,93021920,0,1519516,0,B,56200,100,
000030.SZ,000030,20251209,93022220,0,1524416,0,S,56400,300,
000030.SZ,000030,20251209,93022330,0,1526972,0,B,56400,100,
000030.SZ,000030,20251209,93023190,0,1539882,0,S,56500,200,
000030.SZ,000030,20251209,93023190,0,1539916,0,S,56400,900,
000030.SZ,000030,20251209,93023730,0,1545997,0,S,56400,800,
000030.SZ,000030,20251209,93024180,0,1551112,0,S,56300,100,
000030.SZ,000030,20251209,93024250,0,1552107,0,S,56500,1500,
000030.SZ,000030,20251209,93024250,0,1552238,0,S,56300,100,
000030.SZ,000030,20251209,93024260,0,1552463,0,S,56300,600,
000030.SZ,000030,20251209,93024340,0,1554000,0,S,56400,300,
000030.SZ,000030,20251209,93024340,0,1554001,0,S,56400,700,
000030.SZ,000030,20251209,93024340,0,1554017,0,S,56400,600,
000030.SZ,000030,20251209,93024340,0,1554041,0,S,56400,5400,
000030.SZ,000030,20251209,93024340,0,1554047,0,S,56400,4100,
000030.SZ,000030,20251209,93024350,0,1554052,0,S,56400,200,
000030.SZ,000030,20251209,93024350,0,1554054,0,S,56400,4300,
000030.SZ,000030,20251209,93024350,0,1554176,0,S,56400,2200,
000030.SZ,000030,20251209,93024350,0,1554194,0,S,56400,2700,
000030.SZ,000030,20251209,93024360,0,1554306,0,S,56400,1400,
000030.SZ,000030,20251209,93024540,0,1558324,0,B,56200,1700,
000030.SZ,000030,20251209,93024580,0,1558763,0,S,56400,600,
000030.SZ,000030,20251209,93024580,0,1558766,0,S,56400,1000,
000030.SZ,000030,20251209,93024600,0,1559189,0,S,56400,400,
000030.SZ,000030,20251209,93024800,0,1563918,0,B,56300,900,
000030.SZ,000030,20251209,93024800,0,1563946,0,B,56300,1500,
000030.SZ,000030,20251209,93024810,0,1564037,0,B,56300,1600,
000030.SZ,000030,20251209,93024990,0,1566506,0,B,56200,600,
000030.SZ,000030,20251209,93024990,0,1566509,0,B,56200,800,
000030.SZ,000030,20251209,93024990,0,1566514,0,B,56200,600,
000030.SZ,000030,20251209,93024990,0,1566575,0,B,56300,1000,
000030.SZ,000030,20251209,93025140,0,1568614,0,B,56200,600,
000030.SZ,000030,20251209,93025140,0,1568663,0,B,56200,200,
000030.SZ,000030,20251209,93025590,0,1577831,0,S,56300,100,
000030.SZ,000030,20251209,93025720,0,1579683,0,S,56300,300,
000030.SZ,000030,20251209,93026140,0,1584468,0,B,56200,100,
000030.SZ,000030,20251209,93026420,0,1587492,0,S,56200,300,
000030.SZ,000030,20251209,93026480,0,1587993,0,S,56500,1400,
000030.SZ,000030,20251209,93026480,0,1588041,0,S,56500,500,
000030.SZ,000030,20251209,93027290,0,1597156,0,S,56300,2700,
000030.SZ,000030,20251209,93027290,0,1597160,0,S,56300,100,
000030.SZ,000030,20251209,93027290,0,1597164,0,S,56300,300,
000030.SZ,000030,20251209,93027290,0,1597166,0,S,56300,300,
000030.SZ,000030,20251209,93027290,0,1597168,0,S,56300,400,
000030.SZ,000030,20251209,93027290,0,1597170,0,S,56300,200,
000030.SZ,000030,20251209,93027290,0,1597192,0,S,56300,500,
000030.SZ,000030,20251209,93027290,0,1597193,0,S,56300,2000,
000030.SZ,000030,20251209,93027290,0,1597194,0,S,56300,400,
000030.SZ,000030,20251209,93027300,0,1597380,0,B,56200,400,
000030.SZ,000030,20251209,93027360,0,1599529,0,S,56400,600,
000030.SZ,000030,20251209,93027480,0,1602267,0,S,56400,200,
000030.SZ,000030,20251209,93027510,0,1602695,0,B,56300,1800,
000030.SZ,000030,20251209,93027690,0,1605397,0,B,56300,1000,
000030.SZ,000030,20251209,93027810,0,1607987,0,B,56300,1500,
000030.SZ,000030,20251209,93027810,0,1608025,0,B,56300,1700,
000030.SZ,000030,20251209,93027850,0,1608608,0,B,56300,700,
000030.SZ,000030,20251209,93028220,0,1613974,0,B,56300,900,
000030.SZ,000030,20251209,93028410,0,1617392,0,S,56400,200,
000030.SZ,000030,20251209,93029370,0,1631956,0,S,58000,1000,
000030.SZ,000030,20251209,93030030,0,1640806,0,S,62200,100,
000030.SZ,000030,20251209,93030120,0,1641988,0,B,56300,200,
000030.SZ,000030,20251209,93030120,0,1642080,0,S,57500,200,
000030.SZ,000030,20251209,93030280,0,1644905,0,B,56400,200,
000030.SZ,000030,20251209,93030300,0,1645198,0,B,56300,1200,
000030.SZ,000030,20251209,93030360,0,1646605,0,B,56300,500,
000030.SZ,000030,20251209,93030470,0,1649437,0,B,56300,500,
000030.SZ,000030,20251209,93030790,0,1655434,0,B,56300,1400,
000030.SZ,000030,20251209,93030800,0,1655677,0,B,56300,100,
000030.SZ,000030,20251209,93030810,0,1655825,0,B,56300,3000,
000030.SZ,000030,20251209,93030890,0,1657392,0,B,56300,2700,
000030.SZ,000030,20251209,93030930,0,1657990,0,B,56300,1100,
000030.SZ,000030,20251209,93031380,0,1665914,0,B,56300,3100,
000030.SZ,000030,20251209,93031480,0,1668186,0,S,56500,100,
000030.SZ,000030,20251209,93031740,0,1672737,0,S,56400,500,
000030.SZ,000030,20251209,93032270,0,1680085,0,B,56200,100,
000030.SZ,000030,20251209,93032310,0,1680560,0,S,56600,100,
000030.SZ,000030,20251209,93032350,0,1681060,0,S,56300,300,
000030.SZ,000030,20251209,93033180,0,1690792,0,B,56400,100,
000030.SZ,000030,20251209,93033430,0,1695490,0,B,56700,100,
000030.SZ,000030,20251209,93033810,0,1703494,0,B,56300,1700,
000030.SZ,000030,20251209,93033920,0,1705099,0,B,56300,1300,
000030.SZ,000030,20251209,93034030,0,1706519,0,S,62300,100,
000030.SZ,000030,20251209,93034210,0,1709419,0,S,57500,200,
000030.SZ,000030,20251209,93034510,0,1715363,0,S,56500,1700,
000030.SZ,000030,20251209,93034980,0,1722619,0,B,56300,200,
000030.SZ,000030,20251209,93034990,0,1722759,0,B,56300,5100,
000030.SZ,000030,20251209,93035110,0,1724455,0,B,56300,600,
000030.SZ,000030,20251209,93035150,0,1725003,0,B,56300,3500,
000030.SZ,000030,20251209,93035150,0,1725005,0,B,56300,3300,
000030.SZ,000030,20251209,93035150,0,1725006,0,B,56300,200,
000030.SZ,000030,20251209,93035150,0,1725007,0,B,56300,400,
000030.SZ,000030,20251209,93035150,0,1725010,0,B,56300,3600,
000030.SZ,000030,20251209,93035150,0,1725011,0,B,56300,6900,
000030.SZ,000030,20251209,93035270,0,1727161,0,B,56500,1200,
000030.SZ,000030,20251209,93035270,0,1727181,0,B,56500,1100,
000030.SZ,000030,20251209,93035270,0,1727199,0,B,56500,1800,
000030.SZ,000030,20251209,93035310,0,1727675,0,B,56300,100,
000030.SZ,000030,20251209,93035450,0,1729858,0,B,56300,100,
000030.SZ,000030,20251209,93035450,0,1729873,0,B,56300,100,
000030.SZ,000030,20251209,93035480,0,1730426,0,B,56300,500,
000030.SZ,000030,20251209,93035510,0,1730890,0,B,56300,300,
000030.SZ,000030,20251209,93035570,0,1731733,0,B,56300,500,
000030.SZ,000030,20251209,93035570,0,1731744,0,B,56300,100,
000030.SZ,000030,20251209,93035610,0,1732371,0,B,56300,300,
000030.SZ,000030,20251209,93036110,0,1739115,0,S,56300,2000,
000030.SZ,000030,20251209,93036110,0,1739119,0,S,56300,100,
000030.SZ,000030,20251209,93036110,0,1739127,0,S,56300,100,
000030.SZ,000030,20251209,93036110,0,1739129,0,S,56300,100,
000030.SZ,000030,20251209,93036110,0,1739139,0,S,56300,2300,
000030.SZ,000030,20251209,93036110,0,1739178,0,S,56300,100,
000030.SZ,000030,20251209,93036110,0,1739191,0,S,56300,400,
000030.SZ,000030,20251209,93036210,0,1740835,0,B,56400,7200,
000030.SZ,000030,20251209,93036230,0,1741127,0,B,56400,2600,
000030.SZ,000030,20251209,93036450,0,1746106,0,B,56300,1200,
000030.SZ,000030,20251209,93036450,0,1746126,0,B,56300,1000,
000030.SZ,000030,20251209,93037230,0,1764170,0,B,56100,1700,
000030.SZ,000030,20251209,93037290,0,1765371,0,B,56300,1900,
000030.SZ,000030,20251209,93037290,0,1765513,0,B,56300,1600,
000030.SZ,000030,20251209,93037340,0,1766386,0,S,56500,300,
000030.SZ,000030,20251209,93037370,0,1767003,0,B,56300,1900,
000030.SZ,000030,20251209,93037380,0,1767347,0,B,56300,1900,
000030.SZ,000030,20251209,93037450,0,1768518,0,S,56500,100,
000030.SZ,000030,20251209,93037490,0,1769352,0,B,56300,1900,
000030.SZ,000030,20251209,93037500,0,1769512,0,B,56300,1000,
000030.SZ,000030,20251209,93037540,0,1770486,0,B,56300,1000,
000030.SZ,000030,20251209,93037660,0,1772810,0,S,56300,3000,
000030.SZ,000030,20251209,93038900,0,1789681,0,B,56500,1000,
000030.SZ,000030,20251209,93038950,0,1790295,0,B,56300,100,
000030.SZ,000030,20251209,93039040,0,1792192,0,B,56300,700,
000030.SZ,000030,20251209,93039070,0,1792702,0,S,56400,100,
000030.SZ,000030,20251209,93039070,0,1792703,0,S,56400,1000,
000030.SZ,000030,20251209,93039130,0,1794224,0,S,56400,100,
000030.SZ,000030,20251209,93039220,0,1797160,0,B,56500,100,
000030.SZ,000030,20251209,93039260,0,1798367,0,B,56400,200,
000030.SZ,000030,20251209,93039260,0,1798410,0,B,56400,500,
000030.SZ,000030,20251209,93039290,0,1798947,0,B,56400,900,
000030.SZ,000030,20251209,93039380,0,1800363,0,B,56400,600,
000030.SZ,000030,20251209,93039390,0,1800563,0,B,56500,100,
000030.SZ,000030,20251209,93039520,0,1803638,0,B,56300,4100,
000030.SZ,000030,20251209,93040430,0,1823298,0,B,56400,1800,
000030.SZ,000030,20251209,93040470,0,1824062,0,B,56400,1800,
000030.SZ,000030,20251209,93040500,0,1824749,0,B,56400,900,
000030.SZ,000030,20251209,93040600,0,1826216,0,B,56300,1700,
000030.SZ,000030,20251209,93040600,0,1826316,0,B,56300,1600,
000030.SZ,000030,20251209,93040680,0,1827573,0,S,56400,300,
000030.SZ,000030,20251209,93040710,0,1828052,0,B,56300,300,
000030.SZ,000030,20251209,93040720,0,1828136,0,B,56300,900,
000030.SZ,000030,20251209,93040720,0,1828224,0,B,56300,900,
000030.SZ,000030,20251209,93040870,0,1830504,0,S,56400,700,
000030.SZ,000030,20251209,93041740,0,1847020,0,B,56300,100,
000030.SZ,000030,20251209,93041910,0,1850098,0,B,56400,6800,
000030.SZ,000030,20251209,93041940,0,1850472,0,B,56400,7100,
000030.SZ,000030,20251209,93042080,0,1852767,0,B,56400,7800,
000030.SZ,000030,20251209,93042270,0,1856729,0,B,56400,1200,
000030.SZ,000030,20251209,93042420,0,1860258,0,S,56400,1100,
000030.SZ,000030,20251209,93042510,0,1862249,0,S,56400,100,
000030.SZ,000030,20251209,93042540,0,1862963,0,B,56400,600,
000030.SZ,000030,20251209,93042540,0,1862965,0,B,56400,700,
000030.SZ,000030,20251209,93042720,0,1867350,0,S,56300,300,
000030.SZ,000030,20251209,93042780,0,1868372,0,S,56500,100,
000030.SZ,000030,20251209,93042810,0,1868907,0,B,56300,900,
000030.SZ,000030,20251209,93042870,0,1869884,0,B,56300,900,
000030.SZ,000030,20251209,93043570,0,1883847,0,S,56500,1100,
000030.SZ,000030,20251209,93043600,0,1884519,0,S,56300,600,
000030.SZ,000030,20251209,93043980,0,1891122,0,S,56300,4800,
000030.SZ,000030,20251209,93044650,0,1904668,0,B,56300,1700,
000030.SZ,000030,20251209,93044650,0,1904878,0,B,56300,800,
000030.SZ,000030,20251209,93044750,0,1906843,0,B,56300,1800,
000030.SZ,000030,20251209,93044980,0,1911839,0,B,56300,300,
000030.SZ,000030,20251209,93045150,0,1915545,0,S,56400,1000,
000030.SZ,000030,20251209,93045240,0,1917765,0,B,56400,500,
000030.SZ,000030,20251209,93045400,0,1921054,0,B,56400,1200,
000030.SZ,000030,20251209,93045450,0,1922162,0,B,56400,900,
000030.SZ,000030,20251209,93045570,0,1924217,0,B,56300,300,
000030.SZ,000030,20251209,93045690,0,1926855,0,B,56300,1600,
000030.SZ,000030,20251209,93045970,0,1931259,0,B,56400,100,
000030.SZ,000030,20251209,93045970,0,1931269,0,B,56300,900,
000030.SZ,000030,20251209,93046000,0,1931870,0,B,56300,900,
000030.SZ,000030,20251209,93046090,0,1933600,0,B,56100,3000,
000030.SZ,000030,20251209,93046770,0,1946853,0,B,56400,300,
000030.SZ,000030,20251209,93048140,0,1965911,0,B,56300,900,
000030.SZ,000030,20251209,93048220,0,1967323,0,B,56400,600,
000030.SZ,000030,20251209,93048230,0,1967445,0,B,56300,900,
000030.SZ,000030,20251209,93048370,0,1969567,0,B,56400,1200,
000030.SZ,000030,20251209,93048430,0,1970466,0,B,56300,900,
000030.SZ,000030,20251209,93048490,0,1971552,0,B,56400,100,
000030.SZ,000030,20251209,93048860,0,1977686,0,S,56400,1200,
000030.SZ,000030,20251209,93048860,0,1977782,0,S,56400,1100,
000030.SZ,000030,20251209,93048930,0,1978950,0,B,55900,500,
000030.SZ,000030,20251209,93051270,0,2012629,0,B,56400,900,
000030.SZ,000030,20251209,93051520,0,2016503,0,B,56400,900,
000030.SZ,000030,20251209,93051520,0,2016508,0,B,56400,800,
000030.SZ,000030,20251209,93053670,0,2045532,0,B,56300,100,
000030.SZ,000030,20251209,93054360,0,2055267,0,B,56400,1800,
000030.SZ,000030,20251209,93054450,0,2056599,0,B,56400,1900,
000030.SZ,000030,20251209,93054470,0,2056929,0,S,56400,600,
000030.SZ,000030,20251209,93054480,0,2057125,0,B,56400,600,
000030.SZ,000030,20251209,93054590,0,2059179,0,B,56400,400,
000030.SZ,000030,20251209,93054620,0,2059668,0,B,56400,100,
000030.SZ,000030,20251209,93056840,0,2089926,0,B,55000,20000,
000030.SZ,000030,20251209,93056850,0,2090028,0,B,56400,200,
000030.SZ,000030,20251209,93057380,0,2097215,0,B,56400,3000,
000030.SZ,000030,20251209,93057520,0,2099099,0,B,56400,600,
000030.SZ,000030,20251209,93057940,0,2104629,0,B,56400,700,
000030.SZ,000030,20251209,93057940,0,2104636,0,B,56400,1400,
000030.SZ,000030,20251209,93058280,0,2109139,0,S,56500,100000,
000030.SZ,000030,20251209,93058290,0,2109281,0,S,56400,100,
000030.SZ,000030,20251209,93058290,0,2109292,0,S,56400,100,
000030.SZ,000030,20251209,93100190,0,2132830,0,B,56400,4400,
000030.SZ,000030,20251209,93100370,0,2136850,0,B,56400,900,
000030.SZ,000030,20251209,93100400,0,2137304,0,B,56400,900,
000030.SZ,000030,20251209,93100730,0,2144689,0,B,56400,900,
000030.SZ,000030,20251209,93100730,0,2144692,0,B,56400,2300,
000030.SZ,000030,20251209,93100760,0,2145276,0,B,56400,200,
000030.SZ,000030,20251209,93100780,0,2145776,0,B,56400,1300,
000030.SZ,000030,20251209,93100810,0,2146545,0,B,56400,200,
000030.SZ,000030,20251209,93100870,0,2147655,0,B,56400,800,
000030.SZ,000030,20251209,93101260,0,2155021,0,S,56400,700,
000030.SZ,000030,20251209,93101860,0,2166145,0,B,56400,400,
000030.SZ,000030,20251209,93102270,0,2172270,0,B,56400,200,
000030.SZ,000030,20251209,93103260,0,2186006,0,B,56400,1800,
000030.SZ,000030,20251209,93103330,0,2187324,0,B,56400,300,
000030.SZ,000030,20251209,93105150,0,2216883,0,S,56400,1000,
000030.SZ,000030,20251209,93105170,0,2217140,0,B,56400,100,
000030.SZ,000030,20251209,93106380,0,2233870,0,B,56400,200,
000030.SZ,000030,20251209,93106420,0,2234696,0,B,56400,900,
000030.SZ,000030,20251209,93106470,0,2235814,0,B,56400,1600,
000030.SZ,000030,20251209,93106480,0,2235866,0,B,56400,800,
000030.SZ,000030,20251209,93106480,0,2235925,0,B,56400,900,
000030.SZ,000030,20251209,93107400,0,2251347,0,S,56400,800,
000030.SZ,000030,20251209,93107590,0,2254644,0,S,56500,400,
000030.SZ,000030,20251209,93108570,0,2267721,0,B,56400,100,
000030.SZ,000030,20251209,93108860,0,2271088,0,B,56100,3000,
000030.SZ,000030,20251209,93109320,0,2277509,0,B,56400,1000,
000030.SZ,000030,20251209,93109320,0,2277580,0,B,56400,1500,
000030.SZ,000030,20251209,93109840,0,2284740,0,S,56500,100,
000030.SZ,000030,20251209,93110250,0,2290960,0,B,56300,100,
000030.SZ,000030,20251209,93110250,0,2291066,0,B,56400,300,
000030.SZ,000030,20251209,93111520,0,2310168,0,B,56400,200,
000030.SZ,000030,20251209,93111680,0,2312192,0,S,56600,100,
000030.SZ,000030,20251209,93112340,0,2321638,0,B,56400,2100,
000030.SZ,000030,20251209,93112480,0,2324604,0,B,56400,900,
000030.SZ,000030,20251209,93112540,0,2325792,0,B,56400,1300,
000030.SZ,000030,20251209,93114220,0,2350381,0,S,57000,200,
000030.SZ,000030,20251209,93114880,0,2357843,0,S,56500,10000,
000030.SZ,000030,20251209,93115350,0,2363461,0,S,55800,4200,
000030.SZ,000030,20251209,93115950,0,2372061,0,B,56400,600,
000030.SZ,000030,20251209,93115990,0,2372457,0,S,56500,2000,
000030.SZ,000030,20251209,93116680,0,2382261,0,B,56300,5000,
000030.SZ,000030,20251209,93116710,0,2382579,0,S,59000,200,
000030.SZ,000030,20251209,93117010,0,2385891,0,B,56400,100,
000030.SZ,000030,20251209,93117380,0,2390531,0,B,56400,300,
000030.SZ,000030,20251209,93117620,0,2393259,0,B,56500,100,
000030.SZ,000030,20251209,93117900,0,2396267,0,B,56400,2400,
000030.SZ,000030,20251209,93118770,0,2408593,0,B,56400,100,
000030.SZ,000030,20251209,93118790,0,2408859,0,S,56300,700,
000030.SZ,000030,20251209,93119910,0,2423404,0,S,56400,1000,
000030.SZ,000030,20251209,93119970,0,2424014,0,B,56500,300,
000030.SZ,000030,20251209,93119980,0,2424144,0,B,56400,16300,
000030.SZ,000030,20251209,93121510,0,2442529,0,B,56400,1600,
000030.SZ,000030,20251209,93121510,0,2442620,0,B,56400,2400,
000030.SZ,000030,20251209,93122270,0,2453055,0,S,62100,5000,
000030.SZ,000030,20251209,93123250,0,2465969,0,B,56300,2400,
000030.SZ,000030,20251209,93124290,0,2478494,0,B,56400,1100,
000030.SZ,000030,20251209,93124820,0,2487067,0,S,56500,200,
000030.SZ,000030,20251209,93125060,0,2490056,0,S,56500,600,
000030.SZ,000030,20251209,93125260,0,2493363,0,B,56300,100000,
000030.SZ,000030,20251209,93125390,0,2495428,0,B,56400,100,
000030.SZ,000030,20251209,93125450,0,2496358,0,S,56500,200,
000030.SZ,000030,20251209,93125510,0,2497205,0,S,56500,600,
000030.SZ,000030,20251209,93126250,0,2506869,0,B,56500,800,
000030.SZ,000030,20251209,93127180,0,2518299,0,B,56500,300,
000030.SZ,000030,20251209,93127260,0,2519493,0,B,56400,1000,
000030.SZ,000030,20251209,93127280,0,2519977,0,B,56400,900,
000030.SZ,000030,20251209,93127310,0,2520504,0,B,56400,400,
000030.SZ,000030,20251209,93127470,0,2523084,0,B,56400,200,
000030.SZ,000030,20251209,93128090,0,2531440,0,B,56500,100,
000030.SZ,000030,20251209,93128550,0,2538436,0,B,56500,2500,
000030.SZ,000030,20251209,93128550,0,2538451,0,B,56500,700,
000030.SZ,000030,20251209,93128570,0,2538631,0,B,56500,100,
000030.SZ,000030,20251209,93129510,0,2550146,0,B,56400,100,
000030.SZ,000030,20251209,93130030,0,2555542,0,B,56500,600,
000030.SZ,000030,20251209,93130290,0,2558825,0,B,56100,10000,
000030.SZ,000030,20251209,93130480,0,2561529,0,B,56500,1300,
000030.SZ,000030,20251209,93130480,0,2561583,0,B,56500,700,
000030.SZ,000030,20251209,93130480,0,2561608,0,B,56500,1400,
000030.SZ,000030,20251209,93130490,0,2561696,0,B,56500,1700,
000030.SZ,000030,20251209,93130490,0,2561704,0,B,56500,800,
000030.SZ,000030,20251209,93130490,0,2561737,0,B,56500,700,
000030.SZ,000030,20251209,93130490,0,2561781,0,B,56500,200,
000030.SZ,000030,20251209,93130500,0,2561784,0,B,56400,100,
000030.SZ,000030,20251209,93130500,0,2561798,0,B,56500,100,
000030.SZ,000030,20251209,93130500,0,2561898,0,B,56500,100,
000030.SZ,000030,20251209,93130500,0,2561902,0,B,56400,200,
000030.SZ,000030,20251209,93131450,0,2574383,0,S,60800,300,
000030.SZ,000030,20251209,93132020,0,2581079,0,S,56400,700,
000030.SZ,000030,20251209,93132420,0,2585925,0,B,56300,2100,
000030.SZ,000030,20251209,93134000,0,2604049,0,B,56400,3100,
000030.SZ,000030,20251209,93134150,0,2606477,0,B,56400,400,
000030.SZ,000030,20251209,93134150,0,2606479,0,B,56400,2100,
000030.SZ,000030,20251209,93134150,0,2606480,0,B,56400,4800,
000030.SZ,000030,20251209,93134490,0,2610799,0,B,56400,500,
000030.SZ,000030,20251209,93136200,0,2629764,0,B,56500,100,
000030.SZ,000030,20251209,93136280,0,2630938,0,S,56500,200,
000030.SZ,000030,20251209,93136370,0,2632814,0,S,56500,300,
000030.SZ,000030,20251209,93136430,0,2633726,0,S,56500,200,
000030.SZ,000030,20251209,93136510,0,2634756,0,S,56500,200,
000030.SZ,000030,20251209,93136620,0,2636197,0,S,56500,7300,
000030.SZ,000030,20251209,93136850,0,2639266,0,B,56300,100000,
000030.SZ,000030,20251209,93137860,0,2652731,0,S,62300,800,
000030.SZ,000030,20251209,93138510,0,2660094,0,S,56500,300,
000030.SZ,000030,20251209,93139480,0,2671122,0,B,56400,3700,
000030.SZ,000030,20251209,93140030,0,2678303,0,S,57100,100000,
000030.SZ,000030,20251209,93141150,0,2693478,0,S,57000,10000,
000030.SZ,000030,20251209,93142430,0,2711446,0,B,56400,2000,
000030.SZ,000030,20251209,93142450,0,2711965,0,B,56400,100,
000030.SZ,000030,20251209,93142770,0,2716363,0,B,56400,900,
000030.SZ,000030,20251209,93142830,0,2717153,0,B,56400,100,
000030.SZ,000030,20251209,93142960,0,2719059,0,B,56400,200,
000030.SZ,000030,20251209,93143280,0,2723960,0,B,56400,100,
000030.SZ,000030,20251209,93144540,0,2742078,0,S,56400,300,
000030.SZ,000030,20251209,93145610,0,2755829,0,B,56400,700,
000030.SZ,000030,20251209,93145650,0,2756353,0,B,56400,1100,
000030.SZ,000030,20251209,93146360,0,2767898,0,S,56400,44800,
000030.SZ,000030,20251209,93146710,0,2773376,0,S,56400,100,
000030.SZ,000030,20251209,93147630,0,2784974,0,S,56400,200,
000030.SZ,000030,20251209,93147780,0,2786709,0,S,56400,2200,
000030.SZ,000030,20251209,93147870,0,2787701,0,B,56500,1100,
000030.SZ,000030,20251209,93148000,0,2789197,0,S,56600,100,
000030.SZ,000030,20251209,93148220,0,2791667,0,S,56400,1400,
000030.SZ,000030,20251209,93151630,0,2835157,0,B,56200,300,
000030.SZ,000030,20251209,93151810,0,2837916,0,S,56400,200,
000030.SZ,000030,20251209,93153130,0,2854426,0,B,56400,2100,
000030.SZ,000030,20251209,93154030,0,2864412,0,B,56400,1500,
000030.SZ,000030,20251209,93154200,0,2866220,0,B,56500,100,
000030.SZ,000030,20251209,93154250,0,2866991,0,B,56400,800,
000030.SZ,000030,20251209,93154280,0,2867315,0,B,56400,200,
000030.SZ,000030,20251209,93154430,0,2869328,0,S,56500,200,
000030.SZ,000030,20251209,93154940,0,2875735,0,S,56500,100,
000030.SZ,000030,20251209,93158060,0,2913285,0,B,56400,200,
000030.SZ,000030,20251209,93159320,0,2927904,0,S,56400,4600,
000030.SZ,000030,20251209,93159770,0,2932467,0,S,56200,600,
000030.SZ,000030,20251209,93159780,0,2932557,0,B,56400,3100,
000030.SZ,000030,20251209,93200290,0,2939022,0,B,56400,800,
000030.SZ,000030,20251209,93200470,0,2941733,0,B,56500,500,
000030.SZ,000030,20251209,93200560,0,2943828,0,B,56400,200,
000030.SZ,000030,20251209,93201620,0,2960872,0,S,58000,1000,
000030.SZ,000030,20251209,93203850,0,2988474,0,S,56400,600,
000030.SZ,000030,20251209,93203860,0,2988696,0,B,56400,100,
000030.SZ,000030,20251209,93203900,0,2989275,0,S,56500,800,
000030.SZ,000030,20251209,93203910,0,2989364,0,S,56400,100,
000030.SZ,000030,20251209,93204360,0,2995587,0,S,56500,100,
000030.SZ,000030,20251209,93206350,0,3019829,0,S,56400,400,
000030.SZ,000030,20251209,93206730,0,3025097,0,S,56500,6000,
000030.SZ,000030,20251209,93206840,0,3026519,0,S,58300,400,
000030.SZ,000030,20251209,93207360,0,3033197,0,S,56400,100,
000030.SZ,000030,20251209,93208280,0,3044489,0,S,56400,200,
000030.SZ,000030,20251209,93208340,0,3045117,0,S,56500,700,
000030.SZ,000030,20251209,93208380,0,3045583,0,S,56400,300,
000030.SZ,000030,20251209,93208380,0,3045679,0,S,56400,200,
000030.SZ,000030,20251209,93208400,0,3045842,0,S,56500,600,
000030.SZ,000030,20251209,93208400,0,3045843,0,S,56500,700,
000030.SZ,000030,20251209,93208440,0,3046218,0,S,56500,800,
000030.SZ,000030,20251209,93208510,0,3046920,0,S,56400,200,
000030.SZ,000030,20251209,93208550,0,3047332,0,S,56500,800,
000030.SZ,000030,20251209,93208770,0,3049736,0,S,56500,1100,
000030.SZ,000030,20251209,93208990,0,3051772,0,S,56500,1200,
000030.SZ,000030,20251209,93209000,0,3051910,0,S,56400,200,
000030.SZ,000030,20251209,93209000,0,3051979,0,S,56400,1400,
000030.SZ,000030,20251209,93209010,0,3051985,0,S,56300,32100,
000030.SZ,000030,20251209,93209010,0,3052128,0,S,56400,1700,
000030.SZ,000030,20251209,93209020,0,3052132,0,S,56400,800,
000030.SZ,000030,20251209,93209020,0,3052136,0,S,56400,1100,
000030.SZ,000030,20251209,93209020,0,3052138,0,S,56400,1100,
000030.SZ,000030,20251209,93209020,0,3052141,0,S,56400,2200,
000030.SZ,000030,20251209,93209020,0,3052142,0,S,56400,1700,
000030.SZ,000030,20251209,93209020,0,3052145,0,S,56400,6300,
000030.SZ,000030,20251209,93209020,0,3052146,0,S,56400,2200,
000030.SZ,000030,20251209,93209020,0,3052152,0,S,56400,2200,
000030.SZ,000030,20251209,93209030,0,3052370,0,B,56400,100,
000030.SZ,000030,20251209,93209030,0,3052453,0,S,56400,800,
000030.SZ,000030,20251209,93209030,0,3052460,0,S,56400,800,
000030.SZ,000030,20251209,93209030,0,3052484,0,S,56400,1200,
000030.SZ,000030,20251209,93209050,0,3052670,0,S,56400,900,
000030.SZ,000030,20251209,93209070,0,3052881,0,S,56400,800,
000030.SZ,000030,20251209,93209070,0,3052887,0,S,56400,2000,
000030.SZ,000030,20251209,93209070,0,3053020,0,S,56500,4100,
000030.SZ,000030,20251209,93209080,0,3053051,0,S,56400,900,
000030.SZ,000030,20251209,93209100,0,3053338,0,S,56300,1500,
000030.SZ,000030,20251209,93209110,0,3053422,0,S,56500,700,
000030.SZ,000030,20251209,93209110,0,3053427,0,S,56500,400,
000030.SZ,000030,20251209,93209110,0,3053435,0,S,56500,1200,
000030.SZ,000030,20251209,93209120,0,3053537,0,S,56400,2000,
000030.SZ,000030,20251209,93209180,0,3054141,0,S,56400,1900,
000030.SZ,000030,20251209,93209280,0,3055253,0,S,56400,1200,
000030.SZ,000030,20251209,93209310,0,3055552,0,S,56300,1100,
000030.SZ,000030,20251209,93209390,0,3056482,0,S,56400,1800,
000030.SZ,000030,20251209,93209420,0,3056797,0,B,56300,1700,
000030.SZ,000030,20251209,93209440,0,3056954,0,B,56200,100,
000030.SZ,000030,20251209,93209470,0,3057201,0,B,56300,600,
000030.SZ,000030,20251209,93209590,0,3059046,0,B,56200,100,
000030.SZ,000030,20251209,93209700,0,3060562,0,B,56200,100,
000030.SZ,000030,20251209,93210180,0,3065737,0,B,56200,100,
000030.SZ,000030,20251209,93212250,0,3089874,0,S,56400,800,
000030.SZ,000030,20251209,93212360,0,3091516,0,B,56300,800,
000030.SZ,000030,20251209,93212510,0,3093826,0,B,56300,1700,
000030.SZ,000030,20251209,93212530,0,3094154,0,B,56300,200,
000030.SZ,000030,20251209,93212810,0,3098342,0,S,56400,1500,
000030.SZ,000030,20251209,93213520,0,3110997,0,S,56400,800,
000030.SZ,000030,20251209,93213570,0,3111887,0,S,56400,100,
000030.SZ,000030,20251209,93213650,0,3113372,0,S,56400,900,
000030.SZ,000030,20251209,93213980,0,3118810,0,S,56400,1700,
000030.SZ,000030,20251209,93214120,0,3121544,0,S,56400,1200,
000030.SZ,000030,20251209,93214390,0,3125737,0,S,56400,100,
000030.SZ,000030,20251209,93215190,0,3137037,0,S,56400,600,
000030.SZ,000030,20251209,93215200,0,3137135,0,S,56400,100,
000030.SZ,000030,20251209,93215400,0,3140678,0,B,56300,700,
000030.SZ,000030,20251209,93215430,0,3141170,0,B,56300,100,
000030.SZ,000030,20251209,93215470,0,3141950,0,S,56400,100,
000030.SZ,000030,20251209,93215630,0,3145147,0,S,56400,1600,
000030.SZ,000030,20251209,93215750,0,3146825,0,S,56400,1600,
000030.SZ,000030,20251209,93216350,0,3155594,0,S,56500,200,
000030.SZ,000030,20251209,93218700,0,3188869,0,S,62200,300,
000030.SZ,000030,20251209,93220030,0,3205444,0,B,56000,1000,
000030.SZ,000030,20251209,93221250,0,3219162,0,B,56300,1900,
000030.SZ,000030,20251209,93221260,0,3219337,0,S,56400,100,
000030.SZ,000030,20251209,93221640,0,3223895,0,B,56300,3000,
000030.SZ,000030,20251209,93223130,0,3243599,0,S,56300,3000,
000030.SZ,000030,20251209,93223650,0,3249700,0,S,57000,4400,
000030.SZ,000030,20251209,93224150,0,3255364,0,B,56400,700,
000030.SZ,000030,20251209,93224290,0,3256759,0,B,56300,200,
000030.SZ,000030,20251209,93224430,0,3259078,0,S,56500,5000,
000030.SZ,000030,20251209,93224540,0,3260426,0,B,56300,1400,
000030.SZ,000030,20251209,93225010,0,3266519,0,B,56300,100,
000030.SZ,000030,20251209,93225620,0,3275944,0,S,58000,3300,
000030.SZ,000030,20251209,93226560,0,3286940,0,S,56100,2200,
000030.SZ,000030,20251209,93227440,0,3297596,0,B,56300,900,
000030.SZ,000030,20251209,93227880,0,3303169,0,S,56400,1300,
000030.SZ,000030,20251209,93228130,0,3306429,0,S,56400,100,
000030.SZ,000030,20251209,93229420,0,3321786,0,B,56400,700,
000030.SZ,000030,20251209,93230460,0,3333637,0,S,56300,200,
000030.SZ,000030,20251209,93230490,0,3333991,0,B,56300,800,
000030.SZ,000030,20251209,93231700,0,3350113,0,S,56500,200,
000030.SZ,000030,20251209,93232090,0,3355051,0,B,56400,5000,
000030.SZ,000030,20251209,93232100,0,3355089,0,B,56400,100,
000030.SZ,000030,20251209,93232100,0,3355091,0,B,56400,400,
000030.SZ,000030,20251209,93233060,0,3365237,0,S,56400,100,
000030.SZ,000030,20251209,93233070,0,3365359,0,B,56300,900,
000030.SZ,000030,20251209,93233290,0,3368092,0,B,56400,300,
000030.SZ,000030,20251209,93234820,0,3387704,0,B,56300,4400,
000030.SZ,000030,20251209,93235470,0,3395151,0,B,53500,400,
000030.SZ,000030,20251209,93235890,0,3399495,0,S,56400,4900,
000030.SZ,000030,20251209,93236700,0,3410130,0,B,56400,100,
000030.SZ,000030,20251209,93237170,0,3416002,0,B,56400,100,
000030.SZ,000030,20251209,93237440,0,3419544,0,B,56400,100,
000030.SZ,000030,20251209,93237590,0,3421356,0,B,56400,100,
000030.SZ,000030,20251209,93239300,0,3439571,0,B,56300,900,
000030.SZ,000030,20251209,93239450,0,3441730,0,S,56400,200,
000030.SZ,000030,20251209,93241780,0,3468742,0,S,56500,1600,
000030.SZ,000030,20251209,93242300,0,3474530,0,S,56400,600,
000030.SZ,000030,20251209,93242500,0,3476848,0,B,56300,1700,
000030.SZ,000030,20251209,93242730,0,3479395,0,B,56300,700,
000030.SZ,000030,20251209,93242880,0,3481045,0,B,56400,2300,
000030.SZ,000030,20251209,93242890,0,3481087,0,B,56400,100,
000030.SZ,000030,20251209,93242890,0,3481092,0,B,56400,500,
000030.SZ,000030,20251209,93243950,0,3493009,0,S,56400,100,
000030.SZ,000030,20251209,93245680,0,3511385,0,B,56300,200,
000030.SZ,000030,20251209,93245690,0,3511509,0,B,56300,100,
000030.SZ,000030,20251209,93245700,0,3511615,0,S,56300,200,
000030.SZ,000030,20251209,93245900,0,3514055,0,B,56300,600,
000030.SZ,000030,20251209,93248710,0,3542651,0,B,56300,1900,
000030.SZ,000030,20251209,93249190,0,3547612,0,B,56600,300000,
000030.SZ,000030,20251209,93249190,0,3547696,0,B,56400,3500,
000030.SZ,000030,20251209,93249190,0,3547697,0,B,56400,500,
000030.SZ,000030,20251209,93249190,0,3547698,0,S,56700,3600,
000030.SZ,000030,20251209,93249190,0,3547699,0,S,56800,500,
000030.SZ,000030,20251209,93249190,0,3547700,0,S,56600,100,
000030.SZ,000030,20251209,93249190,0,3547703,0,B,56400,7900,
000030.SZ,000030,20251209,93249190,0,3547704,0,S,56700,7900,
000030.SZ,000030,20251209,93249190,0,3547707,0,B,56400,6300,
000030.SZ,000030,20251209,93249190,0,3547708,0,S,56700,6300,
000030.SZ,000030,20251209,93249190,0,3547713,0,S,56800,400,
000030.SZ,000030,20251209,93249190,0,3547720,0,S,56800,400,
000030.SZ,000030,20251209,93249190,0,3547725,0,B,56400,100,
000030.SZ,000030,20251209,93249200,0,3547783,0,S,56600,700,
000030.SZ,000030,20251209,93249210,0,3547858,0,S,56900,1400,
000030.SZ,000030,20251209,93249210,0,3547860,0,B,56400,1700,
000030.SZ,000030,20251209,93249210,0,3547957,0,S,56700,15600,
000030.SZ,000030,20251209,93249210,0,3547958,0,B,56700,3600,
000030.SZ,000030,20251209,93249220,0,3548039,0,S,56700,4900,
000030.SZ,000030,20251209,93249240,0,3548197,0,B,56500,100,
000030.SZ,000030,20251209,93249240,0,3548201,0,S,56800,2400,
000030.SZ,000030,20251209,93249250,0,3548362,0,B,56700,100,
000030.SZ,000030,20251209,93249330,0,3549236,0,B,56500,100,
000030.SZ,000030,20251209,93249430,0,3550722,0,S,56700,900,
000030.SZ,000030,20251209,93249820,0,3555022,0,S,56700,100,
000030.SZ,000030,20251209,93250140,0,3558173,0,S,56800,100,
000030.SZ,000030,20251209,93250140,0,3558174,0,B,56400,100,
000030.SZ,000030,20251209,93250850,0,3564502,0,B,56400,100,
000030.SZ,000030,20251209,93250880,0,3564701,0,B,56400,100,
000030.SZ,000030,20251209,93250920,0,3565083,0,S,56800,100,
000030.SZ,000030,20251209,93250930,0,3565120,0,S,56800,100,
000030.SZ,000030,20251209,93251220,0,3568240,0,S,56800,100,
000030.SZ,000030,20251209,93251220,0,3568241,0,B,56400,100,
000030.SZ,000030,20251209,93251330,0,3569548,0,B,56700,100,
000030.SZ,000030,20251209,93251350,0,3569767,0,S,56500,600,
000030.SZ,000030,20251209,93251360,0,3569863,0,S,56500,40200,
000030.SZ,000030,20251209,93251370,0,3570187,0,S,56700,4900,
000030.SZ,000030,20251209,93251390,0,3570417,0,B,56600,1300,
000030.SZ,000030,20251209,93251450,0,3571304,0,B,56600,1000,
000030.SZ,000030,20251209,93251550,0,3572436,0,B,56600,3200,
000030.SZ,000030,20251209,93251550,0,3572451,0,B,56600,2300,
000030.SZ,000030,20251209,93251910,0,3576951,0,S,57100,200,
000030.SZ,000030,20251209,93251990,0,3578359,0,S,56700,1500,
000030.SZ,000030,20251209,93252280,0,3581853,0,B,56800,3800,
000030.SZ,000030,20251209,93252930,0,3588858,0,B,56600,900,
000030.SZ,000030,20251209,93253370,0,3592875,0,S,56700,1600,
000030.SZ,000030,20251209,93253810,0,3596752,0,S,56400,500,
000030.SZ,000030,20251209,93254210,0,3600370,0,S,56300,2000,
000030.SZ,000030,20251209,93254220,0,3600437,0,B,56700,100,
000030.SZ,000030,20251209,93254230,0,3600548,0,B,56600,1800,
000030.SZ,000030,20251209,93254240,0,3600670,0,B,56300,7000,
000030.SZ,000030,20251209,93254250,0,3600818,0,B,56600,400,
000030.SZ,000030,20251209,93254270,0,3601101,0,B,56600,800,
000030.SZ,000030,20251209,93254270,0,3601106,0,B,56600,1700,
000030.SZ,000030,20251209,93254280,0,3601149,0,B,56600,1700,
000030.SZ,000030,20251209,93254330,0,3601669,0,B,56900,100,
000030.SZ,000030,20251209,93257160,0,3631206,0,S,56600,700,
000030.SZ,000030,20251209,93257330,0,3632984,0,B,56600,1300,
000030.SZ,000030,20251209,93257980,0,3640578,0,B,56600,500,
000030.SZ,000030,20251209,93257980,0,3640595,0,B,56600,3000,
000030.SZ,000030,20251209,93300250,0,3664099,0,S,56700,400,
000030.SZ,000030,20251209,93300250,0,3664102,0,S,56700,400,
000030.SZ,000030,20251209,93300250,0,3664103,0,S,56700,400,
000030.SZ,000030,20251209,93300250,0,3664104,0,S,56700,700,
000030.SZ,000030,20251209,93300250,0,3664110,0,S,56700,400,
000030.SZ,000030,20251209,93300250,0,3664114,0,S,56700,400,
000030.SZ,000030,20251209,93300250,0,3664115,0,S,56700,400,
000030.SZ,000030,20251209,93300250,0,3664116,0,S,56700,400,
000030.SZ,000030,20251209,93300250,0,3664117,0,S,56700,400,
000030.SZ,000030,20251209,93300250,0,3664118,0,S,56700,400,
000030.SZ,000030,20251209,93300250,0,3664123,0,S,56700,400,
000030.SZ,000030,20251209,93300250,0,3664124,0,S,56700,400,
000030.SZ,000030,20251209,93300250,0,3664126,0,S,56700,400,
000030.SZ,000030,20251209,93300250,0,3664127,0,S,56700,400,
000030.SZ,000030,20251209,93300250,0,3664129,0,S,56700,100,
000030.SZ,000030,20251209,93300250,0,3664130,0,S,56700,400,
000030.SZ,000030,20251209,93300250,0,3664131,0,S,56700,400,
000030.SZ,000030,20251209,93300250,0,3664133,0,S,56700,400,
000030.SZ,000030,20251209,93300250,0,3664134,0,S,56700,400,
000030.SZ,000030,20251209,93300250,0,3664135,0,S,56700,400,
000030.SZ,000030,20251209,93300250,0,3664138,0,S,56700,400,
000030.SZ,000030,20251209,93300250,0,3664140,0,S,56700,400,
000030.SZ,000030,20251209,93300250,0,3664141,0,S,56700,400,
000030.SZ,000030,20251209,93300250,0,3664142,0,S,56700,400,
000030.SZ,000030,20251209,93300250,0,3664146,0,S,56700,400,
000030.SZ,000030,20251209,93300250,0,3664149,0,S,56700,1500,
000030.SZ,000030,20251209,93300250,0,3664155,0,S,56700,200,
000030.SZ,000030,20251209,93300250,0,3664156,0,S,56700,400,
000030.SZ,000030,20251209,93300250,0,3664168,0,S,56700,400,
000030.SZ,000030,20251209,93300250,0,3664187,0,S,56700,400,
000030.SZ,000030,20251209,93300250,0,3664193,0,S,56700,400,
000030.SZ,000030,20251209,93300260,0,3664220,0,S,56700,400,
000030.SZ,000030,20251209,93300260,0,3664260,0,S,56700,300,
000030.SZ,000030,20251209,93300260,0,3664262,0,S,56700,200,
000030.SZ,000030,20251209,93300260,0,3664268,0,S,56700,400,
000030.SZ,000030,20251209,93300260,0,3664327,0,S,56700,1900,
000030.SZ,000030,20251209,93300260,0,3664328,0,S,56700,1800,
000030.SZ,000030,20251209,93300310,0,3664822,0,B,56600,800,
000030.SZ,000030,20251209,93300310,0,3664831,0,B,56600,400,
000030.SZ,000030,20251209,93300310,0,3664880,0,B,56600,200,
000030.SZ,000030,20251209,93300330,0,3665251,0,B,56600,400,
000030.SZ,000030,20251209,93300370,0,3665645,0,B,56700,1400,
000030.SZ,000030,20251209,93300380,0,3665788,0,S,56700,400,
000030.SZ,000030,20251209,93300380,0,3665826,0,S,56700,400,
000030.SZ,000030,20251209,93300390,0,3665886,0,S,56700,900,
000030.SZ,000030,20251209,93301000,0,3675287,0,S,56700,1600,
000030.SZ,000030,20251209,93301100,0,3676356,0,S,56700,1000,
000030.SZ,000030,20251209,93302020,0,3686742,0,S,56700,800,
000030.SZ,000030,20251209,93303030,0,3696872,0,S,56700,1100,
000030.SZ,000030,20251209,93303530,0,3702753,0,B,56600,400,
000030.SZ,000030,20251209,93304100,0,3709457,0,B,56500,100,
000030.SZ,000030,20251209,93306200,0,3734199,0,B,56500,100,
000030.SZ,000030,20251209,93306210,0,3734294,0,B,56600,100,
000030.SZ,000030,20251209,93307790,0,3753775,0,S,56700,100,
000030.SZ,000030,20251209,93308070,0,3756467,0,S,62000,200,
000030.SZ,000030,20251209,93308640,0,3763062,0,S,56700,100,
000030.SZ,000030,20251209,93309110,0,3768416,0,B,57100,100,
000030.SZ,000030,20251209,93309330,0,3771066,0,B,56600,600,
000030.SZ,000030,20251209,93309340,0,3771203,0,B,56600,900,
000030.SZ,000030,20251209,93309350,0,3771318,0,B,56600,1600,
000030.SZ,000030,20251209,93309620,0,3774402,0,S,56900,100,
000030.SZ,000030,20251209,93310360,0,3782573,0,S,56700,100,
000030.SZ,000030,20251209,93310630,0,3785636,0,B,56500,100,
000030.SZ,000030,20251209,93311620,0,3795136,0,S,56900,100,
000030.SZ,000030,20251209,93311740,0,3796069,0,S,56700,100,
000030.SZ,000030,20251209,93312380,0,3801881,0,B,56600,200,
000030.SZ,000030,20251209,93313460,0,3813446,0,B,56600,2400,
000030.SZ,000030,20251209,93314570,0,3825098,0,B,56600,2100,
000030.SZ,000030,20251209,93314590,0,3825244,0,S,56500,600,
000030.SZ,000030,20251209,93315030,0,3829139,0,B,56600,900,
000030.SZ,000030,20251209,93315250,0,3831509,0,B,56600,100,
000030.SZ,000030,20251209,93315260,0,3831648,0,B,56600,700,
000030.SZ,000030,20251209,93316830,0,3848576,0,S,57400,8000,
000030.SZ,000030,20251209,93316910,0,3849236,0,B,56600,100,
000030.SZ,000030,20251209,93319370,0,3873444,0,B,56700,800,
000030.SZ,000030,20251209,93321220,0,3891011,0,B,56600,1800,
000030.SZ,000030,20251209,93321600,0,3894783,0,S,56700,700,
000030.SZ,000030,20251209,93321770,0,3896396,0,B,56600,1300,
000030.SZ,000030,20251209,93321900,0,3897949,0,S,56700,400,
000030.SZ,000030,20251209,93321980,0,3898673,0,S,56700,1600,
000030.SZ,000030,20251209,93322220,0,3900976,0,S,56700,100,
000030.SZ,000030,20251209,93323380,0,3912024,0,S,56700,200,
000030.SZ,000030,20251209,93323440,0,3912520,0,S,56900,100,
000030.SZ,000030,20251209,93323490,0,3912996,0,S,56600,200,
000030.SZ,000030,20251209,93324220,0,3919207,0,B,56600,1200,
000030.SZ,000030,20251209,93324290,0,3920134,0,S,56700,200,
000030.SZ,000030,20251209,93324300,0,3920191,0,B,56600,800,
000030.SZ,000030,20251209,93324310,0,3920283,0,B,56600,200,
000030.SZ,000030,20251209,93325020,0,3927919,0,S,56600,200,
000030.SZ,000030,20251209,93325520,0,3933246,0,S,56700,400,
000030.SZ,000030,20251209,93327870,0,3955537,0,B,56700,1100,
000030.SZ,000030,20251209,93327920,0,3956050,0,B,56600,100,
000030.SZ,000030,20251209,93328400,0,3961783,0,S,56600,29200,
000030.SZ,000030,20251209,93328400,0,3961848,0,S,56600,16900,
000030.SZ,000030,20251209,93328400,0,3961895,0,S,56600,6900,
000030.SZ,000030,20251209,93328400,0,3961918,0,S,56700,1800,
000030.SZ,000030,20251209,93328410,0,3961934,0,B,56500,500,
000030.SZ,000030,20251209,93328410,0,3961952,0,S,56600,300,
000030.SZ,000030,20251209,93328410,0,3961958,0,S,56700,4900,
000030.SZ,000030,20251209,93328410,0,3961997,0,B,56600,200,
000030.SZ,000030,20251209,93328410,0,3962007,0,B,56600,300,
000030.SZ,000030,20251209,93328410,0,3962011,0,B,56600,400,
000030.SZ,000030,20251209,93328420,0,3962037,0,B,56500,1800,
000030.SZ,000030,20251209,93328420,0,3962039,0,B,56500,1400,
000030.SZ,000030,20251209,93328420,0,3962065,0,B,56600,100,
000030.SZ,000030,20251209,93328430,0,3962144,0,B,56600,1600,
000030.SZ,000030,20251209,93328430,0,3962151,0,B,56600,200,
000030.SZ,000030,20251209,93328430,0,3962153,0,B,56600,400,
000030.SZ,000030,20251209,93328430,0,3962191,0,B,56600,100,
000030.SZ,000030,20251209,93328440,0,3962276,0,S,56900,100,
000030.SZ,000030,20251209,93328450,0,3962346,0,S,56600,800,
000030.SZ,000030,20251209,93328680,0,3964685,0,S,56600,1700,
000030.SZ,000030,20251209,93328720,0,3965016,0,S,56600,2400,
000030.SZ,000030,20251209,93329640,0,3972637,0,B,56500,100,
000030.SZ,000030,20251209,93329720,0,3973230,0,B,56600,300,
000030.SZ,000030,20251209,93329750,0,3973519,0,B,56600,1100,
000030.SZ,000030,20251209,93329760,0,3973590,0,B,56600,100,
000030.SZ,000030,20251209,93329760,0,3973592,0,B,56600,200,
000030.SZ,000030,20251209,93329760,0,3973594,0,B,56600,300,
000030.SZ,000030,20251209,93329970,0,3975341,0,B,56600,200,
000030.SZ,000030,20251209,93330000,0,3975602,0,B,56600,700,
000030.SZ,000030,20251209,93330270,0,3978443,0,B,56500,900,
000030.SZ,000030,20251209,93330890,0,3984897,0,B,56600,1800,
000030.SZ,000030,20251209,93330900,0,3984937,0,B,56600,100,
000030.SZ,000030,20251209,93331000,0,3985808,0,B,56600,300,
000030.SZ,000030,20251209,93331610,0,3992076,0,S,56700,4000,
000030.SZ,000030,20251209,93332280,0,3998201,0,S,56600,900,
000030.SZ,000030,20251209,93332340,0,3998646,0,S,56600,300,
000030.SZ,000030,20251209,93332340,0,3998649,0,S,56600,300,
000030.SZ,000030,20251209,93332970,0,4004084,0,B,56500,23700,
000030.SZ,000030,20251209,93332980,0,4004126,0,B,56600,300,
000030.SZ,000030,20251209,93333000,0,4004306,0,B,56600,700,
000030.SZ,000030,20251209,93333000,0,4004347,0,B,56600,600,
000030.SZ,000030,20251209,93336970,0,4040814,0,B,56500,300,
000030.SZ,000030,20251209,93337680,0,4048169,0,S,62300,6000,
000030.SZ,000030,20251209,93338210,0,4053132,0,S,56900,100,
000030.SZ,000030,20251209,93338220,0,4053322,0,S,56900,100,
000030.SZ,000030,20251209,93338240,0,4053899,0,S,56900,100,
000030.SZ,000030,20251209,93338250,0,4053923,0,S,56900,100,
000030.SZ,000030,20251209,93339260,0,4063048,0,S,57400,9200,
000030.SZ,000030,20251209,93339370,0,4064327,0,B,56500,700,
000030.SZ,000030,20251209,93339760,0,4068405,0,B,55800,5000,
000030.SZ,000030,20251209,93339970,0,4070546,0,S,56700,1500,
000030.SZ,000030,20251209,93339980,0,4070664,0,S,56700,3000,
000030.SZ,000030,20251209,93341380,0,4086370,0,S,57200,11400,
000030.SZ,000030,20251209,93342110,0,4092973,0,S,57000,3000,
000030.SZ,000030,20251209,93342150,0,4093269,0,B,56500,1000,
000030.SZ,000030,20251209,93342180,0,4093590,0,S,56500,100,
000030.SZ,000030,20251209,93342270,0,4094717,0,B,56500,900,
000030.SZ,000030,20251209,93342280,0,4094825,0,B,56700,1200,
000030.SZ,000030,20251209,93342280,0,4094899,0,B,56500,200,
000030.SZ,000030,20251209,93342530,0,4097758,0,B,56500,1300,
000030.SZ,000030,20251209,93342880,0,4101441,0,B,56500,900,
000030.SZ,000030,20251209,93344020,0,4114217,0,S,57600,4800,
000030.SZ,000030,20251209,93345330,0,4126231,0,B,56500,700,
000030.SZ,000030,20251209,93345900,0,4132215,0,S,56700,100,
000030.SZ,000030,20251209,93346810,0,4142254,0,S,58900,2000,
000030.SZ,000030,20251209,93347270,0,4146585,0,S,56900,5000,
000030.SZ,000030,20251209,93347310,0,4147078,0,S,57500,200,
000030.SZ,000030,20251209,93348140,0,4155160,0,S,56700,100,
000030.SZ,000030,20251209,93350310,0,4178528,0,B,56500,600,
000030.SZ,000030,20251209,93350320,0,4178593,0,B,56500,400,
000030.SZ,000030,20251209,93350440,0,4179609,0,S,57600,10000,
000030.SZ,000030,20251209,93350760,0,4182291,0,B,56500,400,
000030.SZ,000030,20251209,93350810,0,4182814,0,B,56500,400,
000030.SZ,000030,20251209,93351160,0,4185871,0,S,56700,1900,
000030.SZ,000030,20251209,93351220,0,4186524,0,B,56500,1700,
000030.SZ,000030,20251209,93351220,0,4186536,0,B,56500,1200,
000030.SZ,000030,20251209,93353100,0,4205539,0,B,56500,1000,
000030.SZ,000030,20251209,93355320,0,4227284,0,S,56700,100,
000030.SZ,000030,20251209,93355900,0,4232774,0,S,56700,900,
000030.SZ,000030,20251209,93356810,0,4240592,0,S,61300,2500,
000030.SZ,000030,20251209,93356820,0,4240654,0,S,56600,1300,
000030.SZ,000030,20251209,93356830,0,4240713,0,B,56600,1300,
000030.SZ,000030,20251209,93357350,0,4244941,0,B,56500,900,
000030.SZ,000030,20251209,93357360,0,4245020,0,B,56500,100,
000030.SZ,000030,20251209,93357810,0,4249830,0,S,56700,1700,
000030.SZ,000030,20251209,93357970,0,4251479,0,S,56700,1600,
000030.SZ,000030,20251209,93359710,0,4267851,0,B,56500,900,
000030.SZ,000030,20251209,93400170,0,4271648,0,S,56700,200,
000030.SZ,000030,20251209,93400250,0,4272363,0,S,56700,100,
000030.SZ,000030,20251209,93400320,0,4273321,0,B,56500,800,
000030.SZ,000030,20251209,93400380,0,4274193,0,B,56500,1000,
000030.SZ,000030,20251209,93400550,0,4277173,0,B,56600,500,
000030.SZ,000030,20251209,93401090,0,4284044,0,S,56700,1100,
000030.SZ,000030,20251209,93401210,0,4285247,0,B,56700,3500,
000030.SZ,000030,20251209,93401360,0,4286915,0,S,57900,10000,
000030.SZ,000030,20251209,93401860,0,4292503,0,S,56900,700,
000030.SZ,000030,20251209,93403160,0,4304182,0,S,57200,2000,
000030.SZ,000030,20251209,93403560,0,4308485,0,B,56800,3800,
000030.SZ,000030,20251209,93403590,0,4308922,0,S,56700,900,
000030.SZ,000030,20251209,93403770,0,4311027,0,B,56600,100,
000030.SZ,000030,20251209,93403890,0,4312217,0,B,56600,100,
000030.SZ,000030,20251209,93404170,0,4314930,0,B,56600,400,
000030.SZ,000030,20251209,93404370,0,4317160,0,B,56600,200,
000030.SZ,000030,20251209,93405150,0,4324364,0,S,56700,200,
000030.SZ,000030,20251209,93405420,0,4327124,0,B,56600,1500,
000030.SZ,000030,20251209,93405660,0,4329347,0,S,56900,400,
000030.SZ,000030,20251209,93406080,0,4333246,0,B,56600,100,
000030.SZ,000030,20251209,93406230,0,4334791,0,B,56600,1700,
000030.SZ,000030,20251209,93406230,0,4334796,0,B,56600,1200,
000030.SZ,000030,20251209,93406260,0,4335144,0,B,56600,900,
000030.SZ,000030,20251209,93406290,0,4335566,0,B,56600,500,
000030.SZ,000030,20251209,93406580,0,4338375,0,B,56600,600,
000030.SZ,000030,20251209,93406580,0,4338378,0,B,56600,600,
000030.SZ,000030,20251209,93406580,0,4338423,0,B,55700,1000,
000030.SZ,000030,20251209,93406590,0,4338491,0,B,56600,100,
000030.SZ,000030,20251209,93406660,0,4339178,0,B,56600,400,
000030.SZ,000030,20251209,93406800,0,4340480,0,B,56600,100,
000030.SZ,000030,20251209,93407020,0,4342402,0,B,56600,1000,
000030.SZ,000030,20251209,93407890,0,4351635,0,S,58900,3000,
000030.SZ,000030,20251209,93408230,0,4354767,0,S,59200,4000,
000030.SZ,000030,20251209,93408320,0,4355569,0,B,56300,4000,
000030.SZ,000030,20251209,93408500,0,4357345,0,B,56600,1400,
000030.SZ,000030,20251209,93408800,0,4359818,0,B,56600,100,
000030.SZ,000030,20251209,93409200,0,4363559,0,B,56600,1500,
000030.SZ,000030,20251209,93409280,0,4364260,0,B,56600,1000,
000030.SZ,000030,20251209,93409330,0,4364892,0,B,56600,700,
000030.SZ,000030,20251209,93409560,0,4366913,0,B,56700,11700,
000030.SZ,000030,20251209,93409570,0,4367178,0,B,56700,800,
000030.SZ,000030,20251209,93409570,0,4367181,0,B,56700,100,
000030.SZ,000030,20251209,93409570,0,4367184,0,B,56600,200,
000030.SZ,000030,20251209,93409570,0,4367186,0,B,56600,100,
000030.SZ,000030,20251209,93409570,0,4367190,0,B,56700,100,
000030.SZ,000030,20251209,93409810,0,4369500,0,S,56700,1000,
000030.SZ,000030,20251209,93410010,0,4371020,0,B,56700,600,
000030.SZ,000030,20251209,93410480,0,4375931,0,B,56600,200,
000030.SZ,000030,20251209,93410920,0,4379709,0,B,56600,100,
000030.SZ,000030,20251209,93411050,0,4380949,0,B,56600,5000,
000030.SZ,000030,20251209,93411340,0,4383513,0,B,56600,100,
000030.SZ,000030,20251209,93411510,0,4385265,0,B,56600,300,
000030.SZ,000030,20251209,93411600,0,4386060,0,B,56600,100,
000030.SZ,000030,20251209,93411620,0,4386303,0,B,56600,300,
000030.SZ,000030,20251209,93412000,0,4389543,0,B,56600,200,
000030.SZ,000030,20251209,93412180,0,4391022,0,B,56600,17700,
000030.SZ,000030,20251209,93412190,0,4391112,0,S,56700,400,
000030.SZ,000030,20251209,93412250,0,4391816,0,B,56600,2500,
000030.SZ,000030,20251209,93412350,0,4392854,0,B,56600,900,
000030.SZ,000030,20251209,93412380,0,4393034,0,B,56600,100,
000030.SZ,000030,20251209,93412390,0,4393129,0,B,56600,400,
000030.SZ,000030,20251209,93412390,0,4393162,0,B,56600,1300,
000030.SZ,000030,20251209,93412400,0,4393231,0,S,56700,100,
000030.SZ,000030,20251209,93412890,0,4397830,0,S,56400,1200,
000030.SZ,000030,20251209,93412890,0,4397880,0,S,56800,200,
000030.SZ,000030,20251209,93412890,0,4397882,0,S,56800,200,
000030.SZ,000030,20251209,93412990,0,4398609,0,S,56700,1500,
000030.SZ,000030,20251209,93413080,0,4399699,0,S,56700,1000,
000030.SZ,000030,20251209,93413110,0,4399921,0,S,56700,900,
000030.SZ,000030,20251209,93413740,0,4406038,0,B,51800,500,
000030.SZ,000030,20251209,93413780,0,4406434,0,B,56600,29300,
000030.SZ,000030,20251209,93414900,0,4416198,0,S,56500,700,
000030.SZ,000030,20251209,93415270,0,4419561,0,S,56800,300,
000030.SZ,000030,20251209,93415270,0,4419562,0,S,56800,300,
000030.SZ,000030,20251209,93415280,0,4419655,0,B,56600,200,
000030.SZ,000030,20251209,93415310,0,4419952,0,B,56600,800,
000030.SZ,000030,20251209,93415600,0,4422770,0,B,56600,300,
000030.SZ,000030,20251209,93416000,0,4426855,0,B,56600,300,
000030.SZ,000030,20251209,93416000,0,4426894,0,S,56800,300,
000030.SZ,000030,20251209,93416000,0,4426896,0,S,56800,300,
000030.SZ,000030,20251209,93416250,0,4429504,0,S,58600,100,
000030.SZ,000030,20251209,93416440,0,4431375,0,B,56600,500,
000030.SZ,000030,20251209,93418140,0,4445922,0,S,56900,100,
000030.SZ,000030,20251209,93418520,0,4450007,0,B,56600,600,
000030.SZ,000030,20251209,93418540,0,4450132,0,B,56600,300,
000030.SZ,000030,20251209,93418990,0,4454308,0,S,56700,1500,
000030.SZ,000030,20251209,93419000,0,4454383,0,B,56600,600,
000030.SZ,000030,20251209,93419320,0,4457570,0,B,56100,5000,
000030.SZ,000030,20251209,93420580,0,4469216,0,S,58300,3000,
000030.SZ,000030,20251209,93420650,0,4469764,0,S,60100,2000,
000030.SZ,000030,20251209,93421300,0,4475307,0,B,56600,1500,
000030.SZ,000030,20251209,93421320,0,4475539,0,S,56700,200,
000030.SZ,000030,20251209,93421910,0,4481612,0,S,56700,900,
000030.SZ,000030,20251209,93421970,0,4482193,0,S,56700,1100,
000030.SZ,000030,20251209,93421990,0,4482410,0,S,56700,1500,
000030.SZ,000030,20251209,93422040,0,4482944,0,S,56700,1800,
000030.SZ,000030,20251209,93422800,0,4490192,0,S,56700,1000,
000030.SZ,000030,20251209,93422950,0,4491244,0,B,56600,100,
000030.SZ,000030,20251209,93424290,0,4502446,0,B,56600,200,
000030.SZ,000030,20251209,93424290,0,4502499,0,B,56600,800,
000030.SZ,000030,20251209,93424330,0,4502900,0,B,56600,1100,
000030.SZ,000030,20251209,93424440,0,4504003,0,S,57000,1000,
000030.SZ,000030,20251209,93424800,0,4507388,0,S,56700,900,
000030.SZ,000030,20251209,93424920,0,4508512,0,S,56700,100,
000030.SZ,000030,20251209,93424970,0,4508930,0,S,56700,1600,
000030.SZ,000030,20251209,93424980,0,4508974,0,S,56700,2000,
000030.SZ,000030,20251209,93425230,0,4511288,0,B,57100,1800,
000030.SZ,000030,20251209,93425700,0,4515939,0,S,59700,100,
000030.SZ,000030,20251209,93427000,0,4526280,0,S,56600,200,
000030.SZ,000030,20251209,93428800,0,4542658,0,S,56700,1700,
000030.SZ,000030,20251209,93428830,0,4542879,0,S,56700,1600,
000030.SZ,000030,20251209,93429040,0,4544647,0,S,56700,900,
000030.SZ,000030,20251209,93429920,0,4551612,0,B,56600,2300,
000030.SZ,000030,20251209,93430240,0,4554683,0,B,56600,800,
000030.SZ,000030,20251209,93430460,0,4556454,0,S,56700,1000,
000030.SZ,000030,20251209,93430500,0,4556946,0,S,57100,5000,
000030.SZ,000030,20251209,93432540,0,4575901,0,S,56900,500,
000030.SZ,000030,20251209,93433090,0,4580300,0,S,56600,1800,
000030.SZ,000030,20251209,93433090,0,4580328,0,B,56700,100,
000030.SZ,000030,20251209,93433100,0,4580354,0,S,56700,1400,
000030.SZ,000030,20251209,93434350,0,4592534,0,S,56700,100,
000030.SZ,000030,20251209,93435390,0,4600827,1,B,0,15200,
000030.SZ,000030,20251209,93436020,0,4605387,0,B,56700,500,
000030.SZ,000030,20251209,93436480,0,4609665,0,B,56600,1000,
000030.SZ,000030,20251209,93436530,0,4610198,0,S,56700,200,
000030.SZ,000030,20251209,93437290,0,4616926,0,S,57500,23000,
000030.SZ,000030,20251209,93437300,0,4616999,0,B,56700,900,
000030.SZ,000030,20251209,93437380,0,4617924,0,S,56700,100,
000030.SZ,000030,20251209,93437490,0,4619062,0,S,56700,900,
000030.SZ,000030,20251209,93437840,0,4621562,0,S,56200,500,
000030.SZ,000030,20251209,93438010,0,4622876,0,B,56700,300,
000030.SZ,000030,20251209,93438030,0,4623027,0,B,56600,1000,
000030.SZ,000030,20251209,93438770,0,4628890,0,S,56700,1500,
000030.SZ,000030,20251209,93439210,0,4632452,0,S,57000,5000,
000030.SZ,000030,20251209,93439370,0,4633929,0,B,56600,600,
000030.SZ,000030,20251209,93439380,0,4633999,0,B,56600,900,
000030.SZ,000030,20251209,93439750,0,4637152,0,S,56700,100,
000030.SZ,000030,20251209,93439800,0,4637508,0,S,56700,1000,
000030.SZ,000030,20251209,93439830,0,4637648,0,S,56700,1000,
000030.SZ,000030,20251209,93439980,0,4638839,0,S,56700,1500,
000030.SZ,000030,20251209,93440390,0,4642644,0,S,62200,200,
000030.SZ,000030,20251209,93442320,0,4658752,0,B,56600,1300,
000030.SZ,000030,20251209,93442380,0,4659434,0,B,56700,800,
000030.SZ,000030,20251209,93442440,0,4660138,0,S,56700,1000,
000030.SZ,000030,20251209,93443080,0,4665255,0,S,56700,900,
000030.SZ,000030,20251209,93443570,0,4669767,0,S,56700,1600,
000030.SZ,000030,20251209,93444060,0,4673988,0,S,56700,900,
000030.SZ,000030,20251209,93444550,0,4678047,0,S,62300,10000,
000030.SZ,000030,20251209,93444660,0,4678920,0,B,56700,10000,
000030.SZ,000030,20251209,93445400,0,4684963,0,B,56600,700,
000030.SZ,000030,20251209,93445430,0,4685206,0,S,58000,1000,
