万得代码,交易所代码,自然日,时间,成交编号,成交代码,委托代码,BS标志,成交价格,成交数量,叫卖序号,叫买序号,
000030.SZ,000030,20251209,91606400,307162,C,0, ,0,100,0,307160,
000030.SZ,000030,20251209,91818750,346828,C,0, ,0,10700,0,209095,
000030.SZ,000030,20251209,91819310,347037,C,0, ,0,400,0,257724,
000030.SZ,000030,20251209,91820600,347500,C,0, ,0,11300,241890,0,
000030.SZ,000030,20251209,91924700,371454,C,0, ,0,7800,0,298264,
000030.SZ,000030,20251209,91941520,378154,C,0, ,0,10800,0,350675,
000030.SZ,000030,20251209,91950970,382158,C,0, ,0,300,291880,0,
000030.SZ,000030,20251209,92500000,568331,0,0,B,56500,100,290812,364753,
000030.SZ,000030,20251209,92500000,568332,0,0,B,56500,100,290812,323846,
000030.SZ,000030,20251209,92500000,568333,0,0,S,56500,2400,381088,323846,
000030.SZ,000030,20251209,92500000,568334,0,0,B,56500,200,381088,498267,
000030.SZ,000030,20251209,92500000,568335,0,0,B,56500,5000,381088,550094,
000030.SZ,000030,20251209,92500000,568336,0,0,B,56500,100,290341,550094,
000030.SZ,000030,20251209,92500000,568337,0,0,S,56500,5900,561235,550094,
000030.SZ,000030,20251209,92500000,568338,0,0,B,56500,600,544449,550094,
000030.SZ,000030,20251209,92500000,568339,0,0,B,56500,100,549286,550094,
000030.SZ,000030,20251209,92500000,568340,0,0,S,56500,300,553024,550094,
000030.SZ,000030,20251209,92500000,568341,0,0,B,56500,400,469685,550094,
000030.SZ,000030,20251209,92500000,568342,0,0,B,56500,300,386693,550094,
000030.SZ,000030,20251209,92500000,568343,0,0,B,56500,14200,438174,550094,
000030.SZ,000030,20251209,92500000,568344,0,0,B,56500,700,438174,565583,
000030.SZ,000030,20251209,92500000,568345,0,0,B,56500,16900,438174,565693,
000030.SZ,000030,20251209,92500000,568346,0,0,B,56500,700,438174,562356,
000030.SZ,000030,20251209,92500000,568347,0,0,B,56500,600,438174,547435,
000030.SZ,000030,20251209,92500000,568348,0,0,B,56500,900,438174,566489,
000030.SZ,000030,20251209,92500000,568349,0,0,S,56500,900,438174,2616,
000030.SZ,000030,20251209,92500000,568350,0,0,B,56500,5900,438174,541901,
000030.SZ,000030,20251209,92500000,568351,0,0,B,56500,100,438174,540117,
000030.SZ,000030,20251209,92500000,568352,0,0,B,56500,200,438174,549084,
000030.SZ,000030,20251209,92500000,568353,0,0,B,56500,1000,438174,550248,
000030.SZ,000030,20251209,92500000,568354,0,0,B,56500,2300,438174,550735,
000030.SZ,000030,20251209,92500000,568355,0,0,B,56500,2400,438174,563003,
000030.SZ,000030,20251209,92500000,568356,0,0,B,56500,3100,438174,563068,
000030.SZ,000030,20251209,92500000,568357,0,0,B,56500,2300,438174,563236,
000030.SZ,000030,20251209,92500000,568358,0,0,B,56500,1200,438174,563282,
000030.SZ,000030,20251209,92500000,568359,0,0,B,56500,2400,438174,563504,
000030.SZ,000030,20251209,92500000,568360,0,0,S,56500,1000,438174,16236,
000030.SZ,000030,20251209,92500000,568361,0,0,S,56500,1900,438174,260396,
000030.SZ,000030,20251209,92500000,568362,0,0,B,56500,3000,438174,543346,
000030.SZ,000030,20251209,92500000,568363,0,0,B,56500,8700,438174,543610,
000030.SZ,000030,20251209,92500000,568364,0,0,B,56500,1000,438174,543795,
000030.SZ,000030,20251209,92500000,568365,0,0,B,56500,4900,438174,544144,
000030.SZ,000030,20251209,92500000,568366,0,0,B,56500,2100,438174,546300,
000030.SZ,000030,20251209,92500000,568367,0,0,B,56500,100,474091,546300,
000030.SZ,000030,20251209,92500000,568368,0,0,S,56500,200,550264,546300,
000030.SZ,000030,20251209,92500000,568369,0,0,S,56500,200,555671,546300,
000030.SZ,000030,20251209,92500000,568370,0,0,B,56500,400,8962,546300,
000030.SZ,000030,20251209,92500000,568371,0,0,B,56500,2400,115482,546300,
000030.SZ,000030,20251209,92500000,568372,0,0,B,56500,200,136609,546300,
000030.SZ,000030,20251209,93000040,674958,0,0,B,56600,100,207000,674957,
000030.SZ,000030,20251209,93000050,680232,0,0,S,56500,200,680231,546300,
000030.SZ,000030,20251209,93000050,680650,C,0, ,0,7100,0,527503,
000030.SZ,000030,20251209,93000050,680812,0,0,S,56500,3000,680811,546300,
000030.SZ,000030,20251209,93000050,680813,0,0,S,56500,900,680811,563881,
000030.SZ,000030,20251209,93000060,690533,C,0, ,0,8800,0,552590,
000030.SZ,000030,20251209,93000060,692586,C,0, ,0,53200,0,565296,
000030.SZ,000030,20251209,93000070,698109,0,0,S,56500,100,698108,563881,
000030.SZ,000030,20251209,93000180,758545,0,0,S,56500,2700,758544,563881,
000030.SZ,000030,20251209,93000220,772296,0,0,S,56500,1700,772295,563881,
000030.SZ,000030,20251209,93000470,836957,0,0,S,56500,1600,836956,563881,
000030.SZ,000030,20251209,93000470,836974,C,0, ,0,100,0,555591,
000030.SZ,000030,20251209,93000470,837075,0,0,B,56600,100,408637,837074,
000030.SZ,000030,20251209,93000540,849745,0,0,B,56600,100,408637,849744,
000030.SZ,000030,20251209,93000540,849747,0,0,B,56600,100,408637,849746,
000030.SZ,000030,20251209,93000540,849749,0,0,B,56600,100,408637,849748,
000030.SZ,000030,20251209,93000570,854426,0,0,S,56500,300,854425,563881,
000030.SZ,000030,20251209,93000590,858433,C,0, ,0,2100,0,564587,
000030.SZ,000030,20251209,93000800,894547,0,0,B,56600,3100,408637,894546,
000030.SZ,000030,20251209,93000820,896468,0,0,B,56600,1000,408637,896467,
000030.SZ,000030,20251209,93000840,899692,0,0,S,56500,100,899691,563881,
000030.SZ,000030,20251209,93000840,900037,0,0,S,56500,100,900036,563881,
000030.SZ,000030,20251209,93000850,901500,0,0,S,56500,100,901499,563881,
000030.SZ,000030,20251209,93000850,902397,C,0, ,0,200,0,555702,
000030.SZ,000030,20251209,93000860,902663,C,0, ,0,1700,0,519199,
000030.SZ,000030,20251209,93000930,914258,0,0,B,56600,200,408637,914257,
000030.SZ,000030,20251209,93000950,916920,0,0,S,56500,2100,916919,563881,
000030.SZ,000030,20251209,93000950,916928,0,0,S,56500,100,916927,563881,
000030.SZ,000030,20251209,93000950,916947,0,0,S,56500,100,916946,563881,
000030.SZ,000030,20251209,93000950,916950,0,0,S,56500,100,916949,563881,
000030.SZ,000030,20251209,93000950,916959,0,0,S,56500,300,916958,563881,
000030.SZ,000030,20251209,93000950,916978,0,0,S,56500,1600,916977,563881,
000030.SZ,000030,20251209,93000950,916979,0,0,S,56500,100,916977,677075,
000030.SZ,000030,20251209,93000950,916983,0,0,S,56500,100,916982,677075,
000030.SZ,000030,20251209,93000950,916986,0,0,S,56500,100,916985,677075,
000030.SZ,000030,20251209,93000970,919555,0,0,S,56500,2900,919554,677075,
000030.SZ,000030,20251209,93000970,919556,0,0,S,56500,700,919554,680538,
000030.SZ,000030,20251209,93000970,919557,0,0,S,56500,400,919554,789229,
000030.SZ,000030,20251209,93000970,919558,0,0,S,56500,300,919554,807461,
000030.SZ,000030,20251209,93000970,919559,0,0,S,56500,13100,919554,822276,
000030.SZ,000030,20251209,93000980,921373,0,0,S,56500,100,921372,822276,
000030.SZ,000030,20251209,93001030,930362,0,0,B,56600,600,408637,930361,
000030.SZ,000030,20251209,93001150,946468,0,0,B,56600,800,408637,946467,
000030.SZ,000030,20251209,93001150,946689,0,0,B,56600,300,408637,946688,
000030.SZ,000030,20251209,93001180,950515,C,0, ,0,100,0,555740,
000030.SZ,000030,20251209,93001290,960974,0,0,S,56500,2900,960973,822276,
000030.SZ,000030,20251209,93001290,961090,0,0,B,56600,400,408637,961089,
000030.SZ,000030,20251209,93001300,961399,0,0,S,56500,100,961398,822276,
000030.SZ,000030,20251209,93001310,962813,0,0,S,56500,100,962812,822276,
000030.SZ,000030,20251209,93001380,967812,0,0,S,56500,400,967811,822276,
000030.SZ,000030,20251209,93001400,969431,0,0,S,56500,2000,969430,822276,
000030.SZ,000030,20251209,93001400,969748,0,0,S,56500,900,969747,822276,
000030.SZ,000030,20251209,93001400,969887,0,0,S,56500,900,969886,822276,
000030.SZ,000030,20251209,93001580,984928,0,0,S,56500,1000,984927,822276,
000030.SZ,000030,20251209,93001590,985521,0,0,B,56600,200,408637,985520,
000030.SZ,000030,20251209,93001900,1012010,0,0,S,56500,100,1012009,822276,
000030.SZ,000030,20251209,93001900,1012053,0,0,S,56500,100,1012052,822276,
000030.SZ,000030,20251209,93001910,1013800,0,0,S,56500,600,1013799,822276,
000030.SZ,000030,20251209,93001920,1014161,0,0,S,56500,100,1014160,822276,
000030.SZ,000030,20251209,93002060,1030833,0,0,S,56500,1900,1030832,822276,
000030.SZ,000030,20251209,93002100,1034932,0,0,S,56500,600,1034931,822276,
000030.SZ,000030,20251209,93002210,1043921,0,0,S,56500,1700,1043920,822276,
000030.SZ,000030,20251209,93002570,1065356,0,0,S,56500,1500,1065355,822276,
000030.SZ,000030,20251209,93002580,1066726,0,0,S,56500,400,1066725,822276,
000030.SZ,000030,20251209,93003150,1104725,0,0,S,56500,200,1104724,822276,
000030.SZ,000030,20251209,93003150,1104751,0,0,S,56500,1800,1104750,822276,
000030.SZ,000030,20251209,93003150,1104771,0,0,S,56500,300,1104770,822276,
000030.SZ,000030,20251209,93003150,1104809,0,0,S,56500,200,1104808,822276,
000030.SZ,000030,20251209,93003150,1104812,0,0,S,56500,400,1104811,822276,
000030.SZ,000030,20251209,93003150,1104878,0,0,S,56500,100,1104877,822276,
000030.SZ,000030,20251209,93003150,1104929,0,0,S,56500,400,1104928,822276,
000030.SZ,000030,20251209,93003150,1105055,0,0,S,56500,400,1105054,822276,
000030.SZ,000030,20251209,93003170,1106745,0,0,S,56500,100,1106744,822276,
000030.SZ,000030,20251209,93003180,1107529,0,0,S,56500,800,1107528,834692,
000030.SZ,000030,20251209,93003180,1107530,0,0,S,56500,100,1107528,838509,
000030.SZ,000030,20251209,93003440,1121047,C,0, ,0,100,289082,0,
000030.SZ,000030,20251209,93003580,1128253,C,0, ,0,1800,0,462694,
000030.SZ,000030,20251209,93003890,1145152,0,0,S,56500,100,1145151,838509,
000030.SZ,000030,20251209,93004720,1183122,0,0,S,56500,100,1183121,838509,
000030.SZ,000030,20251209,93004770,1185562,0,0,S,56500,100,1185561,848225,
000030.SZ,000030,20251209,93004770,1185563,0,0,S,56500,100,1185561,881661,
000030.SZ,000030,20251209,93004770,1185564,0,0,S,56500,900,1185561,960242,
000030.SZ,000030,20251209,93004810,1186732,0,0,S,56500,200,1186731,960242,
000030.SZ,000030,20251209,93004810,1186734,0,0,S,56500,500,1186733,960242,
000030.SZ,000030,20251209,93004870,1188922,0,0,S,56500,200,1188921,960242,
000030.SZ,000030,20251209,93004870,1188923,0,0,S,56500,900,1188921,966618,
000030.SZ,000030,20251209,93004870,1188924,0,0,S,56500,400,1188921,985027,
000030.SZ,000030,20251209,93004870,1189014,0,0,S,56500,800,1189013,985027,
000030.SZ,000030,20251209,93004870,1189015,0,0,S,56500,100,1189013,1024836,
000030.SZ,000030,20251209,93004870,1189016,0,0,S,56500,100,1189013,1030371,
000030.SZ,000030,20251209,93004870,1189017,0,0,S,56500,500,1189013,1089311,
000030.SZ,000030,20251209,93004880,1189421,0,0,S,56500,900,1189420,1089311,
000030.SZ,000030,20251209,93004880,1189422,0,0,S,56500,100,1189420,1094475,
000030.SZ,000030,20251209,93004880,1189423,0,0,S,56500,300,1189420,1097746,
000030.SZ,000030,20251209,93004880,1189424,0,0,S,56500,200,1189420,1118340,
000030.SZ,000030,20251209,93004930,1191146,0,0,S,56500,300,1191145,1118340,
000030.SZ,000030,20251209,93005060,1198976,0,0,S,56500,100,1198975,1121132,
000030.SZ,000030,20251209,93005060,1198977,0,0,S,56500,100,1198975,1126284,
000030.SZ,000030,20251209,93005060,1198978,0,0,S,56500,100,1198975,1140672,
000030.SZ,000030,20251209,93005060,1198979,0,0,S,56500,600,1198975,1158386,
000030.SZ,000030,20251209,93006250,1232056,0,0,S,56500,100,1232055,1158389,
000030.SZ,000030,20251209,93006290,1232830,0,0,S,56500,400,1232829,1158389,
000030.SZ,000030,20251209,93006290,1232896,0,0,S,56500,100,1232895,1158389,
000030.SZ,000030,20251209,93006300,1232960,0,0,S,56500,1100,1232959,1158389,
000030.SZ,000030,20251209,93006300,1232961,0,0,S,56500,400,1232959,1158416,
000030.SZ,000030,20251209,93006310,1233659,0,0,S,56500,300,1233658,1158416,
000030.SZ,000030,20251209,93006310,1233661,0,0,S,56500,900,1233660,1158416,
000030.SZ,000030,20251209,93006310,1233681,0,0,S,56500,900,1233680,1158416,
000030.SZ,000030,20251209,93006310,1233682,0,0,S,56500,2400,1233680,1159340,
000030.SZ,000030,20251209,93006310,1233700,0,0,S,56500,2400,1233699,1159340,
000030.SZ,000030,20251209,93006530,1241672,0,0,S,56500,1700,1241671,1159340,
000030.SZ,000030,20251209,93006530,1241773,0,0,S,56500,1200,1241772,1159340,
000030.SZ,000030,20251209,93006540,1241895,0,0,S,56500,1700,1241894,1159340,
000030.SZ,000030,20251209,93006770,1249659,0,0,S,56500,400,1249658,1159340,
000030.SZ,000030,20251209,93006810,1250440,0,0,S,56500,400,1250439,1159340,
000030.SZ,000030,20251209,93007390,1266103,C,0, ,0,100,372180,0,
000030.SZ,000030,20251209,93007710,1275962,0,0,S,56500,100,1275961,1159340,
000030.SZ,000030,20251209,93008300,1287292,0,0,S,56500,100,1287291,1159340,
000030.SZ,000030,20251209,93008300,1287294,0,0,S,56500,200,1287293,1159340,
000030.SZ,000030,20251209,93008300,1287297,0,0,S,56500,100,1287296,1159340,
000030.SZ,000030,20251209,93008330,1287542,0,0,S,56500,6300,1287541,1159340,
000030.SZ,000030,20251209,93008420,1289112,0,0,B,56600,1000,408637,1289111,
000030.SZ,000030,20251209,93008610,1291551,0,0,S,56500,600,1291550,1159340,
000030.SZ,000030,20251209,93009050,1299289,0,0,S,56500,1100,1299288,1159340,
000030.SZ,000030,20251209,93009150,1300704,0,0,S,56500,200,1300703,1159340,
000030.SZ,000030,20251209,93009150,1300706,0,0,S,56500,1800,1300705,1159340,
000030.SZ,000030,20251209,93009150,1300709,0,0,S,56500,200,1300708,1159340,
000030.SZ,000030,20251209,93009150,1300711,0,0,S,56500,200,1300710,1159340,
000030.SZ,000030,20251209,93009150,1300714,0,0,S,56500,200,1300713,1159340,
000030.SZ,000030,20251209,93009150,1300716,0,0,S,56500,200,1300715,1159340,
000030.SZ,000030,20251209,93009330,1304405,0,0,S,56500,900,1304404,1159340,
000030.SZ,000030,20251209,93009420,1306640,0,0,B,56600,600,408637,1306639,
000030.SZ,000030,20251209,93009540,1310307,0,0,B,56600,400,408637,1310306,
000030.SZ,000030,20251209,93009710,1314659,0,0,B,56600,200,408637,1314658,
000030.SZ,000030,20251209,93009890,1318080,0,0,S,56500,100,1318079,1159340,
000030.SZ,000030,20251209,93010310,1326349,0,0,S,56500,900,1326348,1159340,
000030.SZ,000030,20251209,93010340,1326792,0,0,S,56500,11300,1326791,1159340,
000030.SZ,000030,20251209,93010340,1326825,0,0,S,56500,1500,1326824,1159340,
000030.SZ,000030,20251209,93010340,1326827,0,0,S,56500,4400,1326826,1159340,
000030.SZ,000030,20251209,93010340,1326860,0,0,S,56500,2400,1326859,1159340,
000030.SZ,000030,20251209,93010340,1326887,0,0,S,56500,100,1326886,1159340,
000030.SZ,000030,20251209,93010350,1326921,0,0,S,56500,2900,1326920,1159340,
000030.SZ,000030,20251209,93010400,1327792,0,0,S,56500,1600,1327791,1159340,
000030.SZ,000030,20251209,93011070,1340113,0,0,S,56500,800,1340112,1159340,
000030.SZ,000030,20251209,93011180,1341493,0,0,B,56600,200,408637,1341492,
000030.SZ,000030,20251209,93011290,1342691,0,0,B,56600,100,408637,1342690,
000030.SZ,000030,20251209,93011740,1347829,0,0,S,56500,100,1347828,1159340,
000030.SZ,000030,20251209,93012230,1353218,0,0,S,56500,200,1353217,1159340,
000030.SZ,000030,20251209,93012230,1353220,0,0,S,56500,500,1353219,1159340,
000030.SZ,000030,20251209,93012230,1353222,0,0,S,56500,100,1353221,1159340,
000030.SZ,000030,20251209,93012230,1353225,0,0,S,56500,100,1353224,1159340,
000030.SZ,000030,20251209,93012230,1353227,0,0,S,56500,100,1353226,1159340,
000030.SZ,000030,20251209,93012230,1353229,0,0,S,56500,500,1353228,1159340,
000030.SZ,000030,20251209,93012230,1353231,0,0,S,56500,500,1353230,1159340,
000030.SZ,000030,20251209,93012230,1353233,0,0,S,56500,400,1353232,1159340,
000030.SZ,000030,20251209,93012230,1353235,0,0,S,56500,200,1353234,1159340,
000030.SZ,000030,20251209,93012230,1353237,0,0,S,56500,100,1353236,1159340,
000030.SZ,000030,20251209,93012230,1353239,0,0,S,56500,1000,1353238,1159340,
000030.SZ,000030,20251209,93012230,1353241,0,0,S,56500,300,1353240,1159340,
000030.SZ,000030,20251209,93012230,1353243,0,0,S,56500,800,1353242,1159340,
000030.SZ,000030,20251209,93012230,1353245,0,0,S,56500,100,1353244,1159340,
000030.SZ,000030,20251209,93012230,1353249,0,0,S,56500,100,1353248,1159340,
000030.SZ,000030,20251209,93012230,1353251,0,0,S,56500,400,1353250,1159340,
000030.SZ,000030,20251209,93012230,1353253,0,0,S,56500,600,1353252,1159340,
000030.SZ,000030,20251209,93012230,1353255,0,0,S,56500,200,1353254,1159340,
000030.SZ,000030,20251209,93012230,1353257,0,0,S,56500,100,1353256,1159340,
000030.SZ,000030,20251209,93012230,1353259,0,0,S,56500,200,1353258,1159340,
000030.SZ,000030,20251209,93012230,1353261,0,0,S,56500,100,1353260,1159340,
000030.SZ,000030,20251209,93012230,1353264,0,0,S,56500,100,1353263,1159340,
000030.SZ,000030,20251209,93012230,1353266,0,0,S,56500,300,1353265,1159340,
000030.SZ,000030,20251209,93012230,1353268,0,0,S,56500,300,1353267,1159340,
000030.SZ,000030,20251209,93012230,1353270,0,0,S,56500,300,1353269,1159340,
000030.SZ,000030,20251209,93012230,1353272,0,0,S,56500,800,1353271,1159340,
000030.SZ,000030,20251209,93012230,1353274,0,0,S,56500,600,1353273,1159340,
000030.SZ,000030,20251209,93012230,1353276,0,0,S,56500,100,1353275,1159340,
000030.SZ,000030,20251209,93012230,1353278,0,0,S,56500,700,1353277,1159340,
000030.SZ,000030,20251209,93012230,1353280,0,0,S,56500,200,1353279,1159340,
000030.SZ,000030,20251209,93012230,1353282,0,0,S,56500,200,1353281,1159340,
000030.SZ,000030,20251209,93012230,1353284,0,0,S,56500,200,1353283,1159340,
000030.SZ,000030,20251209,93012230,1353292,0,0,S,56500,300,1353291,1159340,
000030.SZ,000030,20251209,93012230,1353294,0,0,S,56500,200,1353293,1159340,
000030.SZ,000030,20251209,93012230,1353298,0,0,S,56500,200,1353297,1159340,
000030.SZ,000030,20251209,93012230,1353300,0,0,S,56500,100,1353299,1159340,
000030.SZ,000030,20251209,93012230,1353301,0,0,S,56500,100,1353299,1164363,
000030.SZ,000030,20251209,93012230,1353303,0,0,S,56500,600,1353302,1164363,
000030.SZ,000030,20251209,93012230,1353305,0,0,S,56500,100,1353304,1164363,
000030.SZ,000030,20251209,93012230,1353307,0,0,S,56500,100,1353306,1164363,
000030.SZ,000030,20251209,93012230,1353309,0,0,S,56500,300,1353308,1164363,
000030.SZ,000030,20251209,93012230,1353311,0,0,S,56500,100,1353310,1164363,
000030.SZ,000030,20251209,93012230,1353313,0,0,S,56500,200,1353312,1164363,
000030.SZ,000030,20251209,93012230,1353316,0,0,S,56500,200,1353315,1164363,
000030.SZ,000030,20251209,93012230,1353318,0,0,S,56500,200,1353317,1164363,
000030.SZ,000030,20251209,93012230,1353328,0,0,S,56500,600,1353327,1164363,
000030.SZ,000030,20251209,93012230,1353330,0,0,S,56500,300,1353329,1173437,
000030.SZ,000030,20251209,93012230,1353333,0,0,S,56500,200,1353332,1173437,
000030.SZ,000030,20251209,93012230,1353336,0,0,S,56500,200,1353335,1173437,
000030.SZ,000030,20251209,93012230,1353338,0,0,S,56500,1100,1353337,1173437,
000030.SZ,000030,20251209,93012230,1353340,0,0,S,56500,200,1353339,1173437,
000030.SZ,000030,20251209,93012230,1353344,0,0,S,56500,200,1353343,1173437,
000030.SZ,000030,20251209,93012230,1353346,0,0,S,56500,100,1353345,1173437,
000030.SZ,000030,20251209,93012230,1353349,0,0,S,56500,300,1353348,1173437,
000030.SZ,000030,20251209,93012230,1353351,0,0,S,56500,300,1353350,1173437,
000030.SZ,000030,20251209,93012230,1353359,0,0,S,56500,600,1353358,1173437,
000030.SZ,000030,20251209,93012230,1353362,0,0,S,56500,500,1353361,1173437,
000030.SZ,000030,20251209,93012230,1353363,0,0,S,56500,300,1353361,1173510,
000030.SZ,000030,20251209,93012230,1353372,0,0,S,56500,1800,1353371,1173510,
000030.SZ,000030,20251209,93012230,1353377,0,0,S,56500,200,1353376,1173510,
000030.SZ,000030,20251209,93012230,1353379,0,0,S,56500,400,1353378,1173510,
000030.SZ,000030,20251209,93012230,1353382,0,0,S,56500,200,1353381,1173510,
000030.SZ,000030,20251209,93012280,1354502,0,0,S,56500,1600,1354501,1173510,
000030.SZ,000030,20251209,93012290,1354551,0,0,B,56600,300,408637,1354550,
000030.SZ,000030,20251209,93012300,1354899,0,0,S,56500,100,1354898,1173510,
000030.SZ,000030,20251209,93012990,1369549,0,0,S,56500,100,1369548,1173510,
000030.SZ,000030,20251209,93013120,1371158,0,0,B,56600,100,408637,1371157,
000030.SZ,000030,20251209,93013240,1373370,0,0,S,56500,3100,1373369,1173510,
000030.SZ,000030,20251209,93013800,1384603,0,0,S,56500,400,1384602,1173510,
000030.SZ,000030,20251209,93013800,1384604,0,0,S,56500,100,1384602,1173992,
000030.SZ,000030,20251209,93013800,1384605,0,0,S,56500,200,1384602,1178125,
000030.SZ,000030,20251209,93013800,1384606,0,0,S,56500,100,1384602,1199252,
000030.SZ,000030,20251209,93013800,1384607,0,0,S,56500,100,1384602,1205443,
000030.SZ,000030,20251209,93013800,1384608,0,0,S,56500,1300,1384602,1250826,
000030.SZ,000030,20251209,93014540,1393956,0,0,S,56500,100,1393955,1250826,
000030.SZ,000030,20251209,93014540,1393958,0,0,S,56500,100,1393957,1250826,
000030.SZ,000030,20251209,93014540,1393960,0,0,S,56500,100,1393959,1250826,
000030.SZ,000030,20251209,93014540,1393963,0,0,S,56500,100,1393962,1250826,
000030.SZ,000030,20251209,93014540,1393965,0,0,S,56500,100,1393964,1250826,
000030.SZ,000030,20251209,93014540,1393968,0,0,S,56500,100,1393967,1250826,
000030.SZ,000030,20251209,93014540,1393979,0,0,S,56500,100,1393978,1250826,
000030.SZ,000030,20251209,93015220,1402055,0,0,S,56500,100,1402054,1250826,
000030.SZ,000030,20251209,93015220,1402090,0,0,S,56500,200,1402089,1250826,
000030.SZ,000030,20251209,93015220,1402098,0,0,S,56500,100,1402097,1250826,
000030.SZ,000030,20251209,93015220,1402099,0,0,S,56500,100,1402097,1253876,
000030.SZ,000030,20251209,93015220,1402101,0,0,S,56500,300,1402100,1253876,
000030.SZ,000030,20251209,93015220,1402103,0,0,S,56500,100,1402102,1306513,
000030.SZ,000030,20251209,93015220,1402104,0,0,S,56500,100,1402102,1327658,
000030.SZ,000030,20251209,93015220,1402109,0,0,S,56500,1800,1402108,1344145,
000030.SZ,000030,20251209,93015220,1402111,0,0,S,56500,100,1402110,1344145,
000030.SZ,000030,20251209,93015220,1402112,0,0,S,56500,100,1402110,1354693,
000030.SZ,000030,20251209,93015220,1402114,0,0,S,56500,200,1402113,1354693,
000030.SZ,000030,20251209,93015220,1402116,0,0,S,56500,200,1402115,1354693,
000030.SZ,000030,20251209,93015220,1402120,0,0,S,56500,100,1402119,1354693,
000030.SZ,000030,20251209,93015220,1402144,0,0,S,56500,400,1402143,1354693,
000030.SZ,000030,20251209,93015220,1402158,0,0,S,56500,200,1402157,1354693,
000030.SZ,000030,20251209,93015220,1402159,0,0,S,56500,200,1402157,1360168,
000030.SZ,000030,20251209,93015230,1402205,0,0,S,56500,400,1402204,1360168,
000030.SZ,000030,20251209,93015270,1403182,0,0,S,56500,100,1403181,1360168,
000030.SZ,000030,20251209,93015920,1420551,0,0,S,56500,500,1420550,1360168,
000030.SZ,000030,20251209,93016330,1428058,0,0,S,56500,2800,1428057,1360168,
000030.SZ,000030,20251209,93016330,1428059,0,0,S,56500,200,1428057,1360602,
000030.SZ,000030,20251209,93016330,1428060,0,0,S,56500,300,1428057,1362357,
000030.SZ,000030,20251209,93016330,1428061,0,0,S,56500,200,1428057,1381460,
000030.SZ,000030,20251209,93016330,1428062,0,0,S,56500,100,1428057,1402674,
000030.SZ,000030,20251209,93016330,1428063,0,0,S,56500,300,1428057,1402681,
000030.SZ,000030,20251209,93016330,1428064,0,0,S,56500,100,1428057,1402754,
000030.SZ,000030,20251209,93016330,1428065,0,0,S,56500,200,1428057,1403304,
000030.SZ,000030,20251209,93016330,1428066,0,0,S,56500,400,1428057,1414937,
000030.SZ,000030,20251209,93016370,1429283,0,0,S,56500,2300,1429282,1414937,
000030.SZ,000030,20251209,93016370,1429284,0,0,S,56500,400,1429282,1418872,
000030.SZ,000030,20251209,93017580,1448678,0,0,B,56500,1100,1429282,1448677,
000030.SZ,000030,20251209,93017580,1448679,0,0,B,56500,1000,1445376,1448677,
000030.SZ,000030,20251209,93018200,1456861,C,0, ,0,1200,1130864,0,
000030.SZ,000030,20251209,93018260,1457858,0,0,B,56500,300,1445376,1457857,
000030.SZ,000030,20251209,93018310,1458754,0,0,B,56500,100,1445376,1458753,
000030.SZ,000030,20251209,93018500,1462988,C,0, ,0,100,1241167,0,
000030.SZ,000030,20251209,93018780,1468635,C,0, ,0,100,919348,0,
000030.SZ,000030,20251209,93018780,1468655,C,0, ,0,1500,922047,0,
000030.SZ,000030,20251209,93018780,1468664,C,0, ,0,1200,922153,0,
000030.SZ,000030,20251209,93019030,1472715,C,0, ,0,500,891619,0,
000030.SZ,000030,20251209,93019030,1472716,C,0, ,0,1000,892635,0,
000030.SZ,000030,20251209,93019030,1472725,C,0, ,0,1200,891326,0,
000030.SZ,000030,20251209,93019030,1472729,C,0, ,0,1200,891922,0,
000030.SZ,000030,20251209,93019030,1472735,C,0, ,0,600,892095,0,
000030.SZ,000030,20251209,93019110,1473653,C,0, ,0,1200,911707,0,
000030.SZ,000030,20251209,93019270,1476519,C,0, ,0,1000,306318,0,
000030.SZ,000030,20251209,93019280,1476730,0,0,S,56400,500,1476729,883155,
000030.SZ,000030,20251209,93019280,1476731,0,0,S,56400,100,1476729,903035,
000030.SZ,000030,20251209,93019280,1476732,0,0,S,56400,100,1476729,1140237,
000030.SZ,000030,20251209,93019280,1476733,0,0,S,56400,100,1476729,1158936,
000030.SZ,000030,20251209,93019280,1476734,0,0,S,56400,100,1476729,1180094,
000030.SZ,000030,20251209,93019280,1476735,0,0,S,56400,100,1476729,1205332,
000030.SZ,000030,20251209,93019280,1476736,0,0,S,56400,900,1476729,1262176,
000030.SZ,000030,20251209,93019280,1476737,0,0,S,56400,400,1476729,1262908,
000030.SZ,000030,20251209,93019330,1477365,0,0,S,56400,400,1477364,1262908,
000030.SZ,000030,20251209,93019330,1477366,0,0,S,56400,700,1477364,1262913,
000030.SZ,000030,20251209,93019330,1477367,0,0,S,56400,100,1477364,1304896,
000030.SZ,000030,20251209,93019930,1487856,0,0,B,56500,100,1445376,1487855,
000030.SZ,000030,20251209,93020950,1500513,0,0,S,56400,100,1500512,1304896,
000030.SZ,000030,20251209,93021150,1502884,0,0,S,56400,500,1502883,1304896,
000030.SZ,000030,20251209,93021150,1502885,0,0,S,56400,100,1502883,1333610,
000030.SZ,000030,20251209,93021150,1502886,0,0,S,56400,200,1502883,1457023,
000030.SZ,000030,20251209,93021150,1502888,0,0,S,56400,100,1502887,1457023,
000030.SZ,000030,20251209,93021150,1502894,0,0,S,56400,500,1502893,1457023,
000030.SZ,000030,20251209,93021150,1502896,0,0,S,56400,100,1502895,1457023,
000030.SZ,000030,20251209,93021150,1502897,0,0,S,56400,100,1502895,1457069,
000030.SZ,000030,20251209,93021150,1502904,0,0,S,56400,500,1502903,1457069,
000030.SZ,000030,20251209,93021150,1502908,0,0,S,56400,500,1502907,1457069,
000030.SZ,000030,20251209,93021150,1502910,0,0,S,56400,500,1502909,1457069,
000030.SZ,000030,20251209,93021150,1502915,0,0,S,56400,300,1502914,1457069,
000030.SZ,000030,20251209,93021150,1502916,0,0,S,56400,100,1502914,1496177,
000030.SZ,000030,20251209,93021150,1503155,0,0,S,56300,4000,1503154,422411,
000030.SZ,000030,20251209,93021150,1503156,0,0,S,56300,8000,1503154,432126,
000030.SZ,000030,20251209,93021150,1503157,0,0,S,56300,2000,1503154,465308,
000030.SZ,000030,20251209,93021150,1503158,0,0,S,56300,2000,1503154,1104440,
000030.SZ,000030,20251209,93021150,1503159,0,0,S,56300,1700,1503154,1459337,
000030.SZ,000030,20251209,93021220,1505016,0,0,B,56300,700,1503154,1505015,
000030.SZ,000030,20251209,93021260,1505752,C,0, ,0,100,1158937,0,
000030.SZ,000030,20251209,93021350,1507295,C,0, ,0,100,1333606,0,
000030.SZ,000030,20251209,93021570,1512197,C,0, ,0,100,1180095,0,
000030.SZ,000030,20251209,93021610,1513306,0,0,B,56300,100,1503154,1513305,
000030.SZ,000030,20251209,93021740,1516534,C,0, ,0,100,880858,0,
000030.SZ,000030,20251209,93022210,1524349,C,0, ,0,1000,1503020,0,
000030.SZ,000030,20251209,93022330,1526973,0,0,B,56300,100,1503154,1526972,
000030.SZ,000030,20251209,93024150,1550692,C,0, ,0,2600,1503154,0,
000030.SZ,000030,20251209,93024180,1551088,C,0, ,0,300,1502922,0,
000030.SZ,000030,20251209,93024180,1551090,C,0, ,0,400,1502924,0,
000030.SZ,000030,20251209,93024180,1551094,C,0, ,0,600,1502931,0,
000030.SZ,000030,20251209,93024180,1551113,C,0, ,0,100,1502921,0,
000030.SZ,000030,20251209,93024180,1551177,C,0, ,0,300,1524416,0,
000030.SZ,000030,20251209,93024190,1551228,C,0, ,0,1000,1455236,0,
000030.SZ,000030,20251209,93024190,1551233,C,0, ,0,100,965109,0,
000030.SZ,000030,20251209,93024190,1551243,C,0, ,0,100,1503235,0,
000030.SZ,000030,20251209,93024190,1551279,C,0, ,0,2000,1502932,0,
000030.SZ,000030,20251209,93024190,1551281,C,0, ,0,500,1502933,0,
000030.SZ,000030,20251209,93024190,1551291,C,0, ,0,200,1502930,0,
000030.SZ,000030,20251209,93024210,1551579,C,0, ,0,700,1141419,0,
000030.SZ,000030,20251209,93024210,1551582,C,0, ,0,1100,1142169,0,
000030.SZ,000030,20251209,93024210,1551595,C,0, ,0,5400,1402859,0,
000030.SZ,000030,20251209,93024210,1551597,C,0, ,0,2700,1502923,0,
000030.SZ,000030,20251209,93024210,1551598,C,0, ,0,4100,1402875,0,
000030.SZ,000030,20251209,93024220,1551621,C,0, ,0,2700,1125559,0,
000030.SZ,000030,20251209,93024220,1551647,C,0, ,0,1400,1126399,0,
000030.SZ,000030,20251209,93024260,1552381,C,0, ,0,3300,1130872,0,
000030.SZ,000030,20251209,93024590,1559057,C,0, ,0,100,1311321,0,
000030.SZ,000030,20251209,93024610,1559306,C,0, ,0,3000,1496777,0,
000030.SZ,000030,20251209,93024650,1559828,C,0, ,0,1000,309588,0,
000030.SZ,000030,20251209,93024720,1562376,C,0, ,0,300,1276232,0,
000030.SZ,000030,20251209,93024770,1563306,C,0, ,0,1500,1485671,0,
000030.SZ,000030,20251209,93024770,1563310,C,0, ,0,3300,1485674,0,
000030.SZ,000030,20251209,93024800,1563919,0,0,B,56300,100,1551112,1563918,
000030.SZ,000030,20251209,93024800,1563920,0,0,B,56300,100,1552238,1563918,
000030.SZ,000030,20251209,93024800,1563921,0,0,B,56300,600,1552463,1563918,
000030.SZ,000030,20251209,93024860,1564791,C,0, ,0,100,1110146,0,
000030.SZ,000030,20251209,93024980,1566454,C,0, ,0,1200,1488871,0,
000030.SZ,000030,20251209,93025030,1567181,C,0, ,0,2000,1489470,0,
000030.SZ,000030,20251209,93025030,1567182,C,0, ,0,2400,1489476,0,
000030.SZ,000030,20251209,93025110,1568155,C,0, ,0,700,1473651,0,
000030.SZ,000030,20251209,93025110,1568160,C,0, ,0,2700,1490372,0,
000030.SZ,000030,20251209,93025110,1568182,C,0, ,0,400,1473652,0,
000030.SZ,000030,20251209,93025200,1569865,C,0, ,0,100,1491499,0,
000030.SZ,000030,20251209,93025210,1569945,C,0, ,0,200,1504331,0,
000030.SZ,000030,20251209,93025590,1577832,0,0,S,56300,100,1577831,1563918,
000030.SZ,000030,20251209,93025720,1579684,0,0,S,56300,300,1579683,1563946,
000030.SZ,000030,20251209,93026420,1587493,0,0,S,56300,300,1587492,1563946,
000030.SZ,000030,20251209,93027290,1597157,0,0,S,56300,900,1597156,1563946,
000030.SZ,000030,20251209,93027290,1597158,0,0,S,56300,1600,1597156,1564037,
000030.SZ,000030,20251209,93027290,1597159,0,0,S,56300,200,1597156,1566575,
000030.SZ,000030,20251209,93027290,1597161,0,0,S,56300,100,1597160,1566575,
000030.SZ,000030,20251209,93027290,1597165,0,0,S,56300,300,1597164,1566575,
000030.SZ,000030,20251209,93027290,1597167,0,0,S,56300,300,1597166,1566575,
000030.SZ,000030,20251209,93027290,1597169,0,0,S,56300,100,1597168,1566575,
000030.SZ,000030,20251209,93027510,1602696,0,0,B,56300,300,1597168,1602695,
000030.SZ,000030,20251209,93027510,1602697,0,0,B,56300,200,1597170,1602695,
000030.SZ,000030,20251209,93027510,1602698,0,0,B,56300,500,1597192,1602695,
000030.SZ,000030,20251209,93027510,1602699,0,0,B,56300,800,1597193,1602695,
000030.SZ,000030,20251209,93027690,1605398,0,0,B,56300,1000,1597193,1605397,
000030.SZ,000030,20251209,93027810,1607988,0,0,B,56300,200,1597193,1607987,
000030.SZ,000030,20251209,93027810,1607989,0,0,B,56300,400,1597194,1607987,
000030.SZ,000030,20251209,93028120,1612073,C,0, ,0,200,1098027,0,
000030.SZ,000030,20251209,93028990,1626674,C,0, ,0,1700,0,789168,
000030.SZ,000030,20251209,93030170,1642784,C,0, ,0,200,1617392,0,
000030.SZ,000030,20251209,93030280,1644906,0,0,B,56400,200,1505236,1644905,
000030.SZ,000030,20251209,93030360,1646554,C,0, ,0,1700,0,1558324,
000030.SZ,000030,20251209,93031880,1674861,C,0, ,0,100,1140238,0,
000030.SZ,000030,20251209,93032210,1679128,C,0, ,0,200,1642080,0,
000030.SZ,000030,20251209,93032350,1681061,0,0,S,56300,300,1681060,1607987,
000030.SZ,000030,20251209,93033040,1688984,C,0, ,0,1100,1182350,0,
000030.SZ,000030,20251209,93033160,1690590,C,0, ,0,100,1063401,0,
000030.SZ,000030,20251209,93033180,1690793,0,0,B,56400,100,1505236,1690792,
000030.SZ,000030,20251209,93033430,1695491,0,0,B,56400,100,1505236,1695490,
000030.SZ,000030,20251209,93035270,1727162,0,0,B,56400,500,1505236,1727161,
000030.SZ,000030,20251209,93035270,1727163,0,0,B,56400,700,1539916,1727161,
000030.SZ,000030,20251209,93035270,1727182,0,0,B,56400,200,1539916,1727181,
000030.SZ,000030,20251209,93035270,1727183,0,0,B,56400,800,1545997,1727181,
000030.SZ,000030,20251209,93035270,1727184,0,0,B,56400,100,1554000,1727181,
000030.SZ,000030,20251209,93035270,1727200,0,0,B,56400,200,1554000,1727199,
000030.SZ,000030,20251209,93035270,1727201,0,0,B,56400,700,1554001,1727199,
000030.SZ,000030,20251209,93035270,1727202,0,0,B,56400,600,1554017,1727199,
000030.SZ,000030,20251209,93035270,1727203,0,0,B,56400,300,1554041,1727199,
000030.SZ,000030,20251209,93036110,1739116,0,0,S,56300,600,1739115,1607987,
000030.SZ,000030,20251209,93036110,1739117,0,0,S,56300,1400,1739115,1608025,
000030.SZ,000030,20251209,93036110,1739120,0,0,S,56300,100,1739119,1608025,
000030.SZ,000030,20251209,93036110,1739128,0,0,S,56300,100,1739127,1608025,
000030.SZ,000030,20251209,93036110,1739130,0,0,S,56300,100,1739129,1608025,
000030.SZ,000030,20251209,93036110,1739140,0,0,S,56300,700,1739139,1608608,
000030.SZ,000030,20251209,93036110,1739141,0,0,S,56300,900,1739139,1613974,
000030.SZ,000030,20251209,93036110,1739142,0,0,S,56300,200,1739139,1641988,
000030.SZ,000030,20251209,93036110,1739143,0,0,S,56300,500,1739139,1645198,
000030.SZ,000030,20251209,93036110,1739179,0,0,S,56300,100,1739178,1645198,
000030.SZ,000030,20251209,93036110,1739192,0,0,S,56300,400,1739191,1645198,
000030.SZ,000030,20251209,93036210,1740836,0,0,B,56400,5100,1554041,1740835,
000030.SZ,000030,20251209,93036210,1740837,0,0,B,56400,2100,1554047,1740835,
000030.SZ,000030,20251209,93036230,1741128,0,0,B,56400,2000,1554047,1741127,
000030.SZ,000030,20251209,93036230,1741129,0,0,B,56400,200,1554052,1741127,
000030.SZ,000030,20251209,93036230,1741130,0,0,B,56400,400,1554054,1741127,
000030.SZ,000030,20251209,93036550,1749212,C,0, ,0,300,1074152,0,
000030.SZ,000030,20251209,93037470,1768918,C,0, ,0,1400,1587993,0,
000030.SZ,000030,20251209,93037500,1769412,C,0, ,0,500,1588041,0,
000030.SZ,000030,20251209,93037660,1772811,0,0,S,56300,200,1772810,1645198,
000030.SZ,000030,20251209,93037660,1772812,0,0,S,56300,500,1772810,1646605,
000030.SZ,000030,20251209,93037660,1772813,0,0,S,56300,500,1772810,1649437,
000030.SZ,000030,20251209,93037660,1772814,0,0,S,56300,1400,1772810,1655434,
000030.SZ,000030,20251209,93037660,1772815,0,0,S,56300,100,1772810,1655677,
000030.SZ,000030,20251209,93037660,1772816,0,0,S,56300,300,1772810,1655825,
000030.SZ,000030,20251209,93038900,1789682,0,0,B,56400,1000,1554054,1789681,
000030.SZ,000030,20251209,93039220,1797161,0,0,B,56400,100,1554054,1797160,
000030.SZ,000030,20251209,93039260,1798368,0,0,B,56400,200,1554054,1798367,
000030.SZ,000030,20251209,93039260,1798411,0,0,B,56400,500,1554054,1798410,
000030.SZ,000030,20251209,93039290,1798948,0,0,B,56400,900,1554054,1798947,
000030.SZ,000030,20251209,93039380,1800364,0,0,B,56400,600,1554054,1800363,
000030.SZ,000030,20251209,93039390,1800564,0,0,B,56400,100,1554054,1800563,
000030.SZ,000030,20251209,93039980,1813961,C,0, ,0,2000,0,936899,
000030.SZ,000030,20251209,93040430,1823299,0,0,B,56400,500,1554054,1823298,
000030.SZ,000030,20251209,93040430,1823300,0,0,B,56400,1300,1554176,1823298,
000030.SZ,000030,20251209,93040470,1824063,0,0,B,56400,900,1554176,1824062,
000030.SZ,000030,20251209,93040470,1824064,0,0,B,56400,900,1554194,1824062,
000030.SZ,000030,20251209,93040500,1824750,0,0,B,56400,900,1554194,1824749,
000030.SZ,000030,20251209,93041910,1850099,0,0,B,56400,900,1554194,1850098,
000030.SZ,000030,20251209,93041910,1850100,0,0,B,56400,1400,1554306,1850098,
000030.SZ,000030,20251209,93041910,1850101,0,0,B,56400,600,1558763,1850098,
000030.SZ,000030,20251209,93041910,1850102,0,0,B,56400,1000,1558766,1850098,
000030.SZ,000030,20251209,93041910,1850103,0,0,B,56400,400,1559189,1850098,
000030.SZ,000030,20251209,93041910,1850104,0,0,B,56400,600,1599529,1850098,
000030.SZ,000030,20251209,93041910,1850105,0,0,B,56400,200,1602267,1850098,
000030.SZ,000030,20251209,93041910,1850106,0,0,B,56400,500,1672737,1850098,
000030.SZ,000030,20251209,93041910,1850107,0,0,B,56400,100,1792702,1850098,
000030.SZ,000030,20251209,93041910,1850108,0,0,B,56400,1000,1792703,1850098,
000030.SZ,000030,20251209,93041910,1850109,0,0,B,56400,100,1794224,1850098,
000030.SZ,000030,20251209,93041940,1850473,0,0,B,56400,300,1827573,1850472,
000030.SZ,000030,20251209,93041940,1850474,0,0,B,56400,700,1830504,1850472,
000030.SZ,000030,20251209,93042160,1854282,C,0, ,0,400,1454833,0,
000030.SZ,000030,20251209,93042160,1854298,C,0, ,0,400,1454846,0,
000030.SZ,000030,20251209,93042160,1854299,C,0, ,0,400,1454854,0,
000030.SZ,000030,20251209,93042160,1854300,C,0, ,0,400,1454845,0,
000030.SZ,000030,20251209,93042160,1854301,C,0, ,0,400,1454842,0,
000030.SZ,000030,20251209,93042160,1854302,C,0, ,0,400,1454891,0,
000030.SZ,000030,20251209,93042160,1854303,C,0, ,0,400,1454989,0,
000030.SZ,000030,20251209,93042160,1854306,C,0, ,0,400,1455296,0,
000030.SZ,000030,20251209,93042160,1854307,C,0, ,0,400,1454829,0,
000030.SZ,000030,20251209,93042160,1854318,C,0, ,0,100,1455018,0,
000030.SZ,000030,20251209,93042160,1854321,C,0, ,0,400,1454864,0,
000030.SZ,000030,20251209,93042160,1854322,C,0, ,0,400,1455455,0,
000030.SZ,000030,20251209,93042170,1854324,C,0, ,0,400,1455457,0,
000030.SZ,000030,20251209,93042170,1854326,C,0, ,0,400,1455438,0,
000030.SZ,000030,20251209,93042170,1854329,C,0, ,0,400,1454883,0,
000030.SZ,000030,20251209,93042170,1854333,C,0, ,0,400,1455089,0,
000030.SZ,000030,20251209,93042170,1854334,C,0, ,0,400,1455025,0,
000030.SZ,000030,20251209,93042170,1854339,C,0, ,0,400,1455047,0,
000030.SZ,000030,20251209,93042170,1854351,C,0, ,0,400,1455003,0,
000030.SZ,000030,20251209,93042170,1854357,C,0, ,0,400,1455036,0,
000030.SZ,000030,20251209,93042170,1854363,C,0, ,0,400,1455844,0,
000030.SZ,000030,20251209,93042170,1854386,C,0, ,0,200,1455071,0,
000030.SZ,000030,20251209,93042170,1854389,C,0, ,0,400,1455202,0,
000030.SZ,000030,20251209,93042170,1854402,C,0, ,0,400,1455209,0,
000030.SZ,000030,20251209,93042170,1854403,C,0, ,0,400,1455254,0,
000030.SZ,000030,20251209,93042170,1854409,C,0, ,0,400,1454998,0,
000030.SZ,000030,20251209,93042170,1854413,C,0, ,0,200,1455284,0,
000030.SZ,000030,20251209,93042170,1854414,C,0, ,0,400,1455004,0,
000030.SZ,000030,20251209,93042170,1854419,C,0, ,0,300,1455137,0,
000030.SZ,000030,20251209,93042170,1854450,C,0, ,0,400,1455743,0,
000030.SZ,000030,20251209,93042170,1854467,C,0, ,0,400,1455043,0,
000030.SZ,000030,20251209,93042180,1854664,C,0, ,0,400,1455740,0,
000030.SZ,000030,20251209,93042190,1854775,C,0, ,0,400,1455756,0,
000030.SZ,000030,20251209,93042210,1855190,C,0, ,0,400,1465277,0,
000030.SZ,000030,20251209,93042210,1855211,C,0, ,0,900,1463190,0,
000030.SZ,000030,20251209,93042210,1855212,C,0, ,0,400,1463163,0,
000030.SZ,000030,20251209,93042340,1858555,C,0, ,0,400,1481865,0,
000030.SZ,000030,20251209,93042420,1860259,0,0,S,56400,1100,1860258,1850472,
000030.SZ,000030,20251209,93042480,1861828,C,0, ,0,500,0,1730426,
000030.SZ,000030,20251209,93042510,1862250,0,0,S,56400,100,1862249,1850472,
000030.SZ,000030,20251209,93042540,1862912,C,0, ,0,1000,0,1746126,
000030.SZ,000030,20251209,93042720,1867351,0,0,S,56400,300,1867350,1850472,
000030.SZ,000030,20251209,93042980,1871779,C,0, ,0,5100,0,1722759,
000030.SZ,000030,20251209,93043100,1873863,C,0, ,0,600,0,1724455,
000030.SZ,000030,20251209,93043150,1874671,C,0, ,0,3500,0,1725003,
000030.SZ,000030,20251209,93043150,1874672,C,0, ,0,400,0,1725007,
000030.SZ,000030,20251209,93043150,1874673,C,0, ,0,200,0,1725006,
000030.SZ,000030,20251209,93043150,1874674,C,0, ,0,3300,0,1725005,
000030.SZ,000030,20251209,93043150,1874680,C,0, ,0,3600,0,1725010,
000030.SZ,000030,20251209,93043150,1874681,C,0, ,0,6900,0,1725011,
000030.SZ,000030,20251209,93043600,1884520,0,0,S,56400,600,1884519,1850472,
000030.SZ,000030,20251209,93043980,1891123,0,0,S,56400,4000,1891122,1850472,
000030.SZ,000030,20251209,93043980,1891124,0,0,S,56400,800,1891122,1852767,
000030.SZ,000030,20251209,93045150,1915546,0,0,S,56400,1000,1915545,1852767,
000030.SZ,000030,20251209,93045240,1917649,C,0, ,0,1200,0,1746106,
000030.SZ,000030,20251209,93045360,1920237,C,0, ,0,4100,0,1803638,
000030.SZ,000030,20251209,93048860,1977687,0,0,S,56400,1200,1977686,1852767,
000030.SZ,000030,20251209,93048860,1977783,0,0,S,56400,1100,1977782,1852767,
000030.SZ,000030,20251209,93052110,2024885,C,0, ,0,15000,1278999,0,
000030.SZ,000030,20251209,93054470,2056930,0,0,S,56400,600,2056929,1852767,
000030.SZ,000030,20251209,93058290,2109282,0,0,S,56400,100,2109281,1852767,
000030.SZ,000030,20251209,93058290,2109293,0,0,S,56400,100,2109292,1852767,
000030.SZ,000030,20251209,93058290,2109390,C,0, ,0,2900,0,1852767,
000030.SZ,000030,20251209,93101260,2155022,0,0,S,56400,700,2155021,1856729,
000030.SZ,000030,20251209,93105150,2216884,0,0,S,56400,500,2216883,1856729,
000030.SZ,000030,20251209,93105150,2216885,0,0,S,56400,500,2216883,1862963,
000030.SZ,000030,20251209,93105580,2222916,C,0, ,0,100,1201524,0,
000030.SZ,000030,20251209,93107400,2251348,0,0,S,56400,100,2251347,1862963,
000030.SZ,000030,20251209,93107400,2251349,0,0,S,56400,700,2251347,1862965,
000030.SZ,000030,20251209,93109680,2282409,C,0, ,0,200,1709419,0,
000030.SZ,000030,20251209,93112330,2321351,C,0, ,0,4200,290930,0,
000030.SZ,000030,20251209,93114620,2355270,C,0, ,0,100,0,2059668,
000030.SZ,000030,20251209,93115350,2363462,0,0,S,56400,500,2363461,1917765,
000030.SZ,000030,20251209,93115350,2363463,0,0,S,56400,1200,2363461,1921054,
000030.SZ,000030,20251209,93115350,2363464,0,0,S,56400,900,2363461,1922162,
000030.SZ,000030,20251209,93115350,2363465,0,0,S,56400,100,2363461,1931259,
000030.SZ,000030,20251209,93115350,2363466,0,0,S,56400,300,2363461,1946853,
000030.SZ,000030,20251209,93115350,2363467,0,0,S,56400,600,2363461,1967323,
000030.SZ,000030,20251209,93115350,2363468,0,0,S,56400,600,2363461,1969567,
000030.SZ,000030,20251209,93117620,2393260,0,0,B,56500,100,1445376,2393259,
000030.SZ,000030,20251209,93118790,2408860,0,0,S,56400,600,2408859,1969567,
000030.SZ,000030,20251209,93118790,2408861,0,0,S,56400,100,2408859,1971552,
000030.SZ,000030,20251209,93119910,2423405,0,0,S,56400,900,2423404,2012629,
000030.SZ,000030,20251209,93119910,2423406,0,0,S,56400,100,2423404,2016503,
000030.SZ,000030,20251209,93119970,2424015,0,0,B,56500,100,1445376,2424014,
000030.SZ,000030,20251209,93119970,2424016,0,0,B,56500,100,1455088,2424014,
000030.SZ,000030,20251209,93119970,2424017,0,0,B,56500,100,1455106,2424014,
000030.SZ,000030,20251209,93125060,2490087,C,0, ,0,10000,2357843,0,
000030.SZ,000030,20251209,93126250,2506870,0,0,B,56500,100,1455135,2506869,
000030.SZ,000030,20251209,93126250,2506871,0,0,B,56500,100,1455146,2506869,
000030.SZ,000030,20251209,93126250,2506872,0,0,B,56500,100,1455203,2506869,
000030.SZ,000030,20251209,93126250,2506873,0,0,B,56500,500,1455217,2506869,
000030.SZ,000030,20251209,93127180,2518300,0,0,B,56500,300,1455217,2518299,
000030.SZ,000030,20251209,93128090,2531441,0,0,B,56500,100,1455217,2531440,
000030.SZ,000030,20251209,93128550,2538437,0,0,B,56500,400,1455248,2538436,
000030.SZ,000030,20251209,93128550,2538438,0,0,B,56500,1600,1455277,2538436,
000030.SZ,000030,20251209,93128550,2538439,0,0,B,56500,100,1455291,2538436,
000030.SZ,000030,20251209,93128550,2538440,0,0,B,56500,100,1455507,2538436,
000030.SZ,000030,20251209,93128550,2538441,0,0,B,56500,100,1456781,2538436,
000030.SZ,000030,20251209,93128550,2538442,0,0,B,56500,200,1456945,2538436,
000030.SZ,000030,20251209,93128550,2538452,0,0,B,56500,100,1457033,2538451,
000030.SZ,000030,20251209,93128550,2538453,0,0,B,56500,100,1457080,2538451,
000030.SZ,000030,20251209,93128550,2538454,0,0,B,56500,500,1457162,2538451,
000030.SZ,000030,20251209,93128570,2538632,0,0,B,56500,100,1457162,2538631,
000030.SZ,000030,20251209,93129080,2545226,C,0, ,0,700,1025964,0,
000030.SZ,000030,20251209,93129470,2549682,C,0, ,0,1700,0,1904668,
000030.SZ,000030,20251209,93129470,2549725,C,0, ,0,700,0,2104629,
000030.SZ,000030,20251209,93129480,2549734,C,0, ,0,1400,0,2104636,
000030.SZ,000030,20251209,93129480,2549744,C,0, ,0,700,0,1792192,
000030.SZ,000030,20251209,93129480,2549776,C,0, ,0,800,0,1904878,
000030.SZ,000030,20251209,93130030,2555543,0,0,B,56500,100,1457178,2555542,
000030.SZ,000030,20251209,93130030,2555544,0,0,B,56500,500,1463647,2555542,
000030.SZ,000030,20251209,93130480,2561530,0,0,B,56500,100,1463647,2561529,
000030.SZ,000030,20251209,93130480,2561531,0,0,B,56500,100,1467091,2561529,
000030.SZ,000030,20251209,93130480,2561532,0,0,B,56500,200,1470162,2561529,
000030.SZ,000030,20251209,93130480,2561533,0,0,B,56500,100,1474224,2561529,
000030.SZ,000030,20251209,93130480,2561534,0,0,B,56500,100,1484212,2561529,
000030.SZ,000030,20251209,93130480,2561535,0,0,B,56500,600,1491138,2561529,
000030.SZ,000030,20251209,93130480,2561536,0,0,B,56500,100,1505023,2561529,
000030.SZ,000030,20251209,93130480,2561584,0,0,B,56500,500,1505023,2561583,
000030.SZ,000030,20251209,93130480,2561585,0,0,B,56500,200,1506129,2561583,
000030.SZ,000030,20251209,93130480,2561609,0,0,B,56500,400,1506129,2561608,
000030.SZ,000030,20251209,93130480,2561610,0,0,B,56500,600,1507004,2561608,
000030.SZ,000030,20251209,93130480,2561611,0,0,B,56500,400,1515145,2561608,
000030.SZ,000030,20251209,93130490,2561697,0,0,B,56500,500,1515145,2561696,
000030.SZ,000030,20251209,93130490,2561698,0,0,B,56500,200,1539882,2561696,
000030.SZ,000030,20251209,93130490,2561699,0,0,B,56500,1000,1552107,2561696,
000030.SZ,000030,20251209,93130490,2561705,0,0,B,56500,500,1552107,2561704,
000030.SZ,000030,20251209,93130490,2561706,0,0,B,56500,100,1668186,2561704,
000030.SZ,000030,20251209,93130490,2561707,0,0,B,56500,200,1715363,2561704,
000030.SZ,000030,20251209,93130490,2561738,0,0,B,56500,700,1715363,2561737,
000030.SZ,000030,20251209,93130490,2561782,0,0,B,56500,200,1715363,2561781,
000030.SZ,000030,20251209,93130500,2561799,0,0,B,56500,100,1715363,2561798,
000030.SZ,000030,20251209,93130500,2561899,0,0,B,56500,100,1715363,2561898,
000030.SZ,000030,20251209,93132020,2581080,0,0,S,56400,700,2581079,2016503,
000030.SZ,000030,20251209,93136200,2629765,0,0,B,56500,100,1715363,2629764,
000030.SZ,000030,20251209,93144540,2742079,0,0,S,56400,100,2742078,2016503,
000030.SZ,000030,20251209,93144540,2742080,0,0,S,56400,200,2742078,2016508,
000030.SZ,000030,20251209,93146360,2767899,0,0,S,56400,600,2767898,2016508,
000030.SZ,000030,20251209,93146360,2767900,0,0,S,56400,1800,2767898,2055267,
000030.SZ,000030,20251209,93146360,2767901,0,0,S,56400,1900,2767898,2056599,
000030.SZ,000030,20251209,93146360,2767902,0,0,S,56400,600,2767898,2057125,
000030.SZ,000030,20251209,93146360,2767903,0,0,S,56400,400,2767898,2059179,
000030.SZ,000030,20251209,93146360,2767904,0,0,S,56400,200,2767898,2090028,
000030.SZ,000030,20251209,93146360,2767905,0,0,S,56400,3000,2767898,2097215,
000030.SZ,000030,20251209,93146360,2767906,0,0,S,56400,600,2767898,2099099,
000030.SZ,000030,20251209,93146360,2767907,0,0,S,56400,4400,2767898,2132830,
000030.SZ,000030,20251209,93146360,2767908,0,0,S,56400,900,2767898,2136850,
000030.SZ,000030,20251209,93146360,2767909,0,0,S,56400,900,2767898,2137304,
000030.SZ,000030,20251209,93146360,2767910,0,0,S,56400,900,2767898,2144689,
000030.SZ,000030,20251209,93146360,2767911,0,0,S,56400,2300,2767898,2144692,
000030.SZ,000030,20251209,93146360,2767912,0,0,S,56400,200,2767898,2145276,
000030.SZ,000030,20251209,93146360,2767913,0,0,S,56400,1300,2767898,2145776,
000030.SZ,000030,20251209,93146360,2767914,0,0,S,56400,200,2767898,2146545,
000030.SZ,000030,20251209,93146360,2767915,0,0,S,56400,800,2767898,2147655,
000030.SZ,000030,20251209,93146360,2767916,0,0,S,56400,400,2767898,2166145,
000030.SZ,000030,20251209,93146360,2767917,0,0,S,56400,200,2767898,2172270,
000030.SZ,000030,20251209,93146360,2767918,0,0,S,56400,1800,2767898,2186006,
000030.SZ,000030,20251209,93146360,2767919,0,0,S,56400,300,2767898,2187324,
000030.SZ,000030,20251209,93146360,2767920,0,0,S,56400,100,2767898,2217140,
000030.SZ,000030,20251209,93146360,2767921,0,0,S,56400,200,2767898,2233870,
000030.SZ,000030,20251209,93146360,2767922,0,0,S,56400,900,2767898,2234696,
000030.SZ,000030,20251209,93146360,2767923,0,0,S,56400,1600,2767898,2235814,
000030.SZ,000030,20251209,93146360,2767924,0,0,S,56400,800,2767898,2235866,
000030.SZ,000030,20251209,93146360,2767925,0,0,S,56400,900,2767898,2235925,
000030.SZ,000030,20251209,93146360,2767926,0,0,S,56400,100,2767898,2267721,
000030.SZ,000030,20251209,93146360,2767927,0,0,S,56400,1000,2767898,2277509,
000030.SZ,000030,20251209,93146360,2767928,0,0,S,56400,1500,2767898,2277580,
000030.SZ,000030,20251209,93146360,2767929,0,0,S,56400,300,2767898,2291066,
000030.SZ,000030,20251209,93146360,2767930,0,0,S,56400,200,2767898,2310168,
000030.SZ,000030,20251209,93146360,2767931,0,0,S,56400,2100,2767898,2321638,
000030.SZ,000030,20251209,93146360,2767932,0,0,S,56400,900,2767898,2324604,
000030.SZ,000030,20251209,93146360,2767933,0,0,S,56400,1300,2767898,2325792,
000030.SZ,000030,20251209,93146360,2767934,0,0,S,56400,600,2767898,2372061,
000030.SZ,000030,20251209,93146360,2767935,0,0,S,56400,100,2767898,2385891,
000030.SZ,000030,20251209,93146360,2767936,0,0,S,56400,300,2767898,2390531,
000030.SZ,000030,20251209,93146360,2767937,0,0,S,56400,2400,2767898,2396267,
000030.SZ,000030,20251209,93146360,2767938,0,0,S,56400,100,2767898,2408593,
000030.SZ,000030,20251209,93146360,2767939,0,0,S,56400,5700,2767898,2424144,
000030.SZ,000030,20251209,93146710,2773377,0,0,S,56400,100,2773376,2424144,
000030.SZ,000030,20251209,93147630,2784975,0,0,S,56400,200,2784974,2424144,
000030.SZ,000030,20251209,93147780,2786710,0,0,S,56400,2200,2786709,2424144,
000030.SZ,000030,20251209,93147870,2787702,0,0,B,56500,300,1715363,2787701,
000030.SZ,000030,20251209,93147870,2787703,0,0,B,56500,300,1766386,2787701,
000030.SZ,000030,20251209,93147870,2787704,0,0,B,56500,100,1768518,2787701,
000030.SZ,000030,20251209,93147870,2787705,0,0,B,56500,100,1868372,2787701,
000030.SZ,000030,20251209,93147870,2787706,0,0,B,56500,300,1883847,2787701,
000030.SZ,000030,20251209,93148220,2791668,0,0,S,56400,1400,2791667,2424144,
000030.SZ,000030,20251209,93148290,2792699,C,0, ,0,200,0,2561902,
000030.SZ,000030,20251209,93151810,2837917,0,0,S,56400,200,2837916,2424144,
000030.SZ,000030,20251209,93154200,2866221,0,0,B,56500,100,1883847,2866220,
000030.SZ,000030,20251209,93154410,2869020,C,0, ,0,100,2789197,0,
000030.SZ,000030,20251209,93159320,2927905,0,0,S,56400,4600,2927904,2424144,
000030.SZ,000030,20251209,93159760,2932342,C,0, ,0,200,2487067,0,
000030.SZ,000030,20251209,93159760,2932345,C,0, ,0,300,2660094,0,
000030.SZ,000030,20251209,93159770,2932468,0,0,S,56400,600,2932467,2424144,
000030.SZ,000030,20251209,93200470,2941734,0,0,B,56500,500,1883847,2941733,
000030.SZ,000030,20251209,93201320,2956152,C,0, ,0,100000,0,2639266,
000030.SZ,000030,20251209,93201350,2956706,C,0, ,0,100000,0,2493363,
000030.SZ,000030,20251209,93203850,2988475,0,0,S,56400,600,2988474,2424144,
000030.SZ,000030,20251209,93203910,2989365,0,0,S,56400,100,2989364,2424144,
000030.SZ,000030,20251209,93206350,3019830,0,0,S,56400,400,3019829,2424144,
000030.SZ,000030,20251209,93207290,3032070,C,0, ,0,200,2630938,0,
000030.SZ,000030,20251209,93207360,3033198,0,0,S,56400,100,3033197,2424144,
000030.SZ,000030,20251209,93207380,3033353,C,0, ,0,300,2632814,0,
000030.SZ,000030,20251209,93207380,3033365,C,0, ,0,200,2633726,0,
000030.SZ,000030,20251209,93207510,3035075,C,0, ,0,200,2634756,0,
000030.SZ,000030,20251209,93208280,3044490,0,0,S,56400,100,3044489,2424144,
000030.SZ,000030,20251209,93208280,3044491,0,0,S,56400,100,3044489,2442529,
000030.SZ,000030,20251209,93208380,3045584,0,0,S,56400,300,3045583,2442529,
000030.SZ,000030,20251209,93208380,3045680,0,0,S,56400,200,3045679,2442529,
000030.SZ,000030,20251209,93208510,3046921,0,0,S,56400,200,3046920,2442529,
000030.SZ,000030,20251209,93209000,3051911,0,0,S,56400,200,3051910,2442529,
000030.SZ,000030,20251209,93209000,3051980,0,0,S,56400,600,3051979,2442529,
000030.SZ,000030,20251209,93209000,3051981,0,0,S,56400,800,3051979,2442620,
000030.SZ,000030,20251209,93209010,3051986,0,0,S,56400,1600,3051985,2442620,
000030.SZ,000030,20251209,93209010,3051987,0,0,S,56400,1100,3051985,2478494,
000030.SZ,000030,20251209,93209010,3051988,0,0,S,56400,100,3051985,2495428,
000030.SZ,000030,20251209,93209010,3051989,0,0,S,56400,1000,3051985,2519493,
000030.SZ,000030,20251209,93209010,3051990,0,0,S,56400,900,3051985,2519977,
000030.SZ,000030,20251209,93209010,3051991,0,0,S,56400,400,3051985,2520504,
000030.SZ,000030,20251209,93209010,3051992,0,0,S,56400,200,3051985,2523084,
000030.SZ,000030,20251209,93209010,3051993,0,0,S,56400,100,3051985,2550146,
000030.SZ,000030,20251209,93209010,3051994,0,0,S,56400,100,3051985,2561784,
000030.SZ,000030,20251209,93209010,3051995,0,0,S,56400,3100,3051985,2604049,
000030.SZ,000030,20251209,93209010,3051996,0,0,S,56400,400,3051985,2606477,
000030.SZ,000030,20251209,93209010,3051997,0,0,S,56400,2100,3051985,2606479,
000030.SZ,000030,20251209,93209010,3051998,0,0,S,56400,4800,3051985,2606480,
000030.SZ,000030,20251209,93209010,3051999,0,0,S,56400,500,3051985,2610799,
000030.SZ,000030,20251209,93209010,3052000,0,0,S,56400,3700,3051985,2671122,
000030.SZ,000030,20251209,93209010,3052001,0,0,S,56400,2000,3051985,2711446,
000030.SZ,000030,20251209,93209010,3052002,0,0,S,56400,100,3051985,2711965,
000030.SZ,000030,20251209,93209010,3052003,0,0,S,56400,900,3051985,2716363,
000030.SZ,000030,20251209,93209010,3052004,0,0,S,56400,100,3051985,2717153,
000030.SZ,000030,20251209,93209010,3052005,0,0,S,56400,200,3051985,2719059,
000030.SZ,000030,20251209,93209010,3052006,0,0,S,56400,100,3051985,2723960,
000030.SZ,000030,20251209,93209010,3052007,0,0,S,56400,700,3051985,2755829,
000030.SZ,000030,20251209,93209010,3052008,0,0,S,56400,1100,3051985,2756353,
000030.SZ,000030,20251209,93209010,3052009,0,0,S,56400,2100,3051985,2854426,
000030.SZ,000030,20251209,93209010,3052010,0,0,S,56400,1500,3051985,2864412,
000030.SZ,000030,20251209,93209010,3052011,0,0,S,56400,800,3051985,2866991,
000030.SZ,000030,20251209,93209010,3052012,0,0,S,56400,200,3051985,2867315,
000030.SZ,000030,20251209,93209010,3052013,0,0,S,56400,200,3051985,2913285,
000030.SZ,000030,20251209,93209010,3052014,0,0,S,56400,2000,3051985,2932557,
000030.SZ,000030,20251209,93209010,3052129,0,0,S,56400,1100,3052128,2932557,
000030.SZ,000030,20251209,93209010,3052130,0,0,S,56400,600,3052128,2939022,
000030.SZ,000030,20251209,93209020,3052133,0,0,S,56400,200,3052132,2939022,
000030.SZ,000030,20251209,93209020,3052134,0,0,S,56400,200,3052132,2943828,
000030.SZ,000030,20251209,93209020,3052135,0,0,S,56400,100,3052132,2988696,
000030.SZ,000030,20251209,93209030,3052371,0,0,B,56400,100,3052132,3052370,
000030.SZ,000030,20251209,93209100,3053339,0,0,S,56300,1500,3053338,1655825,
000030.SZ,000030,20251209,93209310,3055553,0,0,S,56300,1100,3055552,1655825,
000030.SZ,000030,20251209,93209910,3062893,C,0, ,0,1100,3049736,0,
000030.SZ,000030,20251209,93209990,3063678,C,0, ,0,1200,3051772,0,
000030.SZ,000030,20251209,93210020,3064092,C,0, ,0,2200,3052141,0,
000030.SZ,000030,20251209,93210040,3064332,C,0, ,0,2200,3052146,0,
000030.SZ,000030,20251209,93210240,3066634,C,0, ,0,400,2254644,0,
000030.SZ,000030,20251209,93210430,3069197,C,0, ,0,1700,3052142,0,
000030.SZ,000030,20251209,93211110,3077689,C,0, ,0,700,3053422,0,
000030.SZ,000030,20251209,93211110,3077690,C,0, ,0,1200,3053435,0,
000030.SZ,000030,20251209,93211110,3077691,C,0, ,0,400,3053427,0,
000030.SZ,000030,20251209,93211510,3082032,C,0, ,0,2200,3052152,0,
000030.SZ,000030,20251209,93212020,3086964,C,0, ,0,1100,3052136,0,
000030.SZ,000030,20251209,93212020,3086966,C,0, ,0,1100,3052138,0,
000030.SZ,000030,20251209,93214340,3124930,C,0, ,0,100,2312192,0,
000030.SZ,000030,20251209,93223130,3243600,0,0,S,56300,100,3243599,1655825,
000030.SZ,000030,20251209,93223130,3243601,0,0,S,56300,2700,3243599,1657392,
000030.SZ,000030,20251209,93223130,3243602,0,0,S,56300,200,3243599,1657990,
000030.SZ,000030,20251209,93224150,3255365,0,0,B,56400,200,3052132,3255364,
000030.SZ,000030,20251209,93224150,3255366,0,0,B,56400,500,3052145,3255364,
000030.SZ,000030,20251209,93225410,3272397,C,0, ,0,600,2497205,0,
000030.SZ,000030,20251209,93226560,3286941,0,0,S,56300,900,3286940,1657990,
000030.SZ,000030,20251209,93226560,3286942,0,0,S,56300,1300,3286940,1665914,
000030.SZ,000030,20251209,93229420,3321787,0,0,B,56400,700,3052145,3321786,
000030.SZ,000030,20251209,93229480,3322436,C,0, ,0,200,2496358,0,
000030.SZ,000030,20251209,93230460,3333638,0,0,S,56300,200,3333637,1665914,
000030.SZ,000030,20251209,93232090,3355052,0,0,B,56400,5000,3052145,3355051,
000030.SZ,000030,20251209,93232100,3355090,0,0,B,56400,100,3052145,3355089,
000030.SZ,000030,20251209,93232100,3355092,0,0,B,56400,400,3052453,3355091,
000030.SZ,000030,20251209,93233290,3368093,0,0,B,56400,300,3052453,3368092,
000030.SZ,000030,20251209,93235700,3397592,C,0, ,0,100,0,3060562,
000030.SZ,000030,20251209,93236170,3402654,C,0, ,0,100,0,3065737,
000030.SZ,000030,20251209,93236440,3406128,C,0, ,0,100,0,3056954,
000030.SZ,000030,20251209,93236590,3408807,C,0, ,0,100,0,3059046,
000030.SZ,000030,20251209,93236700,3410131,0,0,B,56400,100,3052453,3410130,
000030.SZ,000030,20251209,93237170,3416003,0,0,B,56400,100,3052460,3416002,
000030.SZ,000030,20251209,93237440,3419545,0,0,B,56400,100,3052460,3419544,
000030.SZ,000030,20251209,93237590,3421357,0,0,B,56400,100,3052460,3421356,
000030.SZ,000030,20251209,93239430,3441493,C,0, ,0,200,2869328,0,
000030.SZ,000030,20251209,93242460,3476310,C,0, ,0,7300,2636197,0,
000030.SZ,000030,20251209,93242460,3476314,C,0, ,0,6000,3025097,0,
000030.SZ,000030,20251209,93242460,3476315,C,0, ,0,4900,3399495,0,
000030.SZ,000030,20251209,93242880,3481046,0,0,B,56400,500,3052460,3481045,
000030.SZ,000030,20251209,93242880,3481047,0,0,B,56400,1200,3052484,3481045,
000030.SZ,000030,20251209,93242880,3481048,0,0,B,56400,600,3052670,3481045,
000030.SZ,000030,20251209,93242890,3481088,0,0,B,56400,100,3052670,3481087,
000030.SZ,000030,20251209,93242890,3481093,0,0,B,56400,200,3052670,3481092,
000030.SZ,000030,20251209,93242890,3481094,0,0,B,56400,300,3052881,3481092,
000030.SZ,000030,20251209,93244700,3500047,C,0, ,0,200,3350113,0,
000030.SZ,000030,20251209,93245700,3511616,0,0,S,56300,200,3511615,1665914,
000030.SZ,000030,20251209,93249190,3547613,0,0,B,56400,500,3052881,3547612,
000030.SZ,000030,20251209,93249190,3547614,0,0,B,56400,2000,3052887,3547612,
000030.SZ,000030,20251209,93249190,3547615,0,0,B,56400,900,3053051,3547612,
000030.SZ,000030,20251209,93249190,3547616,0,0,B,56400,2000,3053537,3547612,
000030.SZ,000030,20251209,93249190,3547617,0,0,B,56400,1900,3054141,3547612,
000030.SZ,000030,20251209,93249190,3547618,0,0,B,56400,1200,3055253,3547612,
000030.SZ,000030,20251209,93249190,3547619,0,0,B,56400,1800,3056482,3547612,
000030.SZ,000030,20251209,93249190,3547620,0,0,B,56400,800,3089874,3547612,
000030.SZ,000030,20251209,93249190,3547621,0,0,B,56400,1500,3098342,3547612,
000030.SZ,000030,20251209,93249190,3547622,0,0,B,56400,800,3110997,3547612,
000030.SZ,000030,20251209,93249190,3547623,0,0,B,56400,100,3111887,3547612,
000030.SZ,000030,20251209,93249190,3547624,0,0,B,56400,900,3113372,3547612,
000030.SZ,000030,20251209,93249190,3547625,0,0,B,56400,1700,3118810,3547612,
000030.SZ,000030,20251209,93249190,3547626,0,0,B,56400,1200,3121544,3547612,
000030.SZ,000030,20251209,93249190,3547627,0,0,B,56400,100,3125737,3547612,
000030.SZ,000030,20251209,93249190,3547628,0,0,B,56400,600,3137037,3547612,
000030.SZ,000030,20251209,93249190,3547629,0,0,B,56400,100,3137135,3547612,
000030.SZ,000030,20251209,93249190,3547630,0,0,B,56400,100,3141950,3547612,
000030.SZ,000030,20251209,93249190,3547631,0,0,B,56400,1600,3145147,3547612,
000030.SZ,000030,20251209,93249190,3547632,0,0,B,56400,1600,3146825,3547612,
000030.SZ,000030,20251209,93249190,3547633,0,0,B,56400,100,3219337,3547612,
000030.SZ,000030,20251209,93249190,3547634,0,0,B,56400,1300,3303169,3547612,
000030.SZ,000030,20251209,93249190,3547635,0,0,B,56400,100,3306429,3547612,
000030.SZ,000030,20251209,93249190,3547636,0,0,B,56400,100,3365237,3547612,
000030.SZ,000030,20251209,93249190,3547637,0,0,B,56400,200,3441730,3547612,
000030.SZ,000030,20251209,93249190,3547638,0,0,B,56400,600,3474530,3547612,
000030.SZ,000030,20251209,93249190,3547639,0,0,B,56400,100,3493009,3547612,
000030.SZ,000030,20251209,93249190,3547640,0,0,B,56500,200,1883847,3547612,
000030.SZ,000030,20251209,93249190,3547641,0,0,B,56500,100000,2109139,3547612,
000030.SZ,000030,20251209,93249190,3547642,0,0,B,56500,100,2284740,3547612,
000030.SZ,000030,20251209,93249190,3547643,0,0,B,56500,2000,2372457,3547612,
000030.SZ,000030,20251209,93249190,3547644,0,0,B,56500,600,2490056,3547612,
000030.SZ,000030,20251209,93249190,3547645,0,0,B,56500,100,2875735,3547612,
000030.SZ,000030,20251209,93249190,3547646,0,0,B,56500,800,2989275,3547612,
000030.SZ,000030,20251209,93249190,3547647,0,0,B,56500,100,2995587,3547612,
000030.SZ,000030,20251209,93249190,3547648,0,0,B,56500,700,3045117,3547612,
000030.SZ,000030,20251209,93249190,3547649,0,0,B,56500,600,3045842,3547612,
000030.SZ,000030,20251209,93249190,3547650,0,0,B,56500,700,3045843,3547612,
000030.SZ,000030,20251209,93249190,3547651,0,0,B,56500,800,3046218,3547612,
000030.SZ,000030,20251209,93249190,3547652,0,0,B,56500,800,3047332,3547612,
000030.SZ,000030,20251209,93249190,3547653,0,0,B,56500,4100,3053020,3547612,
000030.SZ,000030,20251209,93249190,3547654,0,0,B,56500,200,3155594,3547612,
000030.SZ,000030,20251209,93249190,3547655,0,0,B,56500,5000,3259078,3547612,
000030.SZ,000030,20251209,93249190,3547656,0,0,B,56500,1600,3468742,3547612,
000030.SZ,000030,20251209,93249190,3547657,0,0,B,56600,90100,408637,3547612,
000030.SZ,000030,20251209,93249190,3547658,0,0,B,56600,2100,1139727,3547612,
000030.SZ,000030,20251209,93249190,3547659,0,0,B,56600,2000,1222347,3547612,
000030.SZ,000030,20251209,93249190,3547660,0,0,B,56600,2100,1222796,3547612,
000030.SZ,000030,20251209,93249190,3547661,0,0,B,56600,1500,1265501,3547612,
000030.SZ,000030,20251209,93249190,3547662,0,0,B,56600,100,1265522,3547612,
000030.SZ,000030,20251209,93249190,3547663,0,0,B,56600,1000,1265542,3547612,
000030.SZ,000030,20251209,93249190,3547664,0,0,B,56600,400,1352849,3547612,
000030.SZ,000030,20251209,93249190,3547665,0,0,B,56600,1000,1352850,3547612,
000030.SZ,000030,20251209,93249190,3547666,0,0,B,56600,2200,1391261,3547612,
000030.SZ,000030,20251209,93249190,3547667,0,0,B,56600,100,1453378,3547612,
000030.SZ,000030,20251209,93249190,3547668,0,0,B,56600,100,1507167,3547612,
000030.SZ,000030,20251209,93249190,3547669,0,0,B,56600,100,1512083,3547612,
000030.SZ,000030,20251209,93249190,3547670,0,0,B,56600,100,1519088,3547612,
000030.SZ,000030,20251209,93249190,3547671,0,0,B,56600,100,1680560,3547612,
000030.SZ,000030,20251209,93249190,3547701,0,0,S,56600,100,3547700,3547612,
000030.SZ,000030,20251209,93249190,3547723,C,0, ,0,500,0,3547697,
000030.SZ,000030,20251209,93249200,3547784,0,0,S,56600,700,3547783,3547612,
000030.SZ,000030,20251209,93249210,3547959,0,0,B,56700,3600,3547698,3547958,
000030.SZ,000030,20251209,93249250,3548363,0,0,B,56700,100,3547704,3548362,
000030.SZ,000030,20251209,93249840,3555146,C,0, ,0,100,0,1519516,
000030.SZ,000030,20251209,93250710,3563373,C,0, ,0,100,0,1509325,
000030.SZ,000030,20251209,93250720,3563421,C,0, ,0,15600,3547957,0,
000030.SZ,000030,20251209,93250790,3564050,C,0, ,0,100,0,1507853,
000030.SZ,000030,20251209,93250960,3565449,C,0, ,0,100,0,1680085,
000030.SZ,000030,20251209,93251330,3569549,0,0,B,56700,100,3547704,3569548,
000030.SZ,000030,20251209,93251350,3569768,0,0,S,56600,600,3569767,3547612,
000030.SZ,000030,20251209,93251360,3569794,C,0, ,0,600,0,3514055,
000030.SZ,000030,20251209,93251360,3569864,0,0,S,56600,40200,3569863,3547612,
000030.SZ,000030,20251209,93251400,3570568,C,0, ,0,1700,0,3056797,
000030.SZ,000030,20251209,93251410,3570779,C,0, ,0,700,0,3140678,
000030.SZ,000030,20251209,93251540,3572412,C,0, ,0,1400,0,3260426,
000030.SZ,000030,20251209,93251550,3572429,C,0, ,0,1900,0,3219162,
000030.SZ,000030,20251209,93251940,3577540,C,0, ,0,4400,0,3387704,
000030.SZ,000030,20251209,93252280,3581854,0,0,B,56700,3800,3547704,3581853,
000030.SZ,000030,20251209,93252400,3583537,C,0, ,0,100,0,3266519,
000030.SZ,000030,20251209,93252920,3588808,C,0, ,0,4900,3570187,0,
000030.SZ,000030,20251209,93253810,3596753,0,0,S,56600,500,3596752,3547612,
000030.SZ,000030,20251209,93254210,3600371,0,0,S,56600,2000,3600370,3547612,
000030.SZ,000030,20251209,93254220,3600438,0,0,B,56700,100,3547704,3600437,
000030.SZ,000030,20251209,93254240,3600763,C,0, ,0,3000,0,3223895,
000030.SZ,000030,20251209,93254250,3600867,C,0, ,0,900,0,3439571,
000030.SZ,000030,20251209,93254270,3601022,C,0, ,0,800,0,3333991,
000030.SZ,000030,20251209,93254280,3601112,C,0, ,0,800,0,3091516,
000030.SZ,000030,20251209,93254300,3601359,C,0, ,0,200,0,3256759,
000030.SZ,000030,20251209,93254300,3601374,C,0, ,0,900,0,3297596,
000030.SZ,000030,20251209,93254330,3601670,0,0,B,56700,100,3547704,3601669,
000030.SZ,000030,20251209,93254560,3604166,C,0, ,0,4900,3548039,0,
000030.SZ,000030,20251209,93257160,3631207,0,0,S,56600,700,3631206,3547612,
000030.SZ,000030,20251209,93257300,3632644,C,0, ,0,700,0,3479395,
000030.SZ,000030,20251209,93257310,3632775,C,0, ,0,600,0,3057201,
000030.SZ,000030,20251209,93257980,3640543,C,0, ,0,1700,0,3093826,
000030.SZ,000030,20251209,93257980,3640560,C,0, ,0,1700,0,3476848,
000030.SZ,000030,20251209,93258860,3649772,C,0, ,0,6300,3547708,0,
000030.SZ,000030,20251209,93258860,3649777,C,0, ,0,6300,0,3547707,
000030.SZ,000030,20251209,93258860,3649820,C,0, ,0,3700,3547704,0,
000030.SZ,000030,20251209,93300320,3664966,C,0, ,0,200,0,3511385,
000030.SZ,000030,20251209,93300330,3665090,C,0, ,0,100,0,3511509,
000030.SZ,000030,20251209,93300330,3665263,C,0, ,0,200,0,3094154,
000030.SZ,000030,20251209,93300330,3665291,C,0, ,0,100,0,3141170,
000030.SZ,000030,20251209,93300370,3665646,0,0,B,56700,900,3550722,3665645,
000030.SZ,000030,20251209,93300370,3665647,0,0,B,56700,100,3555022,3665645,
000030.SZ,000030,20251209,93300370,3665648,0,0,B,56700,400,3578359,3665645,
000030.SZ,000030,20251209,93301830,3684860,C,0, ,0,2100,0,2585925,
000030.SZ,000030,20251209,93302850,3695084,C,0, ,0,1900,3664327,0,
000030.SZ,000030,20251209,93304940,3720047,C,0, ,0,2400,0,2465969,
000030.SZ,000030,20251209,93306200,3734197,C,0, ,0,100,0,2290960,
000030.SZ,000030,20251209,93307800,3753850,C,0, ,0,1000,0,540271,
000030.SZ,000030,20251209,93309110,3768417,0,0,B,56700,100,3578359,3768416,
000030.SZ,000030,20251209,93314590,3825245,0,0,S,56600,600,3825244,3547612,
000030.SZ,000030,20251209,93319370,3873445,0,0,B,56700,800,3578359,3873444,
000030.SZ,000030,20251209,93323490,3912997,0,0,S,56600,200,3912996,3547612,
000030.SZ,000030,20251209,93325020,3927920,0,0,S,56600,200,3927919,3547612,
000030.SZ,000030,20251209,93327870,3955538,0,0,B,56700,200,3578359,3955537,
000030.SZ,000030,20251209,93327870,3955539,0,0,B,56700,900,3592875,3955537,
000030.SZ,000030,20251209,93327880,3955634,C,0, ,0,1800,3664328,0,
000030.SZ,000030,20251209,93328090,3957693,C,0, ,0,300,0,1924217,
000030.SZ,000030,20251209,93328400,3961784,0,0,S,56600,8900,3961783,3547612,
000030.SZ,000030,20251209,93328400,3961785,0,0,S,56600,1300,3961783,3570417,
000030.SZ,000030,20251209,93328400,3961786,0,0,S,56600,1000,3961783,3571304,
000030.SZ,000030,20251209,93328400,3961787,0,0,S,56600,3200,3961783,3572436,
000030.SZ,000030,20251209,93328400,3961788,0,0,S,56600,2300,3961783,3572451,
000030.SZ,000030,20251209,93328400,3961789,0,0,S,56600,900,3961783,3588858,
000030.SZ,000030,20251209,93328400,3961790,0,0,S,56600,1800,3961783,3600548,
000030.SZ,000030,20251209,93328400,3961791,0,0,S,56600,400,3961783,3600818,
000030.SZ,000030,20251209,93328400,3961792,0,0,S,56600,800,3961783,3601101,
000030.SZ,000030,20251209,93328400,3961793,0,0,S,56600,1700,3961783,3601106,
000030.SZ,000030,20251209,93328400,3961794,0,0,S,56600,1700,3961783,3601149,
000030.SZ,000030,20251209,93328400,3961795,0,0,S,56600,1300,3961783,3632984,
000030.SZ,000030,20251209,93328400,3961796,0,0,S,56600,500,3961783,3640578,
000030.SZ,000030,20251209,93328400,3961797,0,0,S,56600,3000,3961783,3640595,
000030.SZ,000030,20251209,93328400,3961798,0,0,S,56600,400,3961783,3664822,
000030.SZ,000030,20251209,93328400,3961849,0,0,S,56600,400,3961848,3664822,
000030.SZ,000030,20251209,93328400,3961850,0,0,S,56600,400,3961848,3664831,
000030.SZ,000030,20251209,93328400,3961851,0,0,S,56600,200,3961848,3664880,
000030.SZ,000030,20251209,93328400,3961852,0,0,S,56600,400,3961848,3665251,
000030.SZ,000030,20251209,93328400,3961853,0,0,S,56600,400,3961848,3702753,
000030.SZ,000030,20251209,93328400,3961854,0,0,S,56600,100,3961848,3734294,
000030.SZ,000030,20251209,93328400,3961855,0,0,S,56600,600,3961848,3771066,
000030.SZ,000030,20251209,93328400,3961856,0,0,S,56600,900,3961848,3771203,
000030.SZ,000030,20251209,93328400,3961857,0,0,S,56600,1600,3961848,3771318,
000030.SZ,000030,20251209,93328400,3961858,0,0,S,56600,200,3961848,3801881,
000030.SZ,000030,20251209,93328400,3961859,0,0,S,56600,2400,3961848,3813446,
000030.SZ,000030,20251209,93328400,3961860,0,0,S,56600,2100,3961848,3825098,
000030.SZ,000030,20251209,93328400,3961861,0,0,S,56600,900,3961848,3829139,
000030.SZ,000030,20251209,93328400,3961862,0,0,S,56600,100,3961848,3831509,
000030.SZ,000030,20251209,93328400,3961863,0,0,S,56600,700,3961848,3831648,
000030.SZ,000030,20251209,93328400,3961864,0,0,S,56600,100,3961848,3849236,
000030.SZ,000030,20251209,93328400,3961865,0,0,S,56600,1800,3961848,3891011,
000030.SZ,000030,20251209,93328400,3961866,0,0,S,56600,1300,3961848,3896396,
000030.SZ,000030,20251209,93328400,3961867,0,0,S,56600,1200,3961848,3919207,
000030.SZ,000030,20251209,93328400,3961868,0,0,S,56600,800,3961848,3920191,
000030.SZ,000030,20251209,93328400,3961869,0,0,S,56600,200,3961848,3920283,
000030.SZ,000030,20251209,93328400,3961870,0,0,S,56600,100,3961848,3956050,
000030.SZ,000030,20251209,93328410,3961932,C,0, ,0,3500,0,3547696,
000030.SZ,000030,20251209,93328410,3961935,C,0, ,0,500,3547699,0,
000030.SZ,000030,20251209,93328410,3961998,0,0,B,56600,200,3961895,3961997,
000030.SZ,000030,20251209,93328410,3962008,0,0,B,56600,300,3961895,3962007,
000030.SZ,000030,20251209,93328410,3962012,0,0,B,56600,400,3961895,3962011,
000030.SZ,000030,20251209,93328420,3962066,0,0,B,56600,100,3961895,3962065,
000030.SZ,000030,20251209,93328430,3962145,0,0,B,56600,1600,3961895,3962144,
000030.SZ,000030,20251209,93328430,3962152,0,0,B,56600,200,3961895,3962151,
000030.SZ,000030,20251209,93328430,3962154,0,0,B,56600,400,3961895,3962153,
000030.SZ,000030,20251209,93328430,3962192,0,0,B,56600,100,3961895,3962191,
000030.SZ,000030,20251209,93328500,3962825,C,0, ,0,2400,3548201,0,
000030.SZ,000030,20251209,93328720,3965037,C,0, ,0,300,0,1828052,
000030.SZ,000030,20251209,93328980,3967127,C,0, ,0,200,0,1722619,
000030.SZ,000030,20251209,93329510,3971515,C,0, ,0,3600,3961895,0,
000030.SZ,000030,20251209,93329720,3973231,0,0,B,56600,300,3961952,3973230,
000030.SZ,000030,20251209,93329750,3973520,0,0,B,56600,800,3962346,3973519,
000030.SZ,000030,20251209,93329750,3973521,0,0,B,56600,300,3964685,3973519,
000030.SZ,000030,20251209,93329760,3973591,0,0,B,56600,100,3964685,3973590,
000030.SZ,000030,20251209,93329760,3973593,0,0,B,56600,200,3964685,3973592,
000030.SZ,000030,20251209,93329760,3973595,0,0,B,56600,300,3964685,3973594,
000030.SZ,000030,20251209,93329770,3973711,C,0, ,0,4900,3961958,0,
000030.SZ,000030,20251209,93329970,3975342,0,0,B,56600,200,3964685,3975341,
000030.SZ,000030,20251209,93330000,3975603,0,0,B,56600,600,3964685,3975602,
000030.SZ,000030,20251209,93330000,3975604,0,0,B,56600,100,3965016,3975602,
000030.SZ,000030,20251209,93330890,3984898,0,0,B,56600,1800,3965016,3984897,
000030.SZ,000030,20251209,93330900,3984938,0,0,B,56600,100,3965016,3984937,
000030.SZ,000030,20251209,93331000,3985809,0,0,B,56600,300,3965016,3985808,
000030.SZ,000030,20251209,93332980,4004127,0,0,B,56600,100,3965016,4004126,
000030.SZ,000030,20251209,93332980,4004128,0,0,B,56600,200,3998201,4004126,
000030.SZ,000030,20251209,93333000,4004307,0,0,B,56600,700,3998201,4004306,
000030.SZ,000030,20251209,93333000,4004348,0,0,B,56600,300,3998646,4004347,
000030.SZ,000030,20251209,93333000,4004349,0,0,B,56600,300,3998649,4004347,
000030.SZ,000030,20251209,93333040,4004670,C,0, ,0,100,3796069,0,
000030.SZ,000030,20251209,93335990,4031771,C,0, ,0,700,3894783,0,
000030.SZ,000030,20251209,93342180,4093591,0,0,S,56500,100,4093590,3548197,
000030.SZ,000030,20251209,93342280,4094826,0,0,B,56700,700,3592875,4094825,
000030.SZ,000030,20251209,93342280,4094827,0,0,B,56700,400,3664099,4094825,
000030.SZ,000030,20251209,93342280,4094828,0,0,B,56700,100,3664102,4094825,
000030.SZ,000030,20251209,93351150,4185783,C,0, ,0,400,3664110,0,
000030.SZ,000030,20251209,93351150,4185784,C,0, ,0,400,3664117,0,
000030.SZ,000030,20251209,93351150,4185785,C,0, ,0,400,3664116,0,
000030.SZ,000030,20251209,93351150,4185786,C,0, ,0,400,3664133,0,
000030.SZ,000030,20251209,93351150,4185788,C,0, ,0,400,3664114,0,
000030.SZ,000030,20251209,93351150,4185789,C,0, ,0,400,3664135,0,
000030.SZ,000030,20251209,93351150,4185790,C,0, ,0,400,3664126,0,
000030.SZ,000030,20251209,93351150,4185791,C,0, ,0,400,3664115,0,
000030.SZ,000030,20251209,93351150,4185792,C,0, ,0,400,3664123,0,
000030.SZ,000030,20251209,93351150,4185793,C,0, ,0,400,3664124,0,
000030.SZ,000030,20251209,93351150,4185794,C,0, ,0,400,3664130,0,
000030.SZ,000030,20251209,93351150,4185797,C,0, ,0,400,3664118,0,
000030.SZ,000030,20251209,93351150,4185798,C,0, ,0,1500,3664149,0,
000030.SZ,000030,20251209,93351150,4185799,C,0, ,0,400,3664138,0,
000030.SZ,000030,20251209,93351150,4185800,C,0, ,0,100,3664129,0,
000030.SZ,000030,20251209,93351150,4185802,C,0, ,0,400,3664103,0,
000030.SZ,000030,20251209,93351150,4185803,C,0, ,0,400,3664142,0,
000030.SZ,000030,20251209,93351150,4185804,C,0, ,0,400,3664131,0,
000030.SZ,000030,20251209,93351150,4185805,C,0, ,0,700,3664104,0,
000030.SZ,000030,20251209,93351150,4185806,C,0, ,0,300,3664102,0,
000030.SZ,000030,20251209,93351150,4185807,C,0, ,0,400,3664220,0,
000030.SZ,000030,20251209,93351150,4185811,C,0, ,0,400,3664146,0,
000030.SZ,000030,20251209,93351150,4185812,C,0, ,0,400,3664141,0,
000030.SZ,000030,20251209,93351150,4185814,C,0, ,0,400,3664168,0,
000030.SZ,000030,20251209,93351150,4185815,C,0, ,0,400,3664140,0,
000030.SZ,000030,20251209,93351150,4185817,C,0, ,0,300,3664260,0,
000030.SZ,000030,20251209,93351150,4185821,C,0, ,0,200,3664155,0,
000030.SZ,000030,20251209,93351150,4185828,C,0, ,0,400,3664134,0,
000030.SZ,000030,20251209,93351150,4185837,C,0, ,0,400,3664127,0,
000030.SZ,000030,20251209,93351160,4185889,C,0, ,0,400,3664156,0,
000030.SZ,000030,20251209,93351180,4186077,C,0, ,0,400,3665826,0,
000030.SZ,000030,20251209,93351180,4186095,C,0, ,0,400,3665788,0,
000030.SZ,000030,20251209,93351180,4186116,C,0, ,0,900,3665886,0,
000030.SZ,000030,20251209,93351200,4186205,C,0, ,0,400,3664187,0,
000030.SZ,000030,20251209,93351210,4186426,C,0, ,0,400,3664193,0,
000030.SZ,000030,20251209,93356830,4240714,0,0,B,56600,1300,4240654,4240713,
000030.SZ,000030,20251209,93401210,4285248,0,0,B,56700,200,3664262,4285247,
000030.SZ,000030,20251209,93401210,4285249,0,0,B,56700,400,3664268,4285247,
000030.SZ,000030,20251209,93401210,4285250,0,0,B,56700,1600,3675287,4285247,
000030.SZ,000030,20251209,93401210,4285251,0,0,B,56700,1000,3676356,4285247,
000030.SZ,000030,20251209,93401210,4285252,0,0,B,56700,300,3686742,4285247,
000030.SZ,000030,20251209,93402860,4301489,C,0, ,0,1400,0,3962039,
000030.SZ,000030,20251209,93402860,4301490,C,0, ,0,1900,4185871,0,
000030.SZ,000030,20251209,93403560,4308486,0,0,B,56700,500,3686742,4308485,
000030.SZ,000030,20251209,93403560,4308487,0,0,B,56700,1100,3696872,4308485,
000030.SZ,000030,20251209,93403560,4308488,0,0,B,56700,100,3753775,4308485,
000030.SZ,000030,20251209,93403560,4308489,0,0,B,56700,100,3763062,4308485,
000030.SZ,000030,20251209,93403560,4308490,0,0,B,56700,100,3782573,4308485,
000030.SZ,000030,20251209,93403560,4308491,0,0,B,56700,400,3897949,4308485,
000030.SZ,000030,20251209,93403560,4308492,0,0,B,56700,1500,3898673,4308485,
000030.SZ,000030,20251209,93404160,4314901,C,0, ,0,1300,0,4097758,
000030.SZ,000030,20251209,93406230,4334733,C,0, ,0,1700,0,4186524,
000030.SZ,000030,20251209,93406230,4334745,C,0, ,0,1200,0,4186536,
000030.SZ,000030,20251209,93406260,4335000,C,0, ,0,900,0,3978443,
000030.SZ,000030,20251209,93406270,4335266,C,0, ,0,900,0,4094717,
000030.SZ,000030,20251209,93408060,4353289,C,0, ,0,600,0,4178528,
000030.SZ,000030,20251209,93408060,4353290,C,0, ,0,400,0,4182814,
000030.SZ,000030,20251209,93408160,4354129,C,0, ,0,400,0,4182291,
000030.SZ,000030,20251209,93408330,4355692,C,0, ,0,400,0,4178593,
000030.SZ,000030,20251209,93409320,4364675,C,0, ,0,700,0,4064327,
000030.SZ,000030,20251209,93409350,4365005,C,0, ,0,700,0,4126231,
000030.SZ,000030,20251209,93409530,4366675,C,0, ,0,1800,3961918,0,
000030.SZ,000030,20251209,93409560,4366914,0,0,B,56700,100,3898673,4366913,
000030.SZ,000030,20251209,93409560,4366915,0,0,B,56700,100,3900976,4366913,
000030.SZ,000030,20251209,93409560,4366916,0,0,B,56700,200,3912024,4366913,
000030.SZ,000030,20251209,93409560,4366917,0,0,B,56700,200,3920134,4366913,
000030.SZ,000030,20251209,93409560,4366918,0,0,B,56700,400,3933246,4366913,
000030.SZ,000030,20251209,93409560,4366919,0,0,B,56700,4000,3992076,4366913,
000030.SZ,000030,20251209,93409560,4366920,0,0,B,56700,1500,4070546,4366913,
000030.SZ,000030,20251209,93409560,4366921,0,0,B,56700,3000,4070664,4366913,
000030.SZ,000030,20251209,93409560,4366922,0,0,B,56700,100,4132215,4366913,
000030.SZ,000030,20251209,93409560,4366923,0,0,B,56700,100,4155160,4366913,
000030.SZ,000030,20251209,93409560,4366924,0,0,B,56700,100,4227284,4366913,
000030.SZ,000030,20251209,93409560,4366925,0,0,B,56700,900,4232774,4366913,
000030.SZ,000030,20251209,93409560,4366926,0,0,B,56700,1000,4249830,4366913,
000030.SZ,000030,20251209,93409570,4367179,0,0,B,56700,700,4249830,4367178,
000030.SZ,000030,20251209,93409570,4367180,0,0,B,56700,100,4251479,4367178,
000030.SZ,000030,20251209,93409570,4367182,0,0,B,56700,100,4251479,4367181,
000030.SZ,000030,20251209,93409570,4367191,0,0,B,56700,100,4251479,4367190,
000030.SZ,000030,20251209,93409800,4369488,C,0, ,0,8000,0,416419,
000030.SZ,000030,20251209,93410010,4371021,0,0,B,56700,600,4251479,4371020,
000030.SZ,000030,20251209,93410320,4374265,C,0, ,0,100,0,1727675,
000030.SZ,000030,20251209,93410510,4376469,C,0, ,0,300,0,1730890,
000030.SZ,000030,20251209,93410600,4377115,C,0, ,0,100,0,1847020,
000030.SZ,000030,20251209,93410620,4377390,C,0, ,0,300,0,1732371,
000030.SZ,000030,20251209,93412430,4393470,C,0, ,0,100,0,4245020,
000030.SZ,000030,20251209,93412470,4393788,C,0, ,0,900,0,4244941,
000030.SZ,000030,20251209,93412480,4393875,C,0, ,0,200,0,4094899,
000030.SZ,000030,20251209,93412890,4397831,0,0,S,56600,500,4397830,4277173,
000030.SZ,000030,20251209,93412890,4397832,0,0,S,56600,100,4397830,4311027,
000030.SZ,000030,20251209,93412890,4397833,0,0,S,56600,100,4397830,4312217,
000030.SZ,000030,20251209,93412890,4397834,0,0,S,56600,400,4397830,4314930,
000030.SZ,000030,20251209,93412890,4397835,0,0,S,56600,100,4397830,4317160,
000030.SZ,000030,20251209,93414890,4416136,C,0, ,0,700,4292503,0,
000030.SZ,000030,20251209,93414900,4416199,0,0,S,56600,100,4416198,4317160,
000030.SZ,000030,20251209,93414900,4416200,0,0,S,56600,600,4416198,4327124,
000030.SZ,000030,20251209,93415270,4419539,C,0, ,0,800,0,4273321,
000030.SZ,000030,20251209,93415290,4419767,C,0, ,0,10000,355933,0,
000030.SZ,000030,20251209,93423330,4494756,C,0, ,0,100,4445922,0,
000030.SZ,000030,20251209,93425110,4510194,C,0, ,0,100,3962276,0,
000030.SZ,000030,20251209,93425230,4511289,0,0,B,56700,700,4251479,4511288,
000030.SZ,000030,20251209,93425230,4511290,0,0,B,56700,200,4271648,4511288,
000030.SZ,000030,20251209,93425230,4511291,0,0,B,56700,100,4272363,4511288,
000030.SZ,000030,20251209,93425230,4511292,0,0,B,56700,800,4284044,4511288,
000030.SZ,000030,20251209,93427000,4526281,0,0,S,56600,200,4526280,4327124,
000030.SZ,000030,20251209,93427230,4528234,C,0, ,0,100,0,4367186,
000030.SZ,000030,20251209,93430000,4552319,C,0, ,0,100,4053132,0,
000030.SZ,000030,20251209,93432870,4578399,C,0, ,0,200,4475539,0,
000030.SZ,000030,20251209,93433090,4580301,0,0,S,56600,700,4580300,4327124,
000030.SZ,000030,20251209,93433090,4580302,0,0,S,56600,100,4580300,4333246,
000030.SZ,000030,20251209,93433090,4580303,0,0,S,56600,1000,4580300,4334791,
000030.SZ,000030,20251209,93433090,4580329,0,0,B,56700,100,4284044,4580328,
000030.SZ,000030,20251209,93433230,4581340,C,0, ,0,200,0,4367184,
000030.SZ,000030,20251209,93434650,4595216,C,0, ,0,100,4053322,0,
000030.SZ,000030,20251209,93435390,4600828,0,0,B,56700,200,4284044,4600827,
000030.SZ,000030,20251209,93435390,4600829,0,0,B,56700,900,4308922,4600827,
000030.SZ,000030,20251209,93435390,4600830,0,0,B,56700,200,4324364,4600827,
000030.SZ,000030,20251209,93435390,4600831,0,0,B,56700,1000,4369500,4600827,
000030.SZ,000030,20251209,93435390,4600832,0,0,B,56700,400,4391112,4600827,
000030.SZ,000030,20251209,93435390,4600833,0,0,B,56700,100,4393231,4600827,
000030.SZ,000030,20251209,93435390,4600834,0,0,B,56700,1500,4398609,4600827,
000030.SZ,000030,20251209,93435390,4600835,0,0,B,56700,1000,4399699,4600827,
000030.SZ,000030,20251209,93435390,4600836,0,0,B,56700,900,4399921,4600827,
000030.SZ,000030,20251209,93435390,4600837,0,0,B,56700,1500,4454308,4600827,
000030.SZ,000030,20251209,93435390,4600838,0,0,B,56700,900,4481612,4600827,
000030.SZ,000030,20251209,93435390,4600839,0,0,B,56700,1100,4482193,4600827,
000030.SZ,000030,20251209,93435390,4600840,0,0,B,56700,1500,4482410,4600827,
000030.SZ,000030,20251209,93435390,4600841,0,0,B,56700,1800,4482944,4600827,
000030.SZ,000030,20251209,93435390,4600842,0,0,B,56700,1000,4490192,4600827,
000030.SZ,000030,20251209,93435390,4600843,0,0,B,56700,900,4507388,4600827,
000030.SZ,000030,20251209,93435390,4600844,0,0,B,56700,100,4508512,4600827,
000030.SZ,000030,20251209,93435390,4600845,0,0,B,56700,200,4508930,4600827,
000030.SZ,000030,20251209,93435400,4600917,C,0, ,0,1400,4580354,0,
000030.SZ,000030,20251209,93435400,4600933,C,0, ,0,1800,0,3962037,
000030.SZ,000030,20251209,93436020,4605388,0,0,B,56700,500,4508930,4605387,
000030.SZ,000030,20251209,93436290,4607728,C,0, ,0,100,3774402,0,
000030.SZ,000030,20251209,93436540,4610446,C,0, ,0,900,0,3365359,
000030.SZ,000030,20251209,93437300,4617000,0,0,B,56700,900,4508930,4616999,
000030.SZ,000030,20251209,93437840,4621563,0,0,S,56600,500,4621562,4334791,
000030.SZ,000030,20251209,93438010,4622877,0,0,B,56700,300,4508974,4622876,
000030.SZ,000030,20251209,93438440,4626502,C,0, ,0,1000,4504003,0,
000030.SZ,000030,20251209,93439540,4635284,C,0, ,0,23700,0,4004084,
000030.SZ,000030,20251209,93442380,4659435,0,0,B,56700,800,4508974,4659434,
000030.SZ,000030,20251209,93443080,4665286,C,0, ,0,1000,0,4093269,
000030.SZ,000030,20251209,93444660,4678921,0,0,B,56700,900,4508974,4678920,
000030.SZ,000030,20251209,93444660,4678922,0,0,B,56700,1700,4542658,4678920,
000030.SZ,000030,20251209,93444660,4678923,0,0,B,56700,1600,4542879,4678920,
000030.SZ,000030,20251209,93444660,4678924,0,0,B,56700,900,4544647,4678920,
000030.SZ,000030,20251209,93444660,4678925,0,0,B,56700,1000,4556454,4678920,
000030.SZ,000030,20251209,93444660,4678926,0,0,B,56700,100,4592534,4678920,
000030.SZ,000030,20251209,93444660,4678927,0,0,B,56700,200,4610198,4678920,
000030.SZ,000030,20251209,93444660,4678928,0,0,B,56700,100,4617924,4678920,
000030.SZ,000030,20251209,93444660,4678929,0,0,B,56700,900,4619062,4678920,
000030.SZ,000030,20251209,93444660,4678930,0,0,B,56700,1500,4628890,4678920,
000030.SZ,000030,20251209,93444660,4678931,0,0,B,56700,100,4637152,4678920,
000030.SZ,000030,20251209,93444660,4678932,0,0,B,56700,1000,4637508,4678920,
000030.SZ,000030,20251209,93449640,4721667,C,0, ,0,1000,0,973825,
000030.SZ,000030,20251209,93450150,4725992,C,0, ,0,4000,269616,0,
000030.SZ,000030,20251209,93453160,4751611,C,0, ,0,10000,2693478,0,
000030.SZ,000030,20251209,93508070,4910964,C,0, ,0,100000,2678303,0,
000030.SZ,000030,20251209,93509470,4925111,C,0, ,0,100,0,1729858,
000030.SZ,000030,20251209,93509470,4925121,C,0, ,0,100,0,1729873,
000030.SZ,000030,20251209,93509600,4927145,C,0, ,0,500,0,1731733,
000030.SZ,000030,20251209,93509600,4927157,C,0, ,0,100,0,1731744,
000030.SZ,000030,20251209,93509650,4927826,C,0, ,0,1800,0,1906843,
000030.SZ,000030,20251209,93510010,4932097,C,0, ,0,200,3576951,0,
000030.SZ,000030,20251209,93510940,4944392,0,0,B,56700,200,4637648,4944391,
000030.SZ,000030,20251209,93515790,5012824,0,0,B,56700,500,4637648,5012823,
000030.SZ,000030,20251209,93517180,5026594,0,0,B,56700,200,4637648,5026593,
000030.SZ,000030,20251209,93519220,5045311,0,0,B,56700,100,4637648,5045310,
000030.SZ,000030,20251209,93519220,5045312,0,0,B,56700,1500,4638839,5045310,
000030.SZ,000030,20251209,93519220,5045313,0,0,B,56700,1000,4660138,5045310,
000030.SZ,000030,20251209,93519220,5045314,0,0,B,56700,900,4665255,5045310,
000030.SZ,000030,20251209,93519220,5045315,0,0,B,56700,1600,4669767,5045310,
000030.SZ,000030,20251209,93519220,5045316,0,0,B,56700,900,4673988,5045310,
000030.SZ,000030,20251209,93519220,5045317,0,0,B,56700,1000,4689724,5045310,
000030.SZ,000030,20251209,93519220,5045318,0,0,B,56700,1000,4711679,5045310,
000030.SZ,000030,20251209,93519220,5045319,0,0,B,56700,100,4715150,5045310,
000030.SZ,000030,20251209,93519220,5045320,0,0,B,56700,1100,4715265,5045310,
000030.SZ,000030,20251209,93519220,5045321,0,0,B,56700,1000,4715306,5045310,
000030.SZ,000030,20251209,93519220,5045322,0,0,B,56700,1100,4715376,5045310,
000030.SZ,000030,20251209,93519220,5045323,0,0,B,56700,1000,4715478,5045310,
000030.SZ,000030,20251209,93519220,5045324,0,0,B,56700,1600,4715487,5045310,
000030.SZ,000030,20251209,93519220,5045325,0,0,B,56700,1900,4715511,5045310,
000030.SZ,000030,20251209,93519220,5045326,0,0,B,56700,1100,4716683,5045310,
000030.SZ,000030,20251209,93519220,5045327,0,0,B,56700,1000,4717259,5045310,
000030.SZ,000030,20251209,93519220,5045328,0,0,B,56700,1000,4717469,5045310,
000030.SZ,000030,20251209,93519220,5045329,0,0,B,56700,3000,4717517,5045310,
000030.SZ,000030,20251209,93519220,5045330,0,0,B,56700,100,4734451,5045310,
000030.SZ,000030,20251209,93519220,5045331,0,0,B,56700,1500,4743406,5045310,
000030.SZ,000030,20251209,93519220,5045332,0,0,B,56700,1000,4743586,5045310,
000030.SZ,000030,20251209,93519220,5045333,0,0,B,56700,900,4743629,5045310,
000030.SZ,000030,20251209,93519220,5045334,0,0,B,56700,1000,4743897,5045310,
000030.SZ,000030,20251209,93519220,5045335,0,0,B,56700,900,4761235,5045310,
000030.SZ,000030,20251209,93519220,5045336,0,0,B,56700,900,4797248,5045310,
000030.SZ,000030,20251209,93519220,5045337,0,0,B,56700,100,4820632,5045310,
000030.SZ,000030,20251209,93519220,5045338,0,0,B,56700,200,4969510,5045310,
000030.SZ,000030,20251209,93519230,5045386,C,0, ,0,500,0,3961934,
000030.SZ,000030,20251209,93519230,5045415,C,0, ,0,400,3547713,0,
000030.SZ,000030,20251209,93519230,5045434,C,0, ,0,400,3547720,0,
000030.SZ,000030,20251209,93519240,5045543,C,0, ,0,200,4397880,0,
000030.SZ,000030,20251209,93519240,5045544,C,0, ,0,200,4397882,0,
000030.SZ,000030,20251209,93519240,5045545,C,0, ,0,300,4426894,0,
000030.SZ,000030,20251209,93519240,5045546,C,0, ,0,300,4419561,0,
000030.SZ,000030,20251209,93519240,5045547,C,0, ,0,300,4419562,0,
000030.SZ,000030,20251209,93519240,5045548,C,0, ,0,300,4426896,0,
000030.SZ,000030,20251209,93520660,5059319,0,0,S,56700,100,5059318,5045310,
000030.SZ,000030,20251209,93521160,5063193,0,0,S,56700,500,5063192,5045310,
000030.SZ,000030,20251209,93521210,5063733,C,0, ,0,1500,0,4735065,
000030.SZ,000030,20251209,93521210,5063779,C,0, ,0,1500,0,4475307,
000030.SZ,000030,20251209,93521510,5066684,C,0, ,0,800,0,4554683,
000030.SZ,000030,20251209,93521690,5068183,C,0, ,0,1000,0,4274193,
000030.SZ,000030,20251209,93521720,5068384,C,0, ,0,900,0,4818534,
000030.SZ,000030,20251209,93522000,5070879,C,0, ,0,300,0,4426855,
000030.SZ,000030,20251209,93522000,5070900,C,0, ,0,200,0,4389543,
000030.SZ,000030,20251209,93522000,5070904,C,0, ,0,600,0,4454383,
000030.SZ,000030,20251209,93522170,5072548,C,0, ,0,200,0,5035621,
000030.SZ,000030,20251209,93523140,5081892,0,0,S,56700,1000,5081891,5045310,
000030.SZ,000030,20251209,93524030,5089321,C,0, ,0,1000,0,4623027,
000030.SZ,000030,20251209,93524200,5090718,C,0, ,0,1000,0,4735109,
000030.SZ,000030,20251209,93524210,5090737,C,0, ,0,1200,0,4334796,
000030.SZ,000030,20251209,93524210,5090738,C,0, ,0,1100,0,4502900,
000030.SZ,000030,20251209,93524470,5093454,C,0, ,0,600,0,5006577,
000030.SZ,000030,20251209,93524470,5093456,C,0, ,0,700,0,4684963,
000030.SZ,000030,20251209,93524490,5093627,C,0, ,0,600,0,4450007,
000030.SZ,000030,20251209,93524490,5093638,C,0, ,0,400,5045496,0,
000030.SZ,000030,20251209,93524500,5093713,C,0, ,0,800,0,4502499,
000030.SZ,000030,20251209,93524500,5093744,C,0, ,0,700,0,4364892,
000030.SZ,000030,20251209,93524530,5094012,C,0, ,0,900,0,4392854,
000030.SZ,000030,20251209,93524580,5094506,C,0, ,0,800,0,4760682,
000030.SZ,000030,20251209,93526760,5114571,C,0, ,0,100,0,1584468,
000030.SZ,000030,20251209,93527470,5121097,C,0, ,0,900,0,4969557,
000030.SZ,000030,20251209,93527500,5121480,C,0, ,0,700,0,4970188,
000030.SZ,000030,20251209,93527520,5121672,C,0, ,0,900,0,4633999,
000030.SZ,000030,20251209,93527570,5122162,C,0, ,0,600,0,4633929,
000030.SZ,000030,20251209,93527580,5122310,C,0, ,0,300,0,4450132,
000030.SZ,000030,20251209,93527590,5122389,C,0, ,0,200,0,4761008,
000030.SZ,000030,20251209,93527600,5122483,C,0, ,0,200,0,4502446,
000030.SZ,000030,20251209,93527610,5122553,C,0, ,0,100,0,4393034,
000030.SZ,000030,20251209,93527630,5122757,C,0, ,0,1000,0,4364260,
000030.SZ,000030,20251209,93527640,5122820,C,0, ,0,1300,0,4393162,
000030.SZ,000030,20251209,93527650,5122906,C,0, ,0,500,0,4335566,
000030.SZ,000030,20251209,93527820,5124590,C,0, ,0,1200,0,4967449,
000030.SZ,000030,20251209,93527820,5124596,C,0, ,0,2500,0,4391816,
000030.SZ,000030,20251209,93527820,5124597,C,0, ,0,1300,0,4658752,
000030.SZ,000030,20251209,93527870,5125069,C,0, ,0,1900,0,3542651,
000030.SZ,000030,20251209,93529660,5141053,C,0, ,0,2900,5045460,0,
000030.SZ,000030,20251209,93529670,5141063,C,0, ,0,1400,5045422,0,
000030.SZ,000030,20251209,93530240,5145368,C,0, ,0,200,0,4334791,
000030.SZ,000030,20251209,93530320,5146355,C,0, ,0,900,0,4335144,
000030.SZ,000030,20251209,93530360,5146861,C,0, ,0,200,0,5006543,
000030.SZ,000030,20251209,93530370,5146923,C,0, ,0,400,0,4393129,
000030.SZ,000030,20251209,93530400,5147259,C,0, ,0,800,0,4419952,
000030.SZ,000030,20251209,93530420,5147400,C,0, ,0,100,0,4685725,
000030.SZ,000030,20251209,93530420,5147420,C,0, ,0,200,0,4419655,
000030.SZ,000030,20251209,93530440,5147676,C,0, ,0,100,0,4789754,
000030.SZ,000030,20251209,93530840,5151577,C,0, ,0,100,4963848,0,
000030.SZ,000030,20251209,93531220,5155241,C,0, ,0,70700,5141466,0,
000030.SZ,000030,20251209,93535100,5191743,C,0, ,0,29300,0,4406434,
000030.SZ,000030,20251209,93535490,5196263,C,0, ,0,5000,4632452,0,
000030.SZ,000030,20251209,93537280,5213429,C,0, ,0,400,0,1597380,
000030.SZ,000030,20251209,93537490,5216226,0,0,B,56800,100,268922,5216225,
000030.SZ,000030,20251209,93537550,5216859,C,0, ,0,3000,4092973,0,
000030.SZ,000030,20251209,93537930,5220192,0,0,B,56800,100,268922,5220191,
000030.SZ,000030,20251209,93537930,5220193,0,0,B,56800,100,3558173,5220191,
000030.SZ,000030,20251209,93537930,5220194,0,0,B,56800,100,3565083,5220191,
000030.SZ,000030,20251209,93537930,5220195,0,0,B,56800,100,3565120,5220191,
000030.SZ,000030,20251209,93537930,5220196,0,0,B,56800,100,3568240,5220191,
000030.SZ,000030,20251209,93537930,5220197,0,0,B,56800,300,5045385,5220191,
000030.SZ,000030,20251209,93538590,5227862,C,0, ,0,100,0,3564502,
000030.SZ,000030,20251209,93538660,5228373,C,0, ,0,100,0,3564701,
000030.SZ,000030,20251209,93538810,5229709,C,0, ,0,100,0,4359818,
000030.SZ,000030,20251209,93538850,5230411,C,0, ,0,100,0,3558174,
000030.SZ,000030,20251209,93539030,5232941,C,0, ,0,100,0,3568241,
000030.SZ,000030,20251209,93540480,5250969,C,0, ,0,200,0,4375931,
000030.SZ,000030,20251209,93540710,5253364,C,0, ,0,100,0,4379709,
000030.SZ,000030,20251209,93541700,5264616,C,0, ,0,1000,0,3205444,
000030.SZ,000030,20251209,93545510,5299530,0,0,S,56700,200,5299529,5045310,
000030.SZ,000030,20251209,93545890,5303349,0,0,B,56800,200,5045385,5303348,
000030.SZ,000030,20251209,93545890,5303350,0,0,B,56800,200,5045728,5303348,
000030.SZ,000030,20251209,93545890,5303351,0,0,B,56800,1500,5045738,5303348,
000030.SZ,000030,20251209,93546430,5309088,C,0, ,0,500,0,4431375,
000030.SZ,000030,20251209,93547080,5314391,C,0, ,0,100,0,1790295,
000030.SZ,000030,20251209,93547210,5315563,0,0,B,56800,1000,5045738,5315562,
000030.SZ,000030,20251209,93548170,5322759,C,0, ,0,5000,4146585,0,
000030.SZ,000030,20251209,93548220,5323221,0,0,B,56800,300,5045738,5323220,
000030.SZ,000030,20251209,93548220,5323222,0,0,B,56800,2000,5046098,5323220,
000030.SZ,000030,20251209,93548220,5323223,0,0,B,56800,900,5052076,5323220,
000030.SZ,000030,20251209,93548220,5323224,0,0,B,56800,100,5057079,5323220,
000030.SZ,000030,20251209,93548220,5323225,0,0,B,56800,1000,5153681,5323220,
000030.SZ,000030,20251209,93548220,5323226,0,0,B,56800,900,5154776,5323220,
000030.SZ,000030,20251209,93548220,5323227,0,0,B,56800,1600,5154942,5323220,
000030.SZ,000030,20251209,93548220,5323228,0,0,B,56800,2900,5154993,5323220,
000030.SZ,000030,20251209,93548220,5323229,0,0,B,56800,300,5154997,5323220,
000030.SZ,000030,20251209,93548240,5323574,C,0, ,0,1400,5155007,0,
000030.SZ,000030,20251209,93549530,5339304,0,0,B,56800,600,5154997,5339303,
000030.SZ,000030,20251209,93549530,5339305,0,0,B,56800,100,5155022,5339303,
000030.SZ,000030,20251209,93549530,5339306,0,0,B,56800,300,5155081,5339303,
000030.SZ,000030,20251209,93552650,5372504,0,0,B,56800,700,5155081,5372503,
000030.SZ,000030,20251209,93552650,5372505,0,0,B,56800,200,5162676,5372503,
000030.SZ,000030,20251209,93552650,5372506,0,0,B,56800,400,5162688,5372503,
000030.SZ,000030,20251209,93552650,5372507,0,0,B,56800,900,5171149,5372503,
000030.SZ,000030,20251209,93552650,5372508,0,0,B,56800,900,5171386,5372503,
000030.SZ,000030,20251209,93552650,5372509,0,0,B,56800,800,5171835,5372503,
000030.SZ,000030,20251209,93554490,5388190,C,0, ,0,10000,0,5093982,
000030.SZ,000030,20251209,93555140,5394266,0,0,B,56800,100,5171835,5394265,
000030.SZ,000030,20251209,93555140,5394267,0,0,B,56800,1000,5181347,5394265,
000030.SZ,000030,20251209,93555140,5394268,0,0,B,56800,900,5182471,5394265,
000030.SZ,000030,20251209,93555140,5394269,0,0,B,56800,900,5182775,5394265,
000030.SZ,000030,20251209,93555140,5394270,0,0,B,56800,1500,5182777,5394265,
000030.SZ,000030,20251209,93555140,5394271,0,0,B,56800,900,5182878,5394265,
000030.SZ,000030,20251209,93555140,5394272,0,0,B,56800,1500,5186758,5394265,
000030.SZ,000030,20251209,93555140,5394273,0,0,B,56800,900,5186808,5394265,
000030.SZ,000030,20251209,93555140,5394274,0,0,B,56800,900,5186820,5394265,
000030.SZ,000030,20251209,93555140,5394275,0,0,B,56800,1600,5208700,5394265,
000030.SZ,000030,20251209,93555140,5394276,0,0,B,56800,800,5220589,5394265,
000030.SZ,000030,20251209,93555140,5394277,0,0,B,56800,900,5244045,5394265,
000030.SZ,000030,20251209,93555140,5394278,0,0,B,56800,900,5244329,5394265,
000030.SZ,000030,20251209,93555140,5394279,0,0,B,56800,900,5244424,5394265,
000030.SZ,000030,20251209,93555140,5394280,0,0,B,56800,900,5268026,5394265,
000030.SZ,000030,20251209,93555140,5394281,0,0,B,56800,900,5276725,5394265,
000030.SZ,000030,20251209,93555140,5394282,0,0,B,56800,900,5278048,5394265,
000030.SZ,000030,20251209,93555140,5394283,0,0,B,56800,900,5278222,5394265,
000030.SZ,000030,20251209,93555140,5394284,0,0,B,56800,100,5294878,5394265,
000030.SZ,000030,20251209,93555140,5394285,0,0,B,56800,900,5304300,5394265,
000030.SZ,000030,20251209,93555140,5394286,0,0,B,56800,900,5304383,5394265,
000030.SZ,000030,20251209,93555140,5394287,0,0,B,56800,100,5321367,5394265,
000030.SZ,000030,20251209,93555140,5394288,0,0,B,56800,900,5332708,5394265,
000030.SZ,000030,20251209,93555140,5394289,0,0,B,56800,900,5333182,5394265,
000030.SZ,000030,20251209,93555140,5394290,0,0,B,56800,100,5339949,5394265,
000030.SZ,000030,20251209,93555140,5394291,0,0,B,56800,600,5356054,5394265,
000030.SZ,000030,20251209,93555140,5394292,0,0,B,56800,900,5364640,5394265,
000030.SZ,000030,20251209,93555140,5394293,0,0,B,56800,900,5364810,5394265,
000030.SZ,000030,20251209,93555140,5394294,0,0,B,56800,900,5365099,5394265,
000030.SZ,000030,20251209,93555140,5394295,0,0,B,56800,100,5365374,5394265,
000030.SZ,000030,20251209,93555150,5394398,0,0,B,56800,200,5365374,5394397,
000030.SZ,000030,20251209,93555150,5394406,0,0,B,56800,300,5365374,5394405,
000030.SZ,000030,20251209,93555150,5394410,0,0,B,56800,300,5365374,5394409,
000030.SZ,000030,20251209,93555170,5394660,C,0, ,0,400,5394584,0,
000030.SZ,000030,20251209,93555170,5394661,C,0, ,0,400,5394586,0,
000030.SZ,000030,20251209,93555320,5396473,C,0, ,0,100,0,5045736,
000030.SZ,000030,20251209,93555320,5396539,C,0, ,0,100,0,5051666,
000030.SZ,000030,20251209,93555340,5396647,0,0,S,56800,200,5396646,5394409,
000030.SZ,000030,20251209,93555340,5396648,0,0,S,56800,100,5396646,5394419,
000030.SZ,000030,20251209,93555340,5396649,0,0,S,56800,100,5396646,5394441,
000030.SZ,000030,20251209,93555340,5396650,0,0,S,56800,600,5396646,5394470,
000030.SZ,000030,20251209,93555370,5396922,0,0,S,56800,200,5396921,5394470,
000030.SZ,000030,20251209,93555370,5396923,0,0,S,56800,600,5396921,5394589,
000030.SZ,000030,20251209,93555370,5396924,0,0,S,56800,100,5396921,5394591,
000030.SZ,000030,20251209,93555370,5396925,0,0,S,56800,200,5396921,5394602,
000030.SZ,000030,20251209,93555370,5396970,0,0,S,56800,100,5396969,5394602,
000030.SZ,000030,20251209,93555390,5397172,0,0,B,56800,19500,5397075,5397171,
000030.SZ,000030,20251209,93557260,5411712,C,0, ,0,700,0,5146985,
000030.SZ,000030,20251209,93557290,5411947,C,0, ,0,1000,0,4609665,
000030.SZ,000030,20251209,93559540,5431469,C,0, ,0,1400,3547858,0,
000030.SZ,000030,20251209,93600310,5438015,C,0, ,0,3000,0,5146817,
000030.SZ,000030,20251209,93600310,5438073,C,0, ,0,3800,0,5090773,
000030.SZ,000030,20251209,93600310,5438095,C,0, ,0,1500,0,5355962,
000030.SZ,000030,20251209,93600320,5438097,C,0, ,0,3000,0,5063796,
000030.SZ,000030,20251209,93600530,5441074,0,0,B,56900,100,3795136,5441073,
000030.SZ,000030,20251209,93600530,5441075,0,0,B,56900,100,3912520,5441073,
000030.SZ,000030,20251209,93600530,5441076,0,0,B,56900,100,4053899,5441073,
000030.SZ,000030,20251209,93600530,5441077,0,0,B,56900,100,4053923,5441073,
000030.SZ,000030,20251209,93600800,5444814,0,0,S,56800,100,5444813,5397963,
000030.SZ,000030,20251209,93600800,5444815,0,0,S,56800,100,5444813,5397979,
000030.SZ,000030,20251209,93600800,5444816,0,0,S,56800,100,5444813,5403836,
000030.SZ,000030,20251209,93600800,5444817,0,0,S,56800,100,5444813,5403838,
000030.SZ,000030,20251209,93600800,5444818,0,0,S,56800,100,5444813,5403842,
000030.SZ,000030,20251209,93600800,5444819,0,0,S,56800,100,5444813,5403843,
000030.SZ,000030,20251209,93600800,5444820,0,0,S,56800,100,5444813,5403960,
000030.SZ,000030,20251209,93600800,5444821,0,0,S,56800,300,5444813,5411950,
000030.SZ,000030,20251209,93600800,5444822,0,0,S,56800,1100,5444813,5413570,
000030.SZ,000030,20251209,93600800,5444823,0,0,S,56800,100,5444813,5417250,
000030.SZ,000030,20251209,93600800,5444824,0,0,S,56800,400,5444813,5419653,
000030.SZ,000030,20251209,93600800,5444825,0,0,S,56800,100,5444813,5431356,
000030.SZ,000030,20251209,93600800,5444826,0,0,S,56800,100,5444813,5433188,
000030.SZ,000030,20251209,93600800,5444827,0,0,S,56800,200,5444813,5433219,
000030.SZ,000030,20251209,93603330,5475939,C,0, ,0,600,0,5235254,
000030.SZ,000030,20251209,93603360,5476362,C,0, ,0,900,0,5269698,
000030.SZ,000030,20251209,93603370,5476476,C,0, ,0,500,0,5387859,
000030.SZ,000030,20251209,93603380,5476496,C,0, ,0,200,0,5327357,
000030.SZ,000030,20251209,93603430,5476917,C,0, ,0,900,0,5387890,
000030.SZ,000030,20251209,93603540,5478207,C,0, ,0,5000,0,5124613,
