万得代码,交易所代码,自然日,时间,委托编号,交易所委托号,委托类型,委托代码,委托价格,委托数量,
600058.SH,600058,20251209,91400860,0,0,S,I,0,0,
600058.SH,600058,20251209,91501720,0,5707,A,B,94800,100,
600058.SH,600058,20251209,91501830,0,7390,A,S,88800,2000,
600058.SH,600058,20251209,91501830,0,8302,A,B,80600,2000,
600058.SH,600058,20251209,91501830,0,8466,A,S,90400,100,
600058.SH,600058,20251209,91501830,0,8492,A,B,82000,100,
600058.SH,600058,20251209,91501970,0,9639,A,S,91400,2900,
600058.SH,600058,20251209,91501970,0,10063,A,S,93200,2000,
600058.SH,600058,20251209,91501970,0,10707,A,B,94800,4800,
600058.SH,600058,20251209,91502340,0,13281,A,S,94800,5000,
600058.SH,600058,20251209,91502480,0,13734,A,B,85500,1000,
600058.SH,600058,20251209,91502500,0,14297,A,S,94800,3000,
600058.SH,600058,20251209,91502500,0,14331,A,S,90000,6000,
600058.SH,600058,20251209,91502500,0,14338,A,S,93600,3000,
600058.SH,600058,20251209,91502500,0,14363,A,B,83000,3000,
600058.SH,600058,20251209,91502500,0,14380,A,B,82300,3000,
600058.SH,600058,20251209,91502660,0,17041,A,S,87700,100,
600058.SH,600058,20251209,91502660,0,17074,A,S,94000,5000,
600058.SH,600058,20251209,91502660,0,17211,A,B,85000,4000,
600058.SH,600058,20251209,91502660,0,17226,A,S,86900,4000,
600058.SH,600058,20251209,91502940,0,21019,A,S,89300,1000,
600058.SH,600058,20251209,91502940,0,21366,A,B,85100,12000,
600058.SH,600058,20251209,91502940,0,21398,A,S,86900,100,
600058.SH,600058,20251209,91502940,0,21399,A,S,87000,100,
600058.SH,600058,20251209,91502940,0,21400,A,S,87100,100,
600058.SH,600058,20251209,91502940,0,21401,A,S,87200,100,
600058.SH,600058,20251209,91502940,0,21415,A,S,87300,100,
600058.SH,600058,20251209,91502940,0,21877,A,S,87400,100,
600058.SH,600058,20251209,91502940,0,21878,A,S,87500,100,
600058.SH,600058,20251209,91502940,0,21879,A,S,87600,100,
600058.SH,600058,20251209,91502940,0,21886,A,S,87700,100,
600058.SH,600058,20251209,91502940,0,21887,A,S,87800,100,
600058.SH,600058,20251209,91502940,0,21997,A,S,87900,100,
600058.SH,600058,20251209,91502940,0,21998,A,S,88000,100,
600058.SH,600058,20251209,91502940,0,21999,A,S,88100,100,
600058.SH,600058,20251209,91502940,0,22000,A,S,88200,100,
600058.SH,600058,20251209,91502940,0,22007,A,S,88300,100,
600058.SH,600058,20251209,91502940,0,22008,A,S,88400,100,
600058.SH,600058,20251209,91502940,0,22009,A,S,88500,100,
600058.SH,600058,20251209,91502940,0,22010,A,S,88600,100,
600058.SH,600058,20251209,91503080,0,22783,A,B,84400,9800,
600058.SH,600058,20251209,91503080,0,22795,A,B,84400,164800,
600058.SH,600058,20251209,91503080,0,22809,A,B,84400,3400,
600058.SH,600058,20251209,91503080,0,22821,A,B,84400,100,
600058.SH,600058,20251209,91503080,0,22859,A,S,88700,100,
600058.SH,600058,20251209,91503080,0,22860,A,S,88800,100,
600058.SH,600058,20251209,91503080,0,22861,A,S,88900,100,
600058.SH,600058,20251209,91503080,0,22864,A,S,89000,100,
600058.SH,600058,20251209,91503080,0,22866,A,S,89100,100,
600058.SH,600058,20251209,91503080,0,22867,A,S,89200,100,
600058.SH,600058,20251209,91503080,0,22868,A,S,89300,100,
600058.SH,600058,20251209,91503080,0,22874,A,S,89400,100,
600058.SH,600058,20251209,91503080,0,22875,A,S,89500,100,
600058.SH,600058,20251209,91503080,0,22949,A,S,89600,100,
600058.SH,600058,20251209,91503080,0,22950,A,S,89700,100,
600058.SH,600058,20251209,91503080,0,22963,A,S,89800,100,
600058.SH,600058,20251209,91503080,0,22964,A,S,89900,100,
600058.SH,600058,20251209,91503080,0,22965,A,S,90000,100,
600058.SH,600058,20251209,91503080,0,22977,A,S,90100,100,
600058.SH,600058,20251209,91503080,0,22986,A,S,90200,100,
600058.SH,600058,20251209,91503080,0,22987,A,S,90300,100,
600058.SH,600058,20251209,91503080,0,22995,A,S,90400,100,
600058.SH,600058,20251209,91503080,0,22996,A,S,90500,100,
600058.SH,600058,20251209,91503080,0,22997,A,S,90600,100,
600058.SH,600058,20251209,91503080,0,22998,A,S,90700,100,
600058.SH,600058,20251209,91503080,0,23005,A,S,90800,100,
600058.SH,600058,20251209,91503230,0,24972,A,S,90900,100,
600058.SH,600058,20251209,91503230,0,25449,A,S,94800,600,
600058.SH,600058,20251209,91503230,0,25692,A,S,92000,200,
600058.SH,600058,20251209,91503230,0,26103,A,S,87000,500,
600058.SH,600058,20251209,91503230,0,26133,A,S,87500,700,
600058.SH,600058,20251209,91503230,0,26157,A,S,88000,900,
600058.SH,600058,20251209,91503370,0,26686,A,B,83000,200,
600058.SH,600058,20251209,91503370,0,26701,A,B,80100,500,
600058.SH,600058,20251209,91503370,0,26714,A,S,94000,300,
600058.SH,600058,20251209,91503510,0,29726,A,S,94800,2000,
600058.SH,600058,20251209,91503510,0,30077,A,S,87700,2000,
600058.SH,600058,20251209,91504090,0,36767,A,S,91000,100,
600058.SH,600058,20251209,91504090,0,36776,A,S,91100,100,
600058.SH,600058,20251209,91504090,0,36882,A,S,89200,1000,
600058.SH,600058,20251209,91504090,0,38005,A,S,93500,2100,
600058.SH,600058,20251209,91504200,0,39532,A,S,91200,100,
600058.SH,600058,20251209,91504200,0,39556,A,S,91300,100,
600058.SH,600058,20251209,91504200,0,39557,A,S,91400,100,
600058.SH,600058,20251209,91504200,0,39570,A,S,91500,100,
600058.SH,600058,20251209,91504990,0,47985,A,S,89300,600,
600058.SH,600058,20251209,91504990,0,48035,A,S,90000,500,
600058.SH,600058,20251209,91505140,0,50033,A,S,91600,100,
600058.SH,600058,20251209,91505190,0,51044,A,S,91700,100,
600058.SH,600058,20251209,91505190,0,51061,A,S,91800,100,
600058.SH,600058,20251209,91505350,0,52248,A,B,85500,1000,
600058.SH,600058,20251209,91505350,0,52770,A,S,94700,100,
600058.SH,600058,20251209,91505350,0,53201,A,B,84600,500,
600058.SH,600058,20251209,91505350,0,53827,A,S,91900,100,
600058.SH,600058,20251209,91505350,0,53828,A,S,92000,100,
600058.SH,600058,20251209,91505350,0,53829,A,S,92100,100,
600058.SH,600058,20251209,91505500,0,54502,A,S,94800,200,
600058.SH,600058,20251209,91505500,0,54916,A,B,83200,300,
600058.SH,600058,20251209,91505660,0,57674,A,S,94800,400,
600058.SH,600058,20251209,91505840,0,58433,A,S,94600,100,
600058.SH,600058,20251209,91505840,0,58606,A,S,94800,100,
600058.SH,600058,20251209,91505840,0,58612,A,S,87700,1200,
600058.SH,600058,20251209,91505840,0,59745,A,S,92800,100,
600058.SH,600058,20251209,91505990,0,60226,A,S,94000,200,
600058.SH,600058,20251209,91506130,0,62574,A,B,77700,800,
600058.SH,600058,20251209,91506130,0,62796,A,S,94800,1000,
600058.SH,600058,20251209,91506130,0,62970,A,S,92200,100,
600058.SH,600058,20251209,91506130,0,62985,A,S,92300,100,
600058.SH,600058,20251209,91506130,0,63346,A,B,87700,100,
600058.SH,600058,20251209,91506130,0,63396,A,B,83400,600,
600058.SH,600058,20251209,91506130,0,63521,A,S,92400,100,
600058.SH,600058,20251209,91506130,0,63530,A,S,92500,100,
600058.SH,600058,20251209,91506130,0,63750,A,B,85000,100,
600058.SH,600058,20251209,91506290,0,64254,A,S,92600,100,
600058.SH,600058,20251209,91506290,0,64255,A,S,92700,100,
600058.SH,600058,20251209,91506290,0,64266,A,S,92800,100,
600058.SH,600058,20251209,91506290,0,64288,A,S,92900,100,
600058.SH,600058,20251209,91506290,0,64290,A,S,93000,100,
600058.SH,600058,20251209,91506290,0,65480,A,S,94500,100,
600058.SH,600058,20251209,91506290,0,65624,A,S,93100,100,
600058.SH,600058,20251209,91506290,0,65629,A,S,93200,100,
600058.SH,600058,20251209,91506290,0,65816,A,S,93300,100,
600058.SH,600058,20251209,91506290,0,65817,A,S,93400,100,
600058.SH,600058,20251209,91506290,0,65818,A,S,93500,100,
600058.SH,600058,20251209,91506440,0,66878,A,S,93600,100,
600058.SH,600058,20251209,91506440,0,66881,A,S,93700,100,
600058.SH,600058,20251209,91506440,0,66882,A,S,93800,100,
600058.SH,600058,20251209,91506440,0,66897,A,S,93900,100,
600058.SH,600058,20251209,91506440,0,66920,A,S,94000,100,
600058.SH,600058,20251209,91506440,0,66926,A,S,94100,100,
600058.SH,600058,20251209,91506440,0,66927,A,S,94200,100,
600058.SH,600058,20251209,91506440,0,67435,A,S,94300,100,
600058.SH,600058,20251209,91506440,0,67444,A,S,94400,100,
600058.SH,600058,20251209,91506440,0,67873,A,S,94500,100,
600058.SH,600058,20251209,91506440,0,67874,A,S,94600,100,
600058.SH,600058,20251209,91506440,0,67879,A,S,94700,100,
600058.SH,600058,20251209,91506440,0,67880,A,S,94800,100,
600058.SH,600058,20251209,91506880,0,73376,A,S,94600,2000,
600058.SH,600058,20251209,91507060,0,74096,A,B,85000,100,
600058.SH,600058,20251209,91507220,0,76249,A,B,86000,2300,
600058.SH,600058,20251209,91507220,0,76669,A,B,83000,1000,
600058.SH,600058,20251209,91507220,0,76919,A,B,85800,300,
600058.SH,600058,20251209,91507530,0,79865,A,B,83200,1000,
600058.SH,600058,20251209,91507530,0,80193,A,S,94800,100,
600058.SH,600058,20251209,91507530,0,80200,A,B,94800,300,
600058.SH,600058,20251209,91507530,0,80230,A,B,85300,100,
600058.SH,600058,20251209,91507530,0,80236,A,S,94800,100,
600058.SH,600058,20251209,91507820,0,84067,A,S,85800,100,
600058.SH,600058,20251209,91507970,0,86136,A,B,86200,100,
600058.SH,600058,20251209,91508130,0,87782,A,S,90400,1800,
600058.SH,600058,20251209,91508130,0,88521,A,B,78000,400,
600058.SH,600058,20251209,91508500,0,91624,A,S,81900,100,
600058.SH,600058,20251209,91508650,0,93675,A,S,94800,100,
600058.SH,600058,20251209,91508780,0,95012,A,S,89800,100,
600058.SH,600058,20251209,91508780,0,95196,A,B,94800,8600,
600058.SH,600058,20251209,91508940,0,97509,A,S,94700,300,
600058.SH,600058,20251209,91508940,0,97614,A,S,93800,400,
600058.SH,600058,20251209,91508940,0,98069,A,S,89300,2000,
600058.SH,600058,20251209,91509270,0,102224,A,S,93800,600,
600058.SH,600058,20251209,91509270,0,102275,A,S,94800,200,
600058.SH,600058,20251209,91509580,0,105190,A,S,88800,1000,
600058.SH,600058,20251209,91509750,0,107181,A,S,94800,100,
600058.SH,600058,20251209,91509750,0,107485,A,B,85000,5000,
600058.SH,600058,20251209,91509750,0,107486,A,S,86900,3000,
600058.SH,600058,20251209,91509750,0,107488,A,S,87900,4000,
600058.SH,600058,20251209,91509750,0,107489,A,S,88800,5000,
600058.SH,600058,20251209,91509750,0,107492,A,S,89800,8000,
600058.SH,600058,20251209,91509750,0,108271,A,B,83900,1000,
600058.SH,600058,20251209,91509920,0,108934,A,S,94800,300,
600058.SH,600058,20251209,91509920,0,109552,A,B,86500,100,
600058.SH,600058,20251209,91509920,0,109864,A,S,94800,200,
600058.SH,600058,20251209,91510080,0,110452,A,S,90000,46500,
600058.SH,600058,20251209,91510540,0,115442,A,S,91000,600,
600058.SH,600058,20251209,91510540,0,116496,A,B,85000,1000,
600058.SH,600058,20251209,91510540,0,116614,A,S,92000,1200,
600058.SH,600058,20251209,91510540,0,116657,A,S,94800,200,
600058.SH,600058,20251209,91510540,0,116658,A,S,91000,100,
600058.SH,600058,20251209,91510690,0,119245,A,S,94000,100,
600058.SH,600058,20251209,91510860,0,120261,A,S,94800,2000,
600058.SH,600058,20251209,91511180,0,124662,A,S,87900,3000,
600058.SH,600058,20251209,91511180,0,124663,A,S,88800,4000,
600058.SH,600058,20251209,91511180,0,124664,A,S,89700,5000,
600058.SH,600058,20251209,91511350,0,125461,A,S,91800,500,
600058.SH,600058,20251209,91511350,0,125779,A,S,94800,1000,
600058.SH,600058,20251209,91511530,0,127215,A,B,82300,300,
600058.SH,600058,20251209,91511530,0,127715,A,B,86000,1000,
600058.SH,600058,20251209,91511530,0,128428,A,S,92100,800,
600058.SH,600058,20251209,91511530,0,128457,A,S,88500,1000,
600058.SH,600058,20251209,91511700,0,129967,A,S,88200,500,
600058.SH,600058,20251209,91511700,0,129968,A,S,90000,500,
600058.SH,600058,20251209,91511700,0,130000,A,S,93600,500,
600058.SH,600058,20251209,91511700,0,130909,A,S,94800,1000,
600058.SH,600058,20251209,91511700,0,130910,A,S,93800,1000,
600058.SH,600058,20251209,91511860,0,131538,A,S,90500,1000,
600058.SH,600058,20251209,91511860,0,131665,A,S,92500,1000,
600058.SH,600058,20251209,91511860,0,132935,A,S,94800,1000,
600058.SH,600058,20251209,91512370,0,136901,A,S,94800,100,
600058.SH,600058,20251209,91512590,0,140032,A,B,81500,100,
600058.SH,600058,20251209,91512750,0,141061,A,B,83500,1000,
600058.SH,600058,20251209,91512920,0,142786,A,S,89600,2000,
600058.SH,600058,20251209,91512920,0,143543,A,S,90000,100,
600058.SH,600058,20251209,91512920,0,143544,A,S,92500,100,
600058.SH,600058,20251209,91512920,0,144352,A,B,83000,800,
600058.SH,600058,20251209,91512920,0,144353,A,S,94800,100,
600058.SH,600058,20251209,91513080,0,145725,A,B,85800,100,
600058.SH,600058,20251209,91513080,0,145778,A,B,85700,100,
600058.SH,600058,20251209,91513080,0,146469,A,B,85600,100,
600058.SH,600058,20251209,91513270,0,146953,A,S,91200,1500,
600058.SH,600058,20251209,91513270,0,147844,A,B,82200,700,
600058.SH,600058,20251209,91513270,0,148303,A,B,85500,100,
600058.SH,600058,20251209,91513270,0,148317,A,B,84100,600,
600058.SH,600058,20251209,91513270,0,148366,A,B,85400,100,
600058.SH,600058,20251209,91513270,0,148370,A,B,85300,100,
600058.SH,600058,20251209,91513270,0,148455,A,B,85200,100,
600058.SH,600058,20251209,91513270,0,148467,A,B,85100,100,
600058.SH,600058,20251209,91513270,0,148476,A,B,85000,100,
600058.SH,600058,20251209,91513270,0,148488,A,B,84900,100,
600058.SH,600058,20251209,91513270,0,148496,A,B,84800,100,
600058.SH,600058,20251209,91513270,0,148500,A,B,84700,100,
600058.SH,600058,20251209,91513450,0,149373,A,B,84600,100,
600058.SH,600058,20251209,91513450,0,149376,A,B,84500,100,
600058.SH,600058,20251209,91513980,0,154437,A,S,93600,800,
600058.SH,600058,20251209,91513980,0,155188,A,B,83500,4000,
600058.SH,600058,20251209,91513980,0,155189,A,B,80500,4000,
600058.SH,600058,20251209,91513980,0,155501,A,S,94800,2000,
600058.SH,600058,20251209,91514250,0,158425,A,B,82600,3000,
600058.SH,600058,20251209,91514430,0,159499,A,S,91800,5000,
600058.SH,600058,20251209,91514430,0,159511,A,S,94800,10000,
600058.SH,600058,20251209,91514630,0,160825,A,B,78000,1100,
600058.SH,600058,20251209,91514760,0,162938,A,S,89200,5000,
600058.SH,600058,20251209,91514760,0,163037,A,S,86200,200,
600058.SH,600058,20251209,91514760,0,163925,A,S,89700,14000,
600058.SH,600058,20251209,91514940,0,164944,A,S,87700,5000,
600058.SH,600058,20251209,91515020,0,165407,A,B,85000,1000,
600058.SH,600058,20251209,91515020,0,165809,A,S,89500,1000,
600058.SH,600058,20251209,91515200,0,166924,A,S,90000,1100,
600058.SH,600058,20251209,91515200,0,167264,A,S,91500,1000,
600058.SH,600058,20251209,91515200,0,167468,A,B,84100,600,
600058.SH,600058,20251209,91515200,0,167994,A,B,80800,1000,
600058.SH,600058,20251209,91515200,0,168491,A,B,83800,100,
600058.SH,600058,20251209,91515200,0,168496,A,B,83600,100,
600058.SH,600058,20251209,91515200,0,168533,A,B,81800,100,
600058.SH,600058,20251209,91515200,0,168534,A,B,80000,100,
600058.SH,600058,20251209,91515510,0,171286,A,S,93500,1000,
600058.SH,600058,20251209,91515730,0,171985,A,S,87200,2800,
600058.SH,600058,20251209,91515920,0,174868,A,B,83000,500,
600058.SH,600058,20251209,91516110,0,176555,A,B,81400,500,
600058.SH,600058,20251209,91516110,0,177338,A,S,87500,100,
600058.SH,600058,20251209,91516290,0,178960,A,B,84800,300,
600058.SH,600058,20251209,91516290,0,179411,A,B,84500,600,
600058.SH,600058,20251209,91516290,0,179414,A,B,83200,500,
600058.SH,600058,20251209,91516670,0,182299,A,S,88300,500,
600058.SH,600058,20251209,91516670,0,182300,A,S,89500,900,
600058.SH,600058,20251209,91516670,0,182303,A,S,90700,1500,
600058.SH,600058,20251209,91516670,0,182307,A,S,92100,2000,
600058.SH,600058,20251209,91516670,0,182313,A,S,93300,2500,
600058.SH,600058,20251209,91516670,0,182316,A,S,94800,2500,
600058.SH,600058,20251209,91516860,0,184917,A,B,85500,2000,
600058.SH,600058,20251209,91517080,0,186718,A,B,81800,2900,
600058.SH,600058,20251209,91517080,0,186882,A,B,80000,500,
600058.SH,600058,20251209,91517080,0,186891,A,S,90000,500,
600058.SH,600058,20251209,91517300,0,188738,A,B,84000,100,
600058.SH,600058,20251209,91517300,0,188739,A,B,83900,100,
600058.SH,600058,20251209,91517300,0,189138,A,B,83200,100,
600058.SH,600058,20251209,91517300,0,189140,A,B,82800,100,
600058.SH,600058,20251209,91517300,0,189144,A,S,84800,100,
600058.SH,600058,20251209,91517490,0,190020,A,S,94800,2600,
600058.SH,600058,20251209,91517490,0,190623,A,B,86200,500,
600058.SH,600058,20251209,91517680,0,76919,D,B,85800,300,
600058.SH,600058,20251209,91517680,0,191761,A,B,84800,300,
600058.SH,600058,20251209,91517680,0,191796,A,B,78900,200,
600058.SH,600058,20251209,91517680,0,192069,A,S,77600,200,
600058.SH,600058,20251209,91517940,0,194374,A,B,85600,1000,
600058.SH,600058,20251209,91517940,0,194561,A,S,88800,1000,
600058.SH,600058,20251209,91517940,0,194972,A,B,81800,700,
600058.SH,600058,20251209,91517940,0,195416,A,S,94800,100,
600058.SH,600058,20251209,91518130,0,196405,A,S,90900,200,
600058.SH,600058,20251209,91518310,0,197902,A,B,84200,5000,
600058.SH,600058,20251209,91518310,0,198967,A,S,94800,5000,
600058.SH,600058,20251209,91518590,0,201104,A,B,85800,1700,
600058.SH,600058,20251209,91518760,0,202790,A,B,85800,400,
600058.SH,600058,20251209,91518760,0,202791,A,B,85400,400,
600058.SH,600058,20251209,91518890,0,203681,A,B,84800,600,
600058.SH,600058,20251209,91518970,0,204196,A,S,87300,57300,
600058.SH,600058,20251209,91518970,0,205091,A,B,85300,58100,
600058.SH,600058,20251209,91519120,0,206700,A,S,87000,500,
600058.SH,600058,20251209,91519420,0,208831,A,B,85200,3000,
600058.SH,600058,20251209,91519420,0,209556,A,S,94000,1000,
600058.SH,600058,20251209,91519420,0,155501,D,S,94800,2000,
600058.SH,600058,20251209,91519420,0,210102,A,S,94800,2900,
600058.SH,600058,20251209,91519590,0,210217,A,S,94800,1000,
600058.SH,600058,20251209,91519590,0,210283,A,S,87000,2000,
600058.SH,600058,20251209,91519590,0,210289,A,S,88500,2000,
600058.SH,600058,20251209,91519590,0,210412,A,S,89400,2000,
600058.SH,600058,20251209,91519590,0,210678,A,S,90300,2500,
600058.SH,600058,20251209,91519590,0,211097,A,S,94300,600,
600058.SH,600058,20251209,91519760,0,212276,A,S,94800,100,
600058.SH,600058,20251209,91519760,0,213687,A,S,87800,500,
600058.SH,600058,20251209,91520100,0,215302,A,S,94800,1000,
600058.SH,600058,20251209,91520190,0,215841,A,B,80100,300,
600058.SH,600058,20251209,91520290,0,216803,A,B,78000,300,
600058.SH,600058,20251209,91520290,0,216803,D,B,78000,300,
600058.SH,600058,20251209,91520290,0,217589,A,S,94800,1000,
600058.SH,600058,20251209,91520580,0,219976,A,S,94800,7000,
600058.SH,600058,20251209,91520580,0,220739,A,B,80000,10000,
600058.SH,600058,20251209,91521370,0,228618,A,S,89000,2000,
600058.SH,600058,20251209,91521370,0,228672,A,S,90000,2000,
600058.SH,600058,20251209,91521530,0,228926,A,S,94400,500,
600058.SH,600058,20251209,91521530,0,229547,A,B,84700,2700,
600058.SH,600058,20251209,91521640,0,229755,A,S,94800,5000,
600058.SH,600058,20251209,91521640,0,229848,A,S,94800,10000,
600058.SH,600058,20251209,91521640,0,230232,A,S,94800,5000,
600058.SH,600058,20251209,91521640,0,230637,A,S,87000,1900,
600058.SH,600058,20251209,91521640,0,231112,A,S,86700,500,
600058.SH,600058,20251209,91522100,0,234456,A,S,88800,3800,
600058.SH,600058,20251209,91522460,0,237768,A,B,82000,2000,
600058.SH,600058,20251209,91522460,0,177338,D,S,87500,100,
600058.SH,600058,20251209,91522460,0,237852,A,B,78000,4000,
600058.SH,600058,20251209,91522510,0,238384,A,B,82600,600,
600058.SH,600058,20251209,91522510,0,238405,A,S,92900,1000,
600058.SH,600058,20251209,91522590,0,239135,A,S,94600,500,
600058.SH,600058,20251209,91522590,0,239534,A,S,89200,600,
600058.SH,600058,20251209,91522820,0,241536,A,S,86500,200,
600058.SH,600058,20251209,91522820,0,242328,A,S,93800,500,
600058.SH,600058,20251209,91522820,0,242333,A,S,94800,500,
600058.SH,600058,20251209,91523360,0,244234,A,B,84500,500,
600058.SH,600058,20251209,91523590,0,244855,A,S,86900,15700,
600058.SH,600058,20251209,91531070,0,247342,A,S,86900,100,
600058.SH,600058,20251209,91532750,0,247897,A,S,87200,200,
600058.SH,600058,20251209,91541170,0,250181,A,B,85500,300,
600058.SH,600058,20251209,91541170,0,250182,A,S,87300,200,
600058.SH,600058,20251209,91552060,0,253622,A,B,86900,1500,
600058.SH,600058,20251209,91559360,0,10707,D,B,94800,4800,
600058.SH,600058,20251209,91606270,0,258355,A,B,82400,200,
600058.SH,600058,20251209,91606270,0,258356,A,S,89000,200,
600058.SH,600058,20251209,91607100,0,206700,D,S,87000,500,
600058.SH,600058,20251209,91613050,0,259719,A,S,94800,100,
600058.SH,600058,20251209,91615010,0,259981,A,B,77600,1500,
600058.SH,600058,20251209,91616980,0,260252,A,S,91100,2000,
600058.SH,600058,20251209,91617800,0,260351,A,B,86500,100,
600058.SH,600058,20251209,91618520,0,213687,D,S,87800,500,
600058.SH,600058,20251209,91624280,0,261227,A,S,88200,7600,
600058.SH,600058,20251209,91633920,0,262699,A,S,90800,500,
600058.SH,600058,20251209,91637570,0,263235,A,S,94800,2600,
600058.SH,600058,20251209,91646950,0,264780,A,S,87400,3000,
600058.SH,600058,20251209,91648110,0,264965,A,S,90800,10000,
600058.SH,600058,20251209,91656000,0,266172,A,B,85100,1100,
600058.SH,600058,20251209,91704660,0,267514,A,B,85000,400,
600058.SH,600058,20251209,91705790,0,267714,A,B,87200,20000,
600058.SH,600058,20251209,91709130,0,268312,A,B,86900,3800,
600058.SH,600058,20251209,91731450,0,264780,D,S,87400,3000,
600058.SH,600058,20251209,91732600,0,272381,A,S,94800,100,
600058.SH,600058,20251209,91738040,0,202791,D,B,85400,400,
600058.SH,600058,20251209,91741600,0,273939,A,B,86000,2000,
600058.SH,600058,20251209,91747830,0,274984,A,S,91300,8200,
600058.SH,600058,20251209,91752170,0,275749,A,S,91100,500,
600058.SH,600058,20251209,91755090,0,276263,A,S,90000,1000,
600058.SH,600058,20251209,91800000,0,277151,A,S,88000,1000,
600058.SH,600058,20251209,91802730,0,95196,D,B,94800,8600,
600058.SH,600058,20251209,91803090,0,277749,A,S,87600,3000,
600058.SH,600058,20251209,91807050,0,278446,A,S,91400,1200,
600058.SH,600058,20251209,91816310,0,280134,A,S,91200,7700,
600058.SH,600058,20251209,91821580,0,281095,A,S,87200,3000,
600058.SH,600058,20251209,91838640,0,231112,D,S,86700,500,
600058.SH,600058,20251209,91843380,0,285014,A,S,86900,300,
600058.SH,600058,20251209,91845540,0,285408,A,S,87800,4000,
600058.SH,600058,20251209,91854880,0,287107,A,B,86000,100,
600058.SH,600058,20251209,91904900,0,288945,A,S,88000,100,
600058.SH,600058,20251209,91909950,0,289910,A,S,94500,500,
600058.SH,600058,20251209,91910140,0,289946,A,S,94800,4000,
600058.SH,600058,20251209,91911780,0,267714,D,B,87200,20000,
600058.SH,600058,20251209,91917280,0,291330,A,B,86900,300,
600058.SH,600058,20251209,91926740,0,293165,A,S,94800,2000,
600058.SH,600058,20251209,91928880,0,192069,D,S,77600,200,
600058.SH,600058,20251209,91932910,0,294337,A,B,86900,500,
600058.SH,600058,20251209,91943590,0,296471,A,S,94800,1000,
600058.SH,600058,20251209,91954500,0,74096,D,B,85000,100,
600058.SH,600058,20251209,92000110,0,300039,A,S,88100,3000,
600058.SH,600058,20251209,92001600,0,300489,A,S,87500,500,
600058.SH,600058,20251209,92001900,0,300578,A,S,87900,100,
600058.SH,600058,20251209,92011050,0,303015,A,B,84000,5000,
600058.SH,600058,20251209,92014820,0,303803,A,B,86500,1000,
600058.SH,600058,20251209,92015000,0,303842,A,S,88000,100,
600058.SH,600058,20251209,92021710,0,305266,A,B,85800,700,
600058.SH,600058,20251209,92022720,0,305480,A,B,86900,100,
600058.SH,600058,20251209,92045730,0,310519,A,S,94800,200,
600058.SH,600058,20251209,92046520,0,310722,A,B,85000,500,
600058.SH,600058,20251209,92049050,0,311269,A,S,88300,1500,
600058.SH,600058,20251209,92053570,0,312354,A,S,94800,8000,
600058.SH,600058,20251209,92107090,0,315608,A,B,86900,2900,
600058.SH,600058,20251209,92107370,0,315661,A,S,94500,4100,
600058.SH,600058,20251209,92109370,0,316115,A,S,86600,1000,
600058.SH,600058,20251209,92122540,0,319136,A,S,87500,12000,
600058.SH,600058,20251209,92124540,0,319612,A,S,90000,1000,
600058.SH,600058,20251209,92133330,0,321778,A,S,87400,500,
600058.SH,600058,20251209,92134010,0,321967,A,B,85300,2300,
600058.SH,600058,20251209,92138470,0,323054,A,S,86500,3400,
600058.SH,600058,20251209,92142320,0,323987,A,B,86000,1000,
600058.SH,600058,20251209,92143410,0,324255,A,S,87300,3000,
600058.SH,600058,20251209,92203370,0,329601,A,B,84200,100,
600058.SH,600058,20251209,92208710,0,331042,A,S,94800,1000,
600058.SH,600058,20251209,92212260,0,331982,A,B,83800,200,
600058.SH,600058,20251209,92213570,0,332314,A,B,86900,48400,
600058.SH,600058,20251209,92217490,0,333381,A,S,86600,1000,
600058.SH,600058,20251209,92218850,0,333753,A,S,92500,800,
600058.SH,600058,20251209,92221870,0,334535,A,S,86900,500,
600058.SH,600058,20251209,92224500,0,335256,A,B,79800,400,
600058.SH,600058,20251209,92227950,0,336197,A,S,93000,800,
600058.SH,600058,20251209,92229190,0,336550,A,S,94500,6200,
600058.SH,600058,20251209,92229960,0,336763,A,B,86100,200,
600058.SH,600058,20251209,92240750,0,339891,A,S,94000,1200,
600058.SH,600058,20251209,92240820,0,339913,A,B,77600,600,
600058.SH,600058,20251209,92244900,0,341074,A,S,94800,100,
600058.SH,600058,20251209,92254380,0,343898,A,S,91300,2000,
600058.SH,600058,20251209,92257150,0,344925,A,S,88000,1800,
600058.SH,600058,20251209,92259950,0,345835,A,S,87400,5200,
600058.SH,600058,20251209,92300490,0,346015,A,B,86900,800,
600058.SH,600058,20251209,92303970,0,347411,A,S,77600,1000,
600058.SH,600058,20251209,92307320,0,348562,A,S,89200,200,
600058.SH,600058,20251209,92311670,0,349907,A,S,92000,12100,
600058.SH,600058,20251209,92319120,0,352338,A,B,86000,300,
600058.SH,600058,20251209,92323590,0,353812,A,S,90000,2000,
600058.SH,600058,20251209,92327760,0,355234,A,S,94600,6000,
600058.SH,600058,20251209,92330080,0,356003,A,S,87900,50000,
600058.SH,600058,20251209,92330630,0,356189,A,S,94800,4000,
600058.SH,600058,20251209,92333220,0,357086,A,B,86200,100,
600058.SH,600058,20251209,92333490,0,357172,A,S,88500,100,
600058.SH,600058,20251209,92335690,0,357890,A,B,85700,300,
600058.SH,600058,20251209,92337690,0,358571,A,S,88000,5000,
600058.SH,600058,20251209,92344420,0,360976,A,S,87000,1000,
600058.SH,600058,20251209,92344810,0,361129,A,S,94500,2500,
600058.SH,600058,20251209,92347600,0,362176,A,B,86900,1000,
600058.SH,600058,20251209,92350390,0,363150,A,S,91300,3000,
600058.SH,600058,20251209,92350880,0,363310,A,S,94800,2000,
600058.SH,600058,20251209,92355640,0,365065,A,S,94800,5000,
600058.SH,600058,20251209,92359770,0,366506,A,S,94800,100,
600058.SH,600058,20251209,92400300,0,366829,A,B,86900,2000,
600058.SH,600058,20251209,92400790,0,367061,A,S,87500,2900,
600058.SH,600058,20251209,92403750,0,368172,A,S,89900,1000,
600058.SH,600058,20251209,92403800,0,368198,A,S,86900,4400,
600058.SH,600058,20251209,92404950,0,368678,A,S,86000,2800,
600058.SH,600058,20251209,92409540,0,370614,A,B,84800,500,
600058.SH,600058,20251209,92410210,0,370919,A,B,85600,800,
600058.SH,600058,20251209,92410660,0,371120,A,B,77600,200,
600058.SH,600058,20251209,92412560,0,371951,A,S,86900,1000,
600058.SH,600058,20251209,92413880,0,372556,A,B,86900,200,
600058.SH,600058,20251209,92416740,0,373936,A,B,87000,1500,
600058.SH,600058,20251209,92417010,0,374063,A,S,94700,10000,
600058.SH,600058,20251209,92417520,0,374326,A,S,87200,900,
600058.SH,600058,20251209,92418430,0,374774,A,B,94800,1400,
600058.SH,600058,20251209,92420040,0,375553,A,S,88000,1000,
600058.SH,600058,20251209,92423020,0,377035,A,S,87000,500,
600058.SH,600058,20251209,92423550,0,377333,A,S,94800,1200,
600058.SH,600058,20251209,92424270,0,377739,A,S,89800,4000,
600058.SH,600058,20251209,92427360,0,379397,A,B,85100,500,
600058.SH,600058,20251209,92430010,0,380773,A,B,87200,500,
600058.SH,600058,20251209,92430510,0,381064,A,S,90900,5200,
600058.SH,600058,20251209,92433750,0,382901,A,S,87000,700,
600058.SH,600058,20251209,92437810,0,385263,A,S,94800,20400,
600058.SH,600058,20251209,92440000,0,386832,A,S,94700,10000,
600058.SH,600058,20251209,92442780,0,388459,A,S,89000,1000,
600058.SH,600058,20251209,92445910,0,390370,A,S,86500,3900,
600058.SH,600058,20251209,92448670,0,392098,A,S,85200,2300,
600058.SH,600058,20251209,92448800,0,392210,A,S,85200,400,
600058.SH,600058,20251209,92449410,0,392659,A,S,85200,400,
600058.SH,600058,20251209,92449570,0,392789,A,S,85700,1100,
600058.SH,600058,20251209,92449890,0,393025,A,S,85200,700,
600058.SH,600058,20251209,92450270,0,393524,A,S,85700,600,
600058.SH,600058,20251209,92450400,0,393710,A,S,85200,800,
600058.SH,600058,20251209,92450590,0,393948,A,S,85200,3700,
600058.SH,600058,20251209,92451020,0,394396,A,S,86900,1400,
600058.SH,600058,20251209,92451290,0,394663,A,S,85200,800,
600058.SH,600058,20251209,92453490,0,396606,A,S,84000,1900,
600058.SH,600058,20251209,92453690,0,396831,A,S,86900,7000,
600058.SH,600058,20251209,92454400,0,397458,A,S,93000,1000,
600058.SH,600058,20251209,92455200,0,398424,A,S,84500,100,
600058.SH,600058,20251209,92455200,0,398429,A,B,87800,100,
600058.SH,600058,20251209,92455460,0,398790,A,B,86900,400,
600058.SH,600058,20251209,92455950,0,399388,A,S,84500,100,
600058.SH,600058,20251209,92455950,0,399398,A,S,84500,100,
600058.SH,600058,20251209,92457120,0,401582,A,B,89500,3200,
600058.SH,600058,20251209,92457120,0,401608,A,B,87000,21000,
600058.SH,600058,20251209,92457730,0,402918,A,S,84300,4700,
600058.SH,600058,20251209,92457890,0,403273,A,S,94800,2000,
600058.SH,600058,20251209,92458540,0,404843,A,S,86300,1400,
600058.SH,600058,20251209,92458740,0,405423,A,S,86900,3000,
600058.SH,600058,20251209,92458810,0,405540,A,S,77600,600,
600058.SH,600058,20251209,92500950,0,0,S,O,0,0,
600058.SH,600058,20251209,93000360,0,410511,A,B,85900,1400,
600058.SH,600058,20251209,93002250,0,413678,A,B,85900,5000,
600058.SH,600058,20251209,93002250,0,414034,A,B,86900,1000,
600058.SH,600058,20251209,93002520,0,415961,A,B,86200,700,
600058.SH,600058,20251209,93002600,0,416212,A,B,85900,2800,
600058.SH,600058,20251209,93002600,0,416379,A,S,87100,2500,
600058.SH,600058,20251209,93002740,0,418601,A,S,94800,2800,
600058.SH,600058,20251209,93002740,0,418704,A,S,90900,60000,
600058.SH,600058,20251209,93002740,0,418790,A,B,85800,200,
600058.SH,600058,20251209,93002740,0,419001,A,B,86000,200,
600058.SH,600058,20251209,93002740,0,419192,A,S,87200,2900,
600058.SH,600058,20251209,93002740,0,419456,A,S,87600,500,
600058.SH,600058,20251209,93002890,0,420213,A,S,91400,12000,
600058.SH,600058,20251209,93003060,0,421354,A,S,87800,1000,
600058.SH,600058,20251209,93003060,0,422678,A,S,88900,1000,
600058.SH,600058,20251209,93003390,0,425273,A,S,93600,1000,
600058.SH,600058,20251209,93003390,0,425334,A,S,86800,200,
600058.SH,600058,20251209,93003390,0,426337,A,S,86900,100,
600058.SH,600058,20251209,93003570,0,426906,A,S,94500,2300,
600058.SH,600058,20251209,93003570,0,427808,A,S,87200,7000,
600058.SH,600058,20251209,93003570,0,428229,A,S,86900,400,
600058.SH,600058,20251209,93003570,0,428310,A,S,86900,200,
600058.SH,600058,20251209,93003730,0,428381,A,S,86900,2700,
600058.SH,600058,20251209,93003730,0,429654,A,S,87400,2000,
600058.SH,600058,20251209,93004060,0,432174,A,S,87200,1000,
600058.SH,600058,20251209,93004060,0,432939,A,S,87100,1000,
600058.SH,600058,20251209,93004230,0,434653,A,S,87000,7600,
600058.SH,600058,20251209,93004400,0,436928,A,S,87200,2300,
600058.SH,600058,20251209,93004580,0,438091,A,S,87200,5000,
600058.SH,600058,20251209,93004580,0,438480,A,S,87000,2000,
600058.SH,600058,20251209,93004580,0,438728,A,S,86900,1900,
600058.SH,600058,20251209,93004740,0,439170,A,S,86900,1100,
600058.SH,600058,20251209,93004740,0,439936,A,S,86900,1500,
600058.SH,600058,20251209,93004910,0,441033,A,S,86900,3000,
600058.SH,600058,20251209,93004910,0,442256,A,S,87200,500,
600058.SH,600058,20251209,93004910,0,442613,A,S,86900,600,
600058.SH,600058,20251209,93005260,0,444592,A,S,86900,200,
600058.SH,600058,20251209,93005260,0,445275,A,S,87000,2100,
600058.SH,600058,20251209,93005590,0,448001,A,B,86000,500,
600058.SH,600058,20251209,93005590,0,449565,A,S,87000,2000,
600058.SH,600058,20251209,93005750,0,450573,A,S,86900,900,
600058.SH,600058,20251209,93005750,0,450679,A,S,89000,500,
600058.SH,600058,20251209,93005750,0,450725,A,B,85900,100,
600058.SH,600058,20251209,93005750,0,451008,A,S,86800,1200,
600058.SH,600058,20251209,93005920,0,451924,A,S,91900,5000,
600058.SH,600058,20251209,93005920,0,453081,A,S,86900,800,
600058.SH,600058,20251209,93006090,0,453494,A,S,86900,1800,
600058.SH,600058,20251209,93006090,0,453666,A,S,86900,1500,
600058.SH,600058,20251209,93006090,0,454186,A,S,87200,600,
600058.SH,600058,20251209,93006090,0,454621,A,S,86900,600,
600058.SH,600058,20251209,93006090,0,454690,A,S,86800,5300,
600058.SH,600058,20251209,93006090,0,454700,A,S,87100,5000,
600058.SH,600058,20251209,93006090,0,454896,A,S,87200,4000,
600058.SH,600058,20251209,93006090,0,454901,A,S,88500,1000,
600058.SH,600058,20251209,93006090,0,454951,A,S,86900,400,
600058.SH,600058,20251209,93006260,0,455201,A,S,92900,1400,
600058.SH,600058,20251209,93006260,0,455457,A,S,93900,2000,
600058.SH,600058,20251209,93006260,0,455686,A,S,86800,900,
600058.SH,600058,20251209,93006260,0,455703,A,S,94300,1000,
600058.SH,600058,20251209,93006260,0,455716,A,S,86900,1200,
600058.SH,600058,20251209,93006260,0,456473,A,S,86900,800,
600058.SH,600058,20251209,93006430,0,367061,D,S,87500,2900,
600058.SH,600058,20251209,93006430,0,458369,A,S,93500,1000,
600058.SH,600058,20251209,93006430,0,458423,A,S,94000,1000,
600058.SH,600058,20251209,93006600,0,459000,A,B,86000,3100,
600058.SH,600058,20251209,93006600,0,459653,A,S,94800,500,
600058.SH,600058,20251209,93006760,0,460816,A,S,86900,2000,
600058.SH,600058,20251209,93006760,0,460896,A,S,92800,600,
600058.SH,600058,20251209,93006760,0,461180,A,S,86900,2300,
600058.SH,600058,20251209,93006920,0,462437,A,S,86800,1200,
600058.SH,600058,20251209,93006920,0,462440,A,S,86800,300,
600058.SH,600058,20251209,93006920,0,463111,A,S,86900,1200,
600058.SH,600058,20251209,93006920,0,463413,A,S,86900,1300,
600058.SH,600058,20251209,93007060,0,465369,A,S,87200,1000,
600058.SH,600058,20251209,93007250,0,465857,A,S,86900,400,
600058.SH,600058,20251209,93007250,0,467052,A,S,86900,700,
600058.SH,600058,20251209,93007250,0,467273,A,S,87500,5300,
600058.SH,600058,20251209,93007440,0,467958,A,B,86300,500,
600058.SH,600058,20251209,93007440,0,469023,A,S,87000,100,
600058.SH,600058,20251209,93007600,0,469672,A,B,86100,3000,
600058.SH,600058,20251209,93007600,0,470038,A,B,85900,4000,
600058.SH,600058,20251209,93007600,0,470685,A,B,86000,2000,
600058.SH,600058,20251209,93007600,0,471021,A,S,86900,100,
600058.SH,600058,20251209,93007780,0,472551,A,S,86900,500,
600058.SH,600058,20251209,93007930,0,324255,D,S,87300,3000,
600058.SH,600058,20251209,93007930,0,473469,A,S,86900,500,
600058.SH,600058,20251209,93007930,0,473797,A,S,86800,300,
600058.SH,600058,20251209,93007930,0,474334,A,B,86200,4000,
600058.SH,600058,20251209,93008110,0,474799,A,S,88300,1000,
600058.SH,600058,20251209,93008110,0,476286,A,S,86900,300,
600058.SH,600058,20251209,93008280,0,476665,A,S,86900,400,
600058.SH,600058,20251209,93008280,0,476880,A,S,86900,200,
600058.SH,600058,20251209,93008280,0,477110,A,S,86900,400,
600058.SH,600058,20251209,93008280,0,477154,A,S,86900,200,
600058.SH,600058,20251209,93008280,0,477196,A,S,86900,600,
600058.SH,600058,20251209,93008280,0,477381,A,S,86900,100,
600058.SH,600058,20251209,93008280,0,477696,A,S,88100,3000,
600058.SH,600058,20251209,93008440,0,479070,A,S,86900,100,
600058.SH,600058,20251209,93008440,0,479810,A,S,87200,300,
600058.SH,600058,20251209,93008600,0,480398,A,S,87000,3000,
600058.SH,600058,20251209,93008600,0,481128,A,S,86900,200,
600058.SH,600058,20251209,93008600,0,481621,A,S,86900,1700,
600058.SH,600058,20251209,93008760,0,481981,A,S,94600,5000,
600058.SH,600058,20251209,93008760,0,482458,A,S,86900,500,
600058.SH,600058,20251209,93008760,0,482999,A,S,86900,500,
600058.SH,600058,20251209,93009070,0,486733,A,S,86900,100,
600058.SH,600058,20251209,93009070,0,486746,A,S,86900,100,
600058.SH,600058,20251209,93009070,0,486747,A,S,86900,100,
600058.SH,600058,20251209,93009070,0,486750,A,S,86900,300,
600058.SH,600058,20251209,93009070,0,486754,A,S,86900,100,
600058.SH,600058,20251209,93009070,0,486756,A,S,86900,200,
600058.SH,600058,20251209,93009070,0,486757,A,S,86900,200,
600058.SH,600058,20251209,93009070,0,486759,A,S,86900,100,
600058.SH,600058,20251209,93009070,0,486760,A,S,86900,200,
600058.SH,600058,20251209,93009070,0,486761,A,S,86900,200,
600058.SH,600058,20251209,93009070,0,486766,A,S,86900,100,
600058.SH,600058,20251209,93009070,0,486767,A,S,86900,200,
600058.SH,600058,20251209,93009070,0,486768,A,S,86900,300,
600058.SH,600058,20251209,93009070,0,486769,A,S,86900,300,
600058.SH,600058,20251209,93009070,0,486774,A,S,86900,100,
600058.SH,600058,20251209,93009070,0,486775,A,S,86900,400,
600058.SH,600058,20251209,93009070,0,486777,A,S,86900,100,
600058.SH,600058,20251209,93009070,0,486778,A,S,86900,300,
600058.SH,600058,20251209,93009070,0,486780,A,S,86900,100,
600058.SH,600058,20251209,93009070,0,486783,A,S,86900,400,
600058.SH,600058,20251209,93009070,0,486785,A,S,86900,300,
600058.SH,600058,20251209,93009070,0,486792,A,S,86900,100,
600058.SH,600058,20251209,93009070,0,486793,A,S,86900,100,
600058.SH,600058,20251209,93009070,0,486794,A,S,86900,100,
600058.SH,600058,20251209,93009070,0,486795,A,S,86900,100,
600058.SH,600058,20251209,93009070,0,486796,A,S,86700,1400,
600058.SH,600058,20251209,93009070,0,486797,A,S,86900,100,
600058.SH,600058,20251209,93009070,0,486799,A,S,86900,100,
600058.SH,600058,20251209,93009070,0,486801,A,S,86900,200,
600058.SH,600058,20251209,93009070,0,486804,A,S,86900,200,
600058.SH,600058,20251209,93009070,0,486807,A,S,86900,100,
600058.SH,600058,20251209,93009070,0,486808,A,S,86900,300,
600058.SH,600058,20251209,93009070,0,486809,A,S,86700,2100,
600058.SH,600058,20251209,93009070,0,486815,A,S,86900,400,
600058.SH,600058,20251209,93009070,0,486816,A,S,86900,400,
600058.SH,600058,20251209,93009070,0,486820,A,S,86900,200,
600058.SH,600058,20251209,93009070,0,486829,A,S,86600,200,
600058.SH,600058,20251209,93009230,0,486966,A,S,86900,1400,
600058.SH,600058,20251209,93009230,0,487009,A,S,86600,100,
600058.SH,600058,20251209,93009230,0,487200,A,S,87500,300,
600058.SH,600058,20251209,93009230,0,487262,A,S,86900,100,
600058.SH,600058,20251209,93009230,0,487263,A,S,86900,700,
600058.SH,600058,20251209,93009230,0,487360,A,S,86800,100,
600058.SH,600058,20251209,93009230,0,487413,A,S,86900,100,
600058.SH,600058,20251209,93009230,0,487440,A,S,87000,500,
600058.SH,600058,20251209,93009230,0,487711,A,S,86700,200,
600058.SH,600058,20251209,93009230,0,487765,A,S,86900,300,
600058.SH,600058,20251209,93009230,0,487772,A,S,86900,2300,
600058.SH,600058,20251209,93009230,0,488056,A,S,86900,1600,
600058.SH,600058,20251209,93009230,0,488072,A,S,86900,1900,
600058.SH,600058,20251209,93009230,0,488573,A,S,86800,100,
600058.SH,600058,20251209,93009230,0,488730,A,S,86900,100,
600058.SH,600058,20251209,93009390,0,489411,A,S,86900,1100,
600058.SH,600058,20251209,93009580,0,491647,A,S,86900,100,
600058.SH,600058,20251209,93009580,0,491685,A,S,91000,2000,
600058.SH,600058,20251209,93009750,0,493857,A,S,86900,700,
600058.SH,600058,20251209,93009930,0,495159,A,S,86900,700,
600058.SH,600058,20251209,93009930,0,496001,A,S,86900,1100,
600058.SH,600058,20251209,93010100,0,496287,A,S,86900,600,
600058.SH,600058,20251209,93010100,0,496305,A,S,86900,900,
600058.SH,600058,20251209,93010100,0,496307,A,S,86900,700,
600058.SH,600058,20251209,93010100,0,496426,A,S,86900,600,
600058.SH,600058,20251209,93010100,0,496670,A,S,86900,600,
600058.SH,600058,20251209,93010100,0,496742,A,S,86900,600,
600058.SH,600058,20251209,93010300,0,498653,A,S,90000,1000,
600058.SH,600058,20251209,93010300,0,498828,A,S,86900,100,
600058.SH,600058,20251209,93010300,0,498984,A,S,86900,1100,
600058.SH,600058,20251209,93010300,0,499088,A,S,86800,1200,
600058.SH,600058,20251209,93010300,0,499586,A,S,86900,1100,
600058.SH,600058,20251209,93010470,0,500627,A,S,86900,100,
600058.SH,600058,20251209,93010470,0,500738,A,B,86200,1100,
600058.SH,600058,20251209,93010470,0,501359,A,S,86800,400,
600058.SH,600058,20251209,93010630,0,502416,A,S,86900,700,
600058.SH,600058,20251209,93010630,0,502423,A,S,86900,700,
600058.SH,600058,20251209,93010630,0,502889,A,S,86900,700,
600058.SH,600058,20251209,93010630,0,503103,A,S,86800,600,
600058.SH,600058,20251209,93010630,0,503552,A,S,87200,1000,
600058.SH,600058,20251209,93010800,0,504080,A,S,86900,600,
600058.SH,600058,20251209,93010800,0,504180,A,S,87000,1700,
600058.SH,600058,20251209,93010800,0,504662,A,S,86900,600,
600058.SH,600058,20251209,93010800,0,505043,A,S,89900,3000,
600058.SH,600058,20251209,93010800,0,505067,A,S,86900,700,
600058.SH,600058,20251209,93010800,0,505425,A,S,86900,500,
600058.SH,600058,20251209,93010950,0,505581,A,S,86900,1100,
600058.SH,600058,20251209,93010950,0,506021,A,B,86500,35900,
600058.SH,600058,20251209,93010950,0,506187,A,S,86900,700,
600058.SH,600058,20251209,93010950,0,506350,A,S,86900,600,
600058.SH,600058,20251209,93011060,0,508085,A,S,86900,700,
600058.SH,600058,20251209,93011060,0,508156,A,S,86900,600,
600058.SH,600058,20251209,93011220,0,508606,A,B,86500,1200,
600058.SH,600058,20251209,93011430,0,510798,A,B,86000,1500,
600058.SH,600058,20251209,93011430,0,512234,A,S,86900,100,
600058.SH,600058,20251209,93011430,0,512235,A,S,86900,100,
600058.SH,600058,20251209,93011430,0,512237,A,S,86900,200,
600058.SH,600058,20251209,93011430,0,512346,A,S,86900,300,
600058.SH,600058,20251209,93011580,0,512851,A,S,86700,300,
600058.SH,600058,20251209,93011580,0,512901,A,S,86700,400,
600058.SH,600058,20251209,93011580,0,513522,A,S,94800,6000,
600058.SH,600058,20251209,93011770,0,514642,A,S,94800,600,
600058.SH,600058,20251209,93011770,0,514851,A,S,89800,500,
600058.SH,600058,20251209,93011770,0,515215,A,S,86900,100,
600058.SH,600058,20251209,93011770,0,515225,A,S,94800,10000,
600058.SH,600058,20251209,93011770,0,516006,A,S,87000,100,
600058.SH,600058,20251209,93011930,0,517776,A,B,86000,1500,
600058.SH,600058,20251209,93012320,0,521532,A,S,91000,9000,
600058.SH,600058,20251209,93012320,0,521765,A,S,94800,2000,
600058.SH,600058,20251209,93012470,0,522016,A,S,87600,1100,
600058.SH,600058,20251209,93012470,0,522374,A,S,88900,4000,
600058.SH,600058,20251209,93012470,0,522661,A,S,87200,1100,
600058.SH,600058,20251209,93012470,0,523431,A,S,86800,300,
600058.SH,600058,20251209,93012470,0,523432,A,S,86800,500,
600058.SH,600058,20251209,93012470,0,523433,A,S,86700,500,
600058.SH,600058,20251209,93012470,0,523434,A,S,86700,200,
600058.SH,600058,20251209,93012470,0,523435,A,S,86700,300,
600058.SH,600058,20251209,93012640,0,524080,A,B,86100,100,
600058.SH,600058,20251209,93012640,0,525066,A,S,86900,500,
600058.SH,600058,20251209,93012640,0,525166,A,S,86900,100,
600058.SH,600058,20251209,93012640,0,525183,A,S,86800,1600,
600058.SH,600058,20251209,93012640,0,525198,A,S,86900,1500,
600058.SH,600058,20251209,93012640,0,525204,A,S,86700,200,
600058.SH,600058,20251209,93012790,0,525880,A,S,87100,500,
600058.SH,600058,20251209,93012790,0,525939,A,S,86900,100,
600058.SH,600058,20251209,93012790,0,526135,A,S,94800,500,
600058.SH,600058,20251209,93012790,0,526806,A,B,86000,1500,
600058.SH,600058,20251209,93012950,0,529021,A,S,94800,3300,
600058.SH,600058,20251209,93013150,0,530218,A,S,87900,1000,
600058.SH,600058,20251209,93013150,0,530575,A,S,91000,500,
600058.SH,600058,20251209,93013310,0,531171,A,S,86900,200,
600058.SH,600058,20251209,93013310,0,531173,A,S,86900,100,
600058.SH,600058,20251209,93013310,0,531175,A,S,86900,300,
600058.SH,600058,20251209,93013490,0,532822,A,S,87000,100,
600058.SH,600058,20251209,93013560,0,535024,A,S,86900,100,
600058.SH,600058,20251209,93013730,0,535373,A,S,88300,2100,
600058.SH,600058,20251209,93013730,0,535611,A,S,87400,100,
600058.SH,600058,20251209,93013730,0,536930,A,S,89100,1000,
600058.SH,600058,20251209,93013890,0,537260,A,S,93000,4100,
600058.SH,600058,20251209,93013890,0,538104,A,S,86700,100,
600058.SH,600058,20251209,93013890,0,538105,A,S,86700,200,
600058.SH,600058,20251209,93014060,0,539143,A,B,86200,5000,
600058.SH,600058,20251209,93014060,0,540161,A,B,86100,5000,
600058.SH,600058,20251209,93014240,0,540737,A,S,86900,700,
600058.SH,600058,20251209,93014240,0,540749,A,S,86900,600,
600058.SH,600058,20251209,93014240,0,540835,A,S,86800,200,
600058.SH,600058,20251209,93014330,0,541874,A,S,87200,1500,
600058.SH,600058,20251209,93014330,0,543122,A,S,90900,900,
600058.SH,600058,20251209,93014510,0,544396,A,S,92200,100,
600058.SH,600058,20251209,93014670,0,546609,A,B,85700,500,
600058.SH,600058,20251209,93014830,0,547557,A,B,85700,2000,
600058.SH,600058,20251209,93014830,0,548382,A,S,86800,300,
600058.SH,600058,20251209,93014830,0,548588,A,B,85800,600,
600058.SH,600058,20251209,93015000,0,548994,A,B,86500,10000,
600058.SH,600058,20251209,93015000,0,550011,A,S,86900,100,
600058.SH,600058,20251209,93015000,0,550031,A,S,86900,200,
600058.SH,600058,20251209,93015000,0,550370,A,S,86900,2300,
600058.SH,600058,20251209,93015170,0,550780,A,S,87200,500,
600058.SH,600058,20251209,93015170,0,551616,A,S,86900,300,
600058.SH,600058,20251209,93015170,0,551634,A,S,86900,300,
600058.SH,600058,20251209,93015170,0,551671,A,S,86900,100,
600058.SH,600058,20251209,93015170,0,551672,A,S,86900,200,
600058.SH,600058,20251209,93015170,0,551674,A,S,86900,200,
600058.SH,600058,20251209,93015330,0,552347,A,S,88500,1200,
600058.SH,600058,20251209,93015330,0,552559,A,S,86800,300,
600058.SH,600058,20251209,93015330,0,552803,A,S,86900,100,
600058.SH,600058,20251209,93015330,0,552857,A,B,86100,1300,
600058.SH,600058,20251209,93015410,0,553125,A,S,86900,1100,
600058.SH,600058,20251209,93015410,0,554165,A,S,87100,500,
600058.SH,600058,20251209,93015410,0,554719,A,B,86200,200,
600058.SH,600058,20251209,93015580,0,554898,A,S,86800,1200,
600058.SH,600058,20251209,93015740,0,557038,A,S,86800,15000,
600058.SH,600058,20251209,93015740,0,557918,A,S,94800,2000,
600058.SH,600058,20251209,93015740,0,558022,A,S,91400,500,
600058.SH,600058,20251209,93015740,0,558323,A,S,86900,600,
600058.SH,600058,20251209,93015900,0,559076,A,B,86600,300,
600058.SH,600058,20251209,93015900,0,559077,A,B,86600,300,
600058.SH,600058,20251209,93015900,0,559078,A,B,86600,300,
600058.SH,600058,20251209,93015900,0,559079,A,B,86500,100,
600058.SH,600058,20251209,93015900,0,560012,A,S,88600,2000,
600058.SH,600058,20251209,93016080,0,560480,A,B,86400,700,
600058.SH,600058,20251209,93016450,0,564601,A,S,86900,500,
600058.SH,600058,20251209,93016450,0,564603,A,S,86900,300,
600058.SH,600058,20251209,93016450,0,564604,A,S,86900,400,
600058.SH,600058,20251209,93016450,0,564607,A,S,86900,300,
600058.SH,600058,20251209,93016620,0,566019,A,S,86900,400,
600058.SH,600058,20251209,93016780,0,567302,A,S,88900,200,
600058.SH,600058,20251209,93016780,0,568521,A,S,90000,200,
600058.SH,600058,20251209,93016780,0,568880,A,S,94800,100,
600058.SH,600058,20251209,93016780,0,568921,A,S,87600,1000,
600058.SH,600058,20251209,93016780,0,569033,A,B,86000,500,
600058.SH,600058,20251209,93016950,0,569561,A,S,89000,600,
600058.SH,600058,20251209,93016950,0,569727,A,S,94400,200,
600058.SH,600058,20251209,93017110,0,571926,A,B,85100,5000,
600058.SH,600058,20251209,93017110,0,572348,A,S,86900,100,
600058.SH,600058,20251209,93017260,0,573020,A,B,80100,300,
600058.SH,600058,20251209,93017440,0,574810,A,S,94800,200,
600058.SH,600058,20251209,93017440,0,575088,A,S,86900,3300,
600058.SH,600058,20251209,93017610,0,576446,A,B,86100,500,
600058.SH,600058,20251209,93017610,0,577564,A,S,86800,4200,
600058.SH,600058,20251209,93017760,0,579120,A,S,90300,2000,
600058.SH,600058,20251209,93017930,0,580316,A,S,86900,100,
600058.SH,600058,20251209,93018200,0,582613,A,S,86800,100,
600058.SH,600058,20251209,93018510,0,586269,A,S,94700,10000,
600058.SH,600058,20251209,93018510,0,586419,A,S,94800,100,
600058.SH,600058,20251209,93018510,0,586917,A,B,85800,800,
600058.SH,600058,20251209,93018780,0,589332,A,S,86900,100,
600058.SH,600058,20251209,93018780,0,589342,A,S,86900,200,
600058.SH,600058,20251209,93018780,0,589366,A,S,86900,200,
600058.SH,600058,20251209,93018780,0,589370,A,S,86900,300,
600058.SH,600058,20251209,93019010,0,591253,A,S,86900,300,
600058.SH,600058,20251209,93019010,0,591686,A,S,86800,600,
600058.SH,600058,20251209,93019330,0,594179,A,S,86900,7000,
600058.SH,600058,20251209,93019420,0,595724,A,B,86600,300,
600058.SH,600058,20251209,93019420,0,595765,A,B,86600,300,
600058.SH,600058,20251209,93019580,0,597638,A,S,86900,1200,
600058.SH,600058,20251209,93019840,0,599527,A,S,86900,800,
600058.SH,600058,20251209,93020070,0,600877,A,B,85500,600,
600058.SH,600058,20251209,93020070,0,601097,A,B,86000,1000,
600058.SH,600058,20251209,93020070,0,601430,A,S,90900,100,
600058.SH,600058,20251209,93020200,0,602555,A,S,86900,100,
600058.SH,600058,20251209,93020200,0,469023,D,S,87000,100,
600058.SH,600058,20251209,93020200,0,603084,A,S,86900,200,
600058.SH,600058,20251209,93020340,0,604711,A,S,86900,500,
600058.SH,600058,20251209,93020340,0,605168,A,S,88900,1000,
600058.SH,600058,20251209,93020490,0,516006,D,S,87000,100,
600058.SH,600058,20251209,93020490,0,606758,A,S,87200,2000,
600058.SH,600058,20251209,93020660,0,607112,A,S,86900,700,
600058.SH,600058,20251209,93020660,0,608130,A,S,86900,4800,
600058.SH,600058,20251209,93020660,0,608723,A,B,85000,1000,
600058.SH,600058,20251209,93020910,0,610529,A,S,86900,1200,
600058.SH,600058,20251209,93021270,0,613769,A,B,86100,500,
600058.SH,600058,20251209,93021410,0,559079,D,B,86500,100,
600058.SH,600058,20251209,93021410,0,614535,A,S,86900,10900,
600058.SH,600058,20251209,93021410,0,532822,D,S,87000,100,
600058.SH,600058,20251209,93021410,0,614680,A,B,86800,200,
600058.SH,600058,20251209,93021410,0,614896,A,S,87100,2000,
600058.SH,600058,20251209,93021730,0,487440,D,S,87000,500,
600058.SH,600058,20251209,93021730,0,618288,A,S,87200,500,
600058.SH,600058,20251209,93021910,0,619436,A,B,86600,200,
600058.SH,600058,20251209,93022080,0,622191,A,S,87200,400,
600058.SH,600058,20251209,93022720,0,627961,A,S,94800,200,
600058.SH,600058,20251209,93022880,0,628896,A,S,89600,1000,
600058.SH,600058,20251209,93023040,0,630297,A,S,87000,3500,
600058.SH,600058,20251209,93023040,0,631520,A,S,87200,1400,
600058.SH,600058,20251209,93023200,0,632619,A,B,86000,100,
600058.SH,600058,20251209,93023720,0,637301,A,S,86800,100,
600058.SH,600058,20251209,93023720,0,637571,A,S,86800,200,
600058.SH,600058,20251209,93023720,0,637753,A,S,86800,1600,
600058.SH,600058,20251209,93023720,0,637757,A,B,86700,6300,
600058.SH,600058,20251209,93023720,0,638507,A,B,86800,4400,
600058.SH,600058,20251209,93023890,0,639364,A,S,86900,100,
600058.SH,600058,20251209,93023890,0,639997,A,S,94800,50000,
600058.SH,600058,20251209,93024220,0,641844,A,B,86100,31100,
600058.SH,600058,20251209,93024380,0,643742,A,S,88800,2200,
600058.SH,600058,20251209,93024380,0,644635,A,S,86900,100,
600058.SH,600058,20251209,93024380,0,644974,A,S,87700,1400,
600058.SH,600058,20251209,93024530,0,645727,A,S,88500,100,
600058.SH,600058,20251209,93024700,0,648161,A,S,87000,500,
600058.SH,600058,20251209,93024890,0,649734,A,S,86900,100,
600058.SH,600058,20251209,93025060,0,651471,A,S,87200,10000,
600058.SH,600058,20251209,93025220,0,651691,A,S,87500,5000,
600058.SH,600058,20251209,93025390,0,653527,A,S,88000,1000,
600058.SH,600058,20251209,93025780,0,657263,A,S,86800,5500,
600058.SH,600058,20251209,93025780,0,657980,A,S,87900,1400,
600058.SH,600058,20251209,93026140,0,660912,A,S,87300,200,
600058.SH,600058,20251209,93026460,0,663182,A,S,86900,200,
600058.SH,600058,20251209,93026460,0,663201,A,S,86900,200,
600058.SH,600058,20251209,93026460,0,663378,A,S,86800,1200,
600058.SH,600058,20251209,93026460,0,356003,D,S,87900,50000,
600058.SH,600058,20251209,93026460,0,663841,A,S,87200,50000,
600058.SH,600058,20251209,93026610,0,664814,A,S,87900,2000,
600058.SH,600058,20251209,93026610,0,665476,A,B,86500,100,
600058.SH,600058,20251209,93026770,0,465369,D,S,87200,1000,
600058.SH,600058,20251209,93026850,0,667468,A,S,86900,8000,
600058.SH,600058,20251209,93026850,0,668087,A,S,86900,200,
600058.SH,600058,20251209,93027220,0,671612,A,S,86900,14300,
600058.SH,600058,20251209,93027220,0,671613,A,B,86000,1500,
600058.SH,600058,20251209,93027470,0,673224,A,S,86900,300,
600058.SH,600058,20251209,93027470,0,673948,A,S,86900,500,
600058.SH,600058,20251209,93027630,0,644635,D,S,86900,100,
600058.SH,600058,20251209,93027630,0,675398,A,S,86700,200,
600058.SH,600058,20251209,93027630,0,675431,A,S,87500,1000,
600058.SH,600058,20251209,93027840,0,677154,A,S,88200,1400,
600058.SH,600058,20251209,93027840,0,677390,A,B,86300,300,
600058.SH,600058,20251209,93027840,0,677463,A,S,92000,1000,
600058.SH,600058,20251209,93028000,0,679100,A,S,88500,5000,
600058.SH,600058,20251209,93028150,0,680783,A,S,86900,5000,
600058.SH,600058,20251209,93028470,0,683568,A,S,87200,300,
600058.SH,600058,20251209,93028470,0,684093,A,S,92000,3700,
600058.SH,600058,20251209,93028470,0,684232,A,B,86600,400,
600058.SH,600058,20251209,93028470,0,684542,A,S,86900,1100,
600058.SH,600058,20251209,93028470,0,684543,A,S,86900,300,
600058.SH,600058,20251209,93028620,0,663182,D,S,86900,200,
600058.SH,600058,20251209,93028620,0,684705,A,S,86900,200,
600058.SH,600058,20251209,93028620,0,663201,D,S,86900,200,
600058.SH,600058,20251209,93028620,0,684707,A,S,86900,200,
600058.SH,600058,20251209,93028620,0,684928,A,B,86600,1100,
600058.SH,600058,20251209,93028770,0,641844,D,B,86100,31100,
600058.SH,600058,20251209,93029150,0,690025,A,S,94800,400,
600058.SH,600058,20251209,93029280,0,691220,A,S,87500,2000,
600058.SH,600058,20251209,93029280,0,668087,D,S,86900,200,
600058.SH,600058,20251209,93029420,0,692168,A,B,86100,3000,
600058.SH,600058,20251209,93029620,0,694806,A,S,93000,2000,
600058.SH,600058,20251209,93029620,0,524080,D,B,86100,100,
600058.SH,600058,20251209,93030130,0,699196,A,B,86500,300,
600058.SH,600058,20251209,93030130,0,699559,A,S,91400,1800,
600058.SH,600058,20251209,93030280,0,700444,A,S,86700,300,
600058.SH,600058,20251209,93030280,0,700801,A,S,87700,100,
600058.SH,600058,20251209,93030540,0,703737,A,S,88900,200,
600058.SH,600058,20251209,93030540,0,704124,A,S,86700,100,
600058.SH,600058,20251209,93030540,0,704130,A,S,86700,100,
600058.SH,600058,20251209,93030540,0,704131,A,S,86700,100,
600058.SH,600058,20251209,93030540,0,704132,A,S,86700,600,
600058.SH,600058,20251209,93030540,0,704133,A,S,86700,100,
600058.SH,600058,20251209,93030540,0,704135,A,S,86700,100,
600058.SH,600058,20251209,93030540,0,704136,A,S,86700,100,
600058.SH,600058,20251209,93030540,0,704146,A,S,86700,100,
600058.SH,600058,20251209,93030690,0,705571,A,B,86600,1000,
600058.SH,600058,20251209,93030840,0,706168,A,S,86700,900,
600058.SH,600058,20251209,93030840,0,706479,A,B,85500,4000,
600058.SH,600058,20251209,93030840,0,706603,A,S,86800,1300,
600058.SH,600058,20251209,93030840,0,706673,A,S,86900,100,
600058.SH,600058,20251209,93030840,0,706717,A,S,86900,100,
600058.SH,600058,20251209,93030840,0,707439,A,S,86700,700,
600058.SH,600058,20251209,93030990,0,707482,A,S,86900,200,
600058.SH,600058,20251209,93030990,0,707990,A,S,88700,1400,
600058.SH,600058,20251209,93031140,0,709810,A,B,84300,500,
600058.SH,600058,20251209,93031300,0,710789,A,S,94800,1000,
600058.SH,600058,20251209,93031620,0,714194,A,S,87000,3600,
600058.SH,600058,20251209,93031620,0,714195,A,S,87000,3700,
600058.SH,600058,20251209,93031770,0,715671,A,S,86900,4700,
600058.SH,600058,20251209,93031770,0,673224,D,S,86900,300,
600058.SH,600058,20251209,93031770,0,716190,A,S,86900,300,
600058.SH,600058,20251209,93031960,0,717253,A,B,86500,100,
600058.SH,600058,20251209,93032400,0,721251,A,S,87000,2300,
600058.SH,600058,20251209,93032550,0,722417,A,S,86800,1100,
600058.SH,600058,20251209,93032550,0,438091,D,S,87200,5000,
600058.SH,600058,20251209,93032550,0,723478,A,S,86800,100,
600058.SH,600058,20251209,93032690,0,706717,D,S,86900,100,
600058.SH,600058,20251209,93032690,0,724344,A,S,89000,500,
600058.SH,600058,20251209,93032830,0,706673,D,S,86900,100,
600058.SH,600058,20251209,93032830,0,726110,A,S,86900,100,
600058.SH,600058,20251209,93032830,0,726340,A,B,86600,300,
600058.SH,600058,20251209,93032990,0,684705,D,S,86900,200,
600058.SH,600058,20251209,93032990,0,726940,A,S,86900,200,
600058.SH,600058,20251209,93032990,0,684707,D,S,86900,200,
600058.SH,600058,20251209,93032990,0,726962,A,S,86900,200,
600058.SH,600058,20251209,93033140,0,728771,A,B,86700,300,
600058.SH,600058,20251209,93033140,0,729060,A,S,86800,200,
600058.SH,600058,20251209,93033140,0,729125,A,S,86800,2000,
600058.SH,600058,20251209,93033440,0,731761,A,B,86700,500,
600058.SH,600058,20251209,93033590,0,733479,A,S,86900,100,
600058.SH,600058,20251209,93033740,0,541874,D,S,87200,1500,
600058.SH,600058,20251209,93033740,0,734033,A,S,86700,100,
600058.SH,600058,20251209,93033740,0,459000,D,B,86000,3100,
600058.SH,600058,20251209,93034100,0,445275,D,S,87000,2100,
600058.SH,600058,20251209,93034100,0,737460,A,S,86900,100,
600058.SH,600058,20251209,93034100,0,726110,D,S,86900,100,
600058.SH,600058,20251209,93034250,0,738456,A,S,86900,1900,
600058.SH,600058,20251209,93034250,0,738504,A,S,89900,800,
600058.SH,600058,20251209,93034250,0,739239,A,S,86900,800,
600058.SH,600058,20251209,93034820,0,726940,D,S,86900,200,
600058.SH,600058,20251209,93034820,0,726962,D,S,86900,200,
600058.SH,600058,20251209,93034820,0,744783,A,S,86600,1100,
600058.SH,600058,20251209,93034820,0,745515,A,B,86700,2100,
600058.SH,600058,20251209,93034970,0,746040,A,S,86900,200,
600058.SH,600058,20251209,93034970,0,746935,A,S,86900,1300,
600058.SH,600058,20251209,93035130,0,747680,A,S,86800,200,
600058.SH,600058,20251209,93035130,0,747744,A,S,86900,400,
600058.SH,600058,20251209,93035270,0,748958,A,S,86900,100,
600058.SH,600058,20251209,93035270,0,500738,D,B,86200,1100,
600058.SH,600058,20251209,93035400,0,749984,A,B,86600,13800,
600058.SH,600058,20251209,93035400,0,751361,A,B,86600,5000,
600058.SH,600058,20251209,93035540,0,751534,A,S,87000,5200,
600058.SH,600058,20251209,93035540,0,746040,D,S,86900,200,
600058.SH,600058,20251209,93035550,0,752630,A,S,87900,1500,
600058.SH,600058,20251209,93035690,0,733479,D,S,86900,100,
600058.SH,600058,20251209,93035690,0,752848,A,S,86900,100,
600058.SH,600058,20251209,93035690,0,754152,A,S,86800,7800,
600058.SH,600058,20251209,93035990,0,757200,A,S,86900,2000,
600058.SH,600058,20251209,93036190,0,758076,A,S,87200,22400,
600058.SH,600058,20251209,93036190,0,748958,D,S,86900,100,
600058.SH,600058,20251209,93036190,0,758164,A,B,86300,100,
600058.SH,600058,20251209,93036330,0,759067,A,S,86800,300,
600058.SH,600058,20251209,93036330,0,759800,A,S,94800,2000,
600058.SH,600058,20251209,93036470,0,760146,A,S,86900,400,
600058.SH,600058,20251209,93036470,0,752848,D,S,86900,100,
600058.SH,600058,20251209,93036600,0,761656,A,B,86600,1300,
600058.SH,600058,20251209,93036740,0,764273,A,S,86800,200,
600058.SH,600058,20251209,93036740,0,764280,A,S,86800,600,
600058.SH,600058,20251209,93036870,0,764430,A,S,86700,200,
600058.SH,600058,20251209,93036870,0,764702,A,S,86800,200,
600058.SH,600058,20251209,93036870,0,717253,D,B,86500,100,
600058.SH,600058,20251209,93036990,0,766235,A,S,86800,100,
600058.SH,600058,20251209,93036990,0,766409,A,S,86800,400,
600058.SH,600058,20251209,93036990,0,766524,A,S,86700,600,
600058.SH,600058,20251209,93036990,0,766694,A,S,86800,100,
600058.SH,600058,20251209,93037150,0,768477,A,S,86700,200,
600058.SH,600058,20251209,93037430,0,691220,D,S,87500,2000,
600058.SH,600058,20251209,93037440,0,716190,D,S,86900,300,
600058.SH,600058,20251209,93037440,0,771143,A,S,86900,300,
600058.SH,600058,20251209,93037570,0,771535,A,S,89800,500,
600058.SH,600058,20251209,93037570,0,771606,A,S,86800,200,
600058.SH,600058,20251209,93037700,0,774008,A,S,86700,100,
600058.SH,600058,20251209,93037830,0,774253,A,S,86900,100,
600058.SH,600058,20251209,93037830,0,774751,A,S,86800,100,
600058.SH,600058,20251209,93037830,0,775185,A,B,86200,1400,
600058.SH,600058,20251209,93037960,0,776268,A,S,86700,200,
600058.SH,600058,20251209,93037960,0,776520,A,S,86800,100,
600058.SH,600058,20251209,93038120,0,777470,A,S,86800,100,
600058.SH,600058,20251209,93038120,0,778021,A,S,86800,200,
600058.SH,600058,20251209,93038250,0,778490,A,S,86800,200,
600058.SH,600058,20251209,93038250,0,778499,A,S,86800,200,
600058.SH,600058,20251209,93038250,0,779574,A,S,86700,100,
600058.SH,600058,20251209,93038530,0,782513,A,S,86900,100,
600058.SH,600058,20251209,93038530,0,782535,A,S,94800,2000,
600058.SH,600058,20251209,93038650,0,771143,D,S,86900,300,
600058.SH,600058,20251209,93038650,0,783977,A,S,86800,100,
600058.SH,600058,20251209,93038780,0,784817,A,B,86600,600,
600058.SH,600058,20251209,93038780,0,784818,A,B,86700,1500,
600058.SH,600058,20251209,93038780,0,784872,A,B,86700,1300,
600058.SH,600058,20251209,93038780,0,766694,D,S,86800,100,
600058.SH,600058,20251209,93038780,0,785016,A,B,86700,900,
600058.SH,600058,20251209,93038780,0,785017,A,B,86700,1300,
600058.SH,600058,20251209,93038780,0,785019,A,B,86700,1300,
600058.SH,600058,20251209,93038780,0,785155,A,B,86700,1300,
600058.SH,600058,20251209,93038780,0,785168,A,B,86700,1300,
600058.SH,600058,20251209,93038950,0,677390,D,B,86300,300,
600058.SH,600058,20251209,93039100,0,787469,A,S,87000,1900,
600058.SH,600058,20251209,93039480,0,760146,D,S,86900,400,
600058.SH,600058,20251209,93039480,0,774253,D,S,86900,100,
600058.SH,600058,20251209,93039480,0,747744,D,S,86900,400,
600058.SH,600058,20251209,93039620,0,759067,D,S,86800,300,
600058.SH,600058,20251209,93039620,0,792880,A,B,86700,1300,
600058.SH,600058,20251209,93039620,0,787469,D,S,87000,1900,
600058.SH,600058,20251209,93039620,0,793061,A,B,85500,100,
600058.SH,600058,20251209,93039620,0,793064,A,B,85500,200,
600058.SH,600058,20251209,93039720,0,793661,A,S,90000,400,
600058.SH,600058,20251209,93039830,0,794678,A,S,86800,500,
600058.SH,600058,20251209,93039830,0,794688,A,S,86800,600,
600058.SH,600058,20251209,93039900,0,795110,A,B,86300,3100,
600058.SH,600058,20251209,93039930,0,665476,D,B,86500,100,
600058.SH,600058,20251209,93040960,0,802551,A,S,86900,2800,
600058.SH,600058,20251209,93041350,0,805106,A,B,86800,1400,
600058.SH,600058,20251209,93041400,0,805189,A,B,86800,400,
600058.SH,600058,20251209,93041400,0,805204,A,B,86800,400,
600058.SH,600058,20251209,93041430,0,805445,A,B,86100,15000,
600058.SH,600058,20251209,93041490,0,699196,D,B,86500,300,
600058.SH,600058,20251209,93042070,0,809138,A,B,86000,100,
600058.SH,600058,20251209,93042260,0,810243,A,B,86600,1500,
600058.SH,600058,20251209,93043770,0,819177,A,S,87000,100,
600058.SH,600058,20251209,93043830,0,819433,A,S,87000,4900,
600058.SH,600058,20251209,93043980,0,820312,A,S,86800,300,
600058.SH,600058,20251209,93044020,0,820616,A,S,86800,200,
600058.SH,600058,20251209,93044020,0,820836,A,S,86800,100,
600058.SH,600058,20251209,93044340,0,785019,D,B,86700,1300,
600058.SH,600058,20251209,93044340,0,785017,D,B,86700,200,
600058.SH,600058,20251209,93044340,0,822435,A,B,86800,500,
600058.SH,600058,20251209,93044370,0,785155,D,B,86700,1300,
600058.SH,600058,20251209,93044370,0,785168,D,B,86700,1300,
600058.SH,600058,20251209,93044370,0,822503,A,B,86800,300,
600058.SH,600058,20251209,93044370,0,822507,A,B,86800,300,
600058.SH,600058,20251209,93045100,0,630297,D,S,87000,3500,
600058.SH,600058,20251209,93045420,0,827813,A,S,86900,500,
600058.SH,600058,20251209,93045690,0,828867,A,S,86800,1000,
600058.SH,600058,20251209,93046130,0,831827,A,S,86800,100,
600058.SH,600058,20251209,93046160,0,832170,A,S,86800,200,
600058.SH,600058,20251209,93046220,0,714194,D,S,87000,3600,
600058.SH,600058,20251209,93046220,0,714195,D,S,87000,3700,
600058.SH,600058,20251209,93046870,0,795110,D,B,86300,3100,
600058.SH,600058,20251209,93046980,0,836635,A,S,87100,100,
600058.SH,600058,20251209,93047190,0,793061,D,B,85500,100,
600058.SH,600058,20251209,93047190,0,793064,D,B,85500,200,
600058.SH,600058,20251209,93047240,0,504180,D,S,87000,1700,
600058.SH,600058,20251209,93047340,0,784817,D,B,86600,600,
600058.SH,600058,20251209,93047360,0,838529,A,B,86800,1200,
600058.SH,600058,20251209,93047380,0,838630,A,B,86800,800,
600058.SH,600058,20251209,93047410,0,838706,A,B,86800,1000,
600058.SH,600058,20251209,93047410,0,838709,A,B,86800,1000,
600058.SH,600058,20251209,93047410,0,838757,A,B,86600,600,
600058.SH,600058,20251209,93047540,0,810243,D,B,86600,1500,
600058.SH,600058,20251209,93047540,0,839289,A,B,86000,100,
600058.SH,600058,20251209,93048240,0,842808,A,B,86400,100,
600058.SH,600058,20251209,93048240,0,842809,A,B,86400,200,
600058.SH,600058,20251209,93048260,0,842936,A,B,86800,1300,
600058.SH,600058,20251209,93048440,0,843664,A,B,86700,9300,
600058.SH,600058,20251209,93049000,0,846392,A,B,86800,600,
600058.SH,600058,20251209,93049000,0,739239,D,S,86900,800,
600058.SH,600058,20251209,93049810,0,842936,D,B,86800,1300,
600058.SH,600058,20251209,93049960,0,843664,D,B,86700,9300,
600058.SH,600058,20251209,93050050,0,751534,D,S,87000,5200,
600058.SH,600058,20251209,93050160,0,851771,A,B,87000,13100,
600058.SH,600058,20251209,93050260,0,852197,A,B,86700,1000,
600058.SH,600058,20251209,93050330,0,838757,D,B,86600,600,
600058.SH,600058,20251209,93050330,0,758164,D,B,86300,100,
600058.SH,600058,20251209,93050350,0,852606,A,S,87100,400,
600058.SH,600058,20251209,93050350,0,852616,A,B,87000,15100,
600058.SH,600058,20251209,93051430,0,749984,D,B,86600,10500,
600058.SH,600058,20251209,93051500,0,857375,A,B,86600,600,
600058.SH,600058,20251209,93051530,0,857568,A,B,86900,33600,
600058.SH,600058,20251209,93052670,0,857568,D,B,86900,33600,
600058.SH,600058,20251209,93052920,0,852616,D,B,87000,12900,
600058.SH,600058,20251209,93052980,0,842809,D,B,86400,200,
600058.SH,600058,20251209,93052980,0,842808,D,B,86400,100,
600058.SH,600058,20251209,93053090,0,864171,A,B,86800,200,
600058.SH,600058,20251209,93053090,0,864172,A,B,86800,100,
600058.SH,600058,20251209,93053300,0,864931,A,B,87000,300,
600058.SH,600058,20251209,93053300,0,864934,A,B,86800,100,
600058.SH,600058,20251209,93053300,0,864935,A,B,86800,100,
600058.SH,600058,20251209,93053300,0,864936,A,B,86800,100,
600058.SH,600058,20251209,93053340,0,865014,A,B,86800,300,
600058.SH,600058,20251209,93053340,0,865046,A,B,86900,8100,
600058.SH,600058,20251209,93053340,0,838709,D,B,86800,500,
600058.SH,600058,20251209,93053480,0,865507,A,B,86600,8900,
600058.SH,600058,20251209,93054230,0,868346,A,S,87100,100,
600058.SH,600058,20251209,93054260,0,868472,A,S,87000,800,
600058.SH,600058,20251209,93055350,0,872924,A,S,87100,300,
600058.SH,600058,20251209,93055500,0,873539,A,B,87300,15600,
600058.SH,600058,20251209,93055590,0,873884,A,B,86800,200,
600058.SH,600058,20251209,93055590,0,873887,A,B,86800,300,
600058.SH,600058,20251209,93055590,0,873890,A,B,86800,100,
600058.SH,600058,20251209,93055750,0,250181,D,B,85500,300,
600058.SH,600058,20251209,93056060,0,875729,A,B,86400,300,
600058.SH,600058,20251209,93056060,0,875730,A,S,88200,200,
600058.SH,600058,20251209,93056110,0,875999,A,B,86800,600,
600058.SH,600058,20251209,93056150,0,865046,D,B,86900,6400,
600058.SH,600058,20251209,93056340,0,876902,A,S,87300,9600,
600058.SH,600058,20251209,93056340,0,876909,A,S,87300,5700,
600058.SH,600058,20251209,93056450,0,877176,A,B,87300,89400,
600058.SH,600058,20251209,93056800,0,878604,A,B,87000,40100,
600058.SH,600058,20251209,93056800,0,878635,A,B,85800,1000,
600058.SH,600058,20251209,93057720,0,846392,D,B,86800,600,
600058.SH,600058,20251209,93057960,0,878604,D,B,87000,40100,
600058.SH,600058,20251209,93058010,0,467273,D,S,87500,5300,
600058.SH,600058,20251209,93059120,0,887840,A,S,87500,20000,
600058.SH,600058,20251209,93059200,0,877176,D,B,87300,53800,
600058.SH,600058,20251209,93059350,0,888775,A,B,86800,1200,
600058.SH,600058,20251209,93059390,0,888877,A,B,86900,32400,
600058.SH,600058,20251209,93059390,0,888910,A,B,86900,600,
600058.SH,600058,20251209,93059470,0,889294,A,B,86800,100,
600058.SH,600058,20251209,93059910,0,891037,A,B,87100,1100,
600058.SH,600058,20251209,93100180,0,892661,A,S,87300,900,
600058.SH,600058,20251209,93100720,0,895909,A,B,86900,63600,
600058.SH,600058,20251209,93100820,0,896413,A,S,87300,500,
600058.SH,600058,20251209,93100980,0,897433,A,B,86600,200,
600058.SH,600058,20251209,93101450,0,900227,A,B,86900,2000,
600058.SH,600058,20251209,93101450,0,900237,A,B,86800,1100,
600058.SH,600058,20251209,93101490,0,900303,A,B,87400,61900,
600058.SH,600058,20251209,93102030,0,865507,D,B,86600,8900,
600058.SH,600058,20251209,93102130,0,888877,D,B,86900,32100,
600058.SH,600058,20251209,93102380,0,904559,A,B,87600,34600,
600058.SH,600058,20251209,93102380,0,904560,A,B,87500,5000,
600058.SH,600058,20251209,93102380,0,904565,A,B,87500,100,
600058.SH,600058,20251209,93102380,0,904570,A,B,87500,200,
600058.SH,600058,20251209,93102380,0,904573,A,B,87500,100,
600058.SH,600058,20251209,93102380,0,904575,A,B,87500,100,
600058.SH,600058,20251209,93102380,0,904577,A,B,87500,200,
600058.SH,600058,20251209,93102380,0,904578,A,B,87500,2400,
600058.SH,600058,20251209,93102380,0,904626,A,B,87500,5600,
600058.SH,600058,20251209,93102380,0,904628,A,B,87500,300,
600058.SH,600058,20251209,93102380,0,904645,A,B,87500,200,
600058.SH,600058,20251209,93102380,0,904648,A,B,87500,2600,
600058.SH,600058,20251209,93102380,0,904651,A,B,87500,1800,
600058.SH,600058,20251209,93102380,0,904656,A,B,87500,900,
600058.SH,600058,20251209,93102380,0,904679,A,B,87500,300,
600058.SH,600058,20251209,93102380,0,904708,A,B,87500,11800,
600058.SH,600058,20251209,93102430,0,904832,A,B,87500,5000,
600058.SH,600058,20251209,93102450,0,905000,A,B,87500,1000,
600058.SH,600058,20251209,93102450,0,905001,A,B,87500,800,
600058.SH,600058,20251209,93102520,0,905205,A,B,87500,100,
600058.SH,600058,20251209,93102520,0,905324,A,B,87500,1000,
600058.SH,600058,20251209,93102770,0,906456,A,B,86700,5800,
600058.SH,600058,20251209,93102970,0,907192,A,B,87500,700,
600058.SH,600058,20251209,93102970,0,907196,A,B,87500,100,
600058.SH,600058,20251209,93102990,0,907359,A,B,87500,500,
600058.SH,600058,20251209,93103010,0,907468,A,B,87500,400,
600058.SH,600058,20251209,93103010,0,907542,A,B,87500,200,
600058.SH,600058,20251209,93103010,0,907589,A,B,87500,400,
600058.SH,600058,20251209,93103040,0,907708,A,B,87500,1400,
600058.SH,600058,20251209,93103060,0,907824,A,B,87500,4100,
600058.SH,600058,20251209,93103060,0,907827,A,B,87500,100,
600058.SH,600058,20251209,93103090,0,907897,A,B,86900,100,
600058.SH,600058,20251209,93103090,0,907907,A,B,86900,1500,
600058.SH,600058,20251209,93103120,0,908188,A,B,87500,600,
600058.SH,600058,20251209,93103150,0,908253,A,B,87500,600,
600058.SH,600058,20251209,93103560,0,910160,A,B,87500,100,
600058.SH,600058,20251209,93103560,0,910173,A,B,87500,5700,
600058.SH,600058,20251209,93103680,0,910720,A,B,87500,500,
600058.SH,600058,20251209,93103680,0,910760,A,B,86900,10900,
600058.SH,600058,20251209,93103720,0,864171,D,B,86800,200,
600058.SH,600058,20251209,93103720,0,864172,D,B,86800,100,
600058.SH,600058,20251209,93103810,0,911367,A,B,87200,200,
600058.SH,600058,20251209,93103810,0,911373,A,B,87200,100,
600058.SH,600058,20251209,93103840,0,911472,A,B,87500,100,
600058.SH,600058,20251209,93103960,0,911955,A,B,87500,1300,
600058.SH,600058,20251209,93103960,0,911958,A,B,87500,3100,
600058.SH,600058,20251209,93104040,0,912295,A,B,87600,100,
600058.SH,600058,20251209,93104160,0,913179,A,B,87500,700,
600058.SH,600058,20251209,93104240,0,913440,A,B,87500,1000,
600058.SH,600058,20251209,93104490,0,873884,D,B,86800,200,
600058.SH,600058,20251209,93104490,0,873890,D,B,86800,100,
600058.SH,600058,20251209,93104520,0,873887,D,B,86800,300,
600058.SH,600058,20251209,93104680,0,915929,A,B,87000,13000,
600058.SH,600058,20251209,93104860,0,904559,D,B,87600,23300,
600058.SH,600058,20251209,93104940,0,916894,A,B,86900,100,
600058.SH,600058,20251209,93104950,0,916911,A,B,86900,200,
600058.SH,600058,20251209,93104950,0,916956,A,B,86900,300,
600058.SH,600058,20251209,93105140,0,917761,A,B,87400,400,
600058.SH,600058,20251209,93105280,0,918522,A,B,86900,15400,
600058.SH,600058,20251209,93105320,0,864936,D,B,86800,100,
600058.SH,600058,20251209,93105320,0,864935,D,B,86800,100,
600058.SH,600058,20251209,93105320,0,864934,D,B,86800,100,
600058.SH,600058,20251209,93105350,0,865014,D,B,86800,300,
600058.SH,600058,20251209,93105350,0,918754,A,B,87700,2900,
600058.SH,600058,20251209,93105350,0,918774,A,B,87700,9900,
600058.SH,600058,20251209,93105350,0,888910,D,B,86900,600,
600058.SH,600058,20251209,93105350,0,918839,A,B,87700,6500,
600058.SH,600058,20251209,93105350,0,918855,A,B,87700,1100,
600058.SH,600058,20251209,93105400,0,918945,A,B,87600,27900,
600058.SH,600058,20251209,93105490,0,875999,D,B,86800,600,
600058.SH,600058,20251209,93105530,0,919476,A,B,87700,9500,
600058.SH,600058,20251209,93106020,0,921534,A,B,87700,700,
600058.SH,600058,20251209,93106120,0,922000,A,B,86900,1200,
600058.SH,600058,20251209,93106150,0,922100,A,B,86900,1200,
600058.SH,600058,20251209,93106150,0,915929,D,B,87000,13000,
600058.SH,600058,20251209,93106150,0,922109,A,B,87100,11700,
600058.SH,600058,20251209,93106180,0,900227,D,B,86900,2000,
600058.SH,600058,20251209,93106300,0,922813,A,B,86000,5000,
600058.SH,600058,20251209,93106450,0,918774,D,B,87700,7500,
600058.SH,600058,20251209,93106480,0,923640,A,B,87700,2500,
600058.SH,600058,20251209,93106970,0,925516,A,B,87700,1200,
600058.SH,600058,20251209,93106970,0,925517,A,B,86700,3100,
600058.SH,600058,20251209,93107010,0,925718,A,B,87700,200,
600058.SH,600058,20251209,93107150,0,926451,A,B,87100,2000,
600058.SH,600058,20251209,93107240,0,927035,A,S,87900,1000,
600058.SH,600058,20251209,93107260,0,927246,A,B,87700,2400,
600058.SH,600058,20251209,93107320,0,927438,A,B,87700,7100,
600058.SH,600058,20251209,93107530,0,928509,A,B,87100,300,
600058.SH,600058,20251209,93108120,0,930904,A,B,87000,5000,
600058.SH,600058,20251209,93108120,0,930932,A,B,87700,300,
600058.SH,600058,20251209,93108120,0,930954,A,S,88000,500,
600058.SH,600058,20251209,93108200,0,918945,D,B,87600,27900,
600058.SH,600058,20251209,93108200,0,916894,D,B,86900,100,
600058.SH,600058,20251209,93108240,0,916911,D,B,86900,200,
600058.SH,600058,20251209,93108240,0,916956,D,B,86900,300,
600058.SH,600058,20251209,93108300,0,931697,A,B,87800,4800,
600058.SH,600058,20251209,93108300,0,931710,A,B,87200,100,
600058.SH,600058,20251209,93108320,0,904575,D,B,87500,100,
600058.SH,600058,20251209,93108320,0,931788,A,B,87800,300,
600058.SH,600058,20251209,93108360,0,904656,D,B,87500,900,
600058.SH,600058,20251209,93108360,0,904560,D,B,87500,5000,
600058.SH,600058,20251209,93108360,0,904565,D,B,87500,100,
600058.SH,600058,20251209,93108360,0,931803,A,B,87900,5000,
600058.SH,600058,20251209,93108360,0,904628,D,B,87500,300,
600058.SH,600058,20251209,93108360,0,904578,D,B,87500,2400,
600058.SH,600058,20251209,93108360,0,904573,D,B,87500,100,
600058.SH,600058,20251209,93108360,0,904577,D,B,87500,200,
600058.SH,600058,20251209,93108360,0,904570,D,B,87500,200,
600058.SH,600058,20251209,93108360,0,931846,A,B,87800,4700,
600058.SH,600058,20251209,93108360,0,931855,A,B,87800,500,
600058.SH,600058,20251209,93108360,0,931863,A,B,87700,2300,
600058.SH,600058,20251209,93108360,0,931864,A,S,88000,1100,
600058.SH,600058,20251209,93108360,0,904648,D,B,87500,2600,
600058.SH,600058,20251209,93108360,0,904651,D,B,87500,1800,
600058.SH,600058,20251209,93108360,0,904645,D,B,87500,200,
600058.SH,600058,20251209,93108360,0,904679,D,B,87500,300,
600058.SH,600058,20251209,93108360,0,904832,D,B,87500,5000,
600058.SH,600058,20251209,93108360,0,904708,D,B,87500,11800,
600058.SH,600058,20251209,93108400,0,905001,D,B,87500,800,
600058.SH,600058,20251209,93108400,0,905205,D,B,87500,100,
600058.SH,600058,20251209,93108400,0,905324,D,B,87500,1000,
600058.SH,600058,20251209,93108400,0,905000,D,B,87500,1000,
600058.SH,600058,20251209,93108710,0,910760,D,B,86900,10900,
600058.SH,600058,20251209,93109000,0,934404,A,B,87800,200,
600058.SH,600058,20251209,93109000,0,190623,D,B,86200,500,
600058.SH,600058,20251209,93109030,0,934576,A,B,87000,1100,
600058.SH,600058,20251209,93109030,0,934592,A,B,87800,3000,
600058.SH,600058,20251209,93109030,0,934608,A,B,87800,900,
600058.SH,600058,20251209,93109030,0,934699,A,B,87600,8800,
600058.SH,600058,20251209,93109080,0,934715,A,B,87000,100,
600058.SH,600058,20251209,93109080,0,934780,A,B,87000,100,
600058.SH,600058,20251209,93109080,0,934801,A,B,87000,200,
600058.SH,600058,20251209,93109550,0,936870,A,B,87000,1200,
600058.SH,600058,20251209,93109550,0,936919,A,B,87800,4800,
600058.SH,600058,20251209,93109770,0,937674,A,B,87800,100,
600058.SH,600058,20251209,93109840,0,938011,A,B,87100,500,
600058.SH,600058,20251209,93109990,0,907359,D,B,87500,500,
600058.SH,600058,20251209,93110030,0,907542,D,B,87500,200,
600058.SH,600058,20251209,93110030,0,907589,D,B,87500,400,
600058.SH,600058,20251209,93110030,0,907708,D,B,87500,1400,
600058.SH,600058,20251209,93110030,0,938697,A,B,87800,3000,
600058.SH,600058,20251209,93110090,0,908188,D,B,87500,600,
600058.SH,600058,20251209,93110090,0,907827,D,B,87500,100,
600058.SH,600058,20251209,93110090,0,907824,D,B,87500,4100,
600058.SH,600058,20251209,93110090,0,938823,A,B,87500,1600,
600058.SH,600058,20251209,93110090,0,938827,A,B,87500,600,
600058.SH,600058,20251209,93110090,0,908253,D,B,87500,600,
600058.SH,600058,20251209,93110090,0,938926,A,B,87600,30600,
600058.SH,600058,20251209,93110130,0,939018,A,B,87400,100,
600058.SH,600058,20251209,93110130,0,939054,A,B,87400,100,
600058.SH,600058,20251209,93110370,0,904626,D,B,87500,5600,
600058.SH,600058,20251209,93110490,0,940953,A,B,87800,900,
600058.SH,600058,20251209,93110490,0,926451,D,B,87100,2000,
600058.SH,600058,20251209,93110570,0,910173,D,B,87500,5700,
600058.SH,600058,20251209,93110580,0,906456,D,B,86700,5800,
600058.SH,600058,20251209,93110600,0,941372,A,B,87300,9100,
600058.SH,600058,20251209,93110660,0,941631,A,B,87400,2000,
600058.SH,600058,20251209,93110670,0,910720,D,B,87500,500,
600058.SH,600058,20251209,93110770,0,942132,A,B,87900,100,
600058.SH,600058,20251209,93110870,0,931803,D,B,87900,800,
600058.SH,600058,20251209,93111030,0,943003,A,B,87700,1400,
600058.SH,600058,20251209,93111030,0,943009,A,B,87800,200,
600058.SH,600058,20251209,93111030,0,943050,A,B,87800,400,
600058.SH,600058,20251209,93111030,0,943113,A,B,87800,1400,
600058.SH,600058,20251209,93111090,0,943185,A,B,87800,1200,
600058.SH,600058,20251209,93111090,0,943245,A,B,87800,100,
600058.SH,600058,20251209,93111090,0,943254,A,B,87800,4100,
600058.SH,600058,20251209,93111140,0,943344,A,B,87400,1400,
600058.SH,600058,20251209,93111140,0,922109,D,B,87100,11700,
600058.SH,600058,20251209,93111300,0,910160,D,B,87500,100,
600058.SH,600058,20251209,93111300,0,931710,D,B,87200,100,
600058.SH,600058,20251209,93111320,0,944335,A,B,87700,600,
600058.SH,600058,20251209,93111320,0,944418,A,B,87900,12200,
600058.SH,600058,20251209,93111320,0,944421,A,B,88100,1300,
600058.SH,600058,20251209,93111320,0,944422,A,B,88000,900,
600058.SH,600058,20251209,93111320,0,944425,A,B,88000,200,
600058.SH,600058,20251209,93111320,0,944430,A,B,88000,2400,
600058.SH,600058,20251209,93111320,0,944432,A,B,88000,200,
600058.SH,600058,20251209,93111320,0,944433,A,B,88000,12600,
600058.SH,600058,20251209,93111320,0,944434,A,B,88000,100,
600058.SH,600058,20251209,93111340,0,944435,A,B,88000,100,
600058.SH,600058,20251209,93111340,0,944439,A,B,88000,100,
600058.SH,600058,20251209,93111340,0,944455,A,B,88000,5000,
600058.SH,600058,20251209,93111340,0,944490,A,B,88000,6900,
600058.SH,600058,20251209,93111340,0,944496,A,B,87900,100,
600058.SH,600058,20251209,93111340,0,931855,D,B,87800,500,
600058.SH,600058,20251209,93111340,0,944500,A,B,87900,200,
600058.SH,600058,20251209,93111340,0,944503,A,B,88000,200,
600058.SH,600058,20251209,93111340,0,944505,A,B,88000,2600,
600058.SH,600058,20251209,93111340,0,944510,A,B,88000,1800,
600058.SH,600058,20251209,93111370,0,944541,A,B,88000,11800,
600058.SH,600058,20251209,93111410,0,944625,A,B,88000,150000,
600058.SH,600058,20251209,93111410,0,944657,A,B,88000,800,
600058.SH,600058,20251209,93111410,0,944667,A,B,87900,4400,
600058.SH,600058,20251209,93111410,0,944681,A,B,87900,30700,
600058.SH,600058,20251209,93111410,0,944684,A,B,88000,5000,
600058.SH,600058,20251209,93111480,0,945009,A,B,87800,5900,
600058.SH,600058,20251209,93111480,0,945048,A,B,88000,100,
600058.SH,600058,20251209,93111560,0,945313,A,B,88000,200,
600058.SH,600058,20251209,93111630,0,945598,A,B,88000,600,
600058.SH,600058,20251209,93111710,0,945855,A,B,87800,500,
600058.SH,600058,20251209,93112110,0,907907,D,B,86900,1500,
600058.SH,600058,20251209,93112110,0,907897,D,B,86900,100,
600058.SH,600058,20251209,93112140,0,895909,D,B,86900,63600,
600058.SH,600058,20251209,93112160,0,947820,A,B,87300,200,
600058.SH,600058,20251209,93112200,0,947981,A,B,88000,2300,
600058.SH,600058,20251209,93112200,0,947984,A,B,88000,10300,
600058.SH,600058,20251209,93112240,0,948088,A,B,87800,3100,
600058.SH,600058,20251209,93112450,0,944433,D,B,88000,12600,
600058.SH,600058,20251209,93112490,0,949023,A,B,87700,200,
600058.SH,600058,20251209,93112490,0,949079,A,B,87700,1700,
600058.SH,600058,20251209,93112490,0,949123,A,B,87700,1000,
600058.SH,600058,20251209,93112490,0,949125,A,B,87800,600,
600058.SH,600058,20251209,93112530,0,949149,A,B,87700,100,
600058.SH,600058,20251209,93112560,0,938926,D,B,87600,30600,
600058.SH,600058,20251209,93112680,0,949862,A,S,88700,1100,
600058.SH,600058,20251209,93112720,0,934780,D,B,87000,100,
600058.SH,600058,20251209,93112720,0,934715,D,B,87000,100,
600058.SH,600058,20251209,93112720,0,934801,D,B,87000,200,
600058.SH,600058,20251209,93113170,0,951932,A,B,87900,1500,
600058.SH,600058,20251209,93113200,0,951971,A,B,87900,100,
600058.SH,600058,20251209,93113200,0,952078,A,B,88000,2200,
600058.SH,600058,20251209,93113340,0,952626,A,B,86000,1000,
600058.SH,600058,20251209,93113380,0,918839,D,B,87700,5700,
600058.SH,600058,20251209,93113450,0,953252,A,B,87300,100,
600058.SH,600058,20251209,93113450,0,953254,A,B,87300,200,
600058.SH,600058,20251209,93113470,0,953304,A,B,87300,100,
600058.SH,600058,20251209,93113510,0,889294,D,B,86800,100,
600058.SH,600058,20251209,93113670,0,954069,A,B,86600,100,
600058.SH,600058,20251209,93114060,0,944418,D,B,87900,12200,
600058.SH,600058,20251209,93114190,0,956023,A,B,87500,200,
600058.SH,600058,20251209,93114190,0,956064,A,B,88000,2200,
600058.SH,600058,20251209,93114310,0,956458,A,B,88000,200,
600058.SH,600058,20251209,93114310,0,956459,A,B,88000,200,
600058.SH,600058,20251209,93114310,0,956470,A,B,88100,100,
600058.SH,600058,20251209,93114310,0,956473,A,B,88100,100,
600058.SH,600058,20251209,93114310,0,956481,A,B,88100,100,
600058.SH,600058,20251209,93114310,0,508606,D,B,86500,1200,
600058.SH,600058,20251209,93114350,0,956541,A,B,88300,12900,
600058.SH,600058,20251209,93114350,0,956542,A,B,88200,2500,
600058.SH,600058,20251209,93114350,0,956558,A,B,88300,7100,
600058.SH,600058,20251209,93114350,0,956603,A,B,88200,9800,
600058.SH,600058,20251209,93114350,0,956627,A,B,88300,3200,
600058.SH,600058,20251209,93114350,0,956628,A,B,88200,200,
600058.SH,600058,20251209,93114350,0,956635,A,B,88100,500,
600058.SH,600058,20251209,93114350,0,956646,A,B,88200,500,
600058.SH,600058,20251209,93114350,0,956647,A,B,88200,1600,
600058.SH,600058,20251209,93114350,0,956659,A,B,88200,5700,
600058.SH,600058,20251209,93114400,0,956723,A,B,88100,3200,
600058.SH,600058,20251209,93114400,0,956725,A,B,88200,11800,
600058.SH,600058,20251209,93114400,0,944500,D,B,87900,200,
600058.SH,600058,20251209,93114400,0,956754,A,B,88100,100,
600058.SH,600058,20251209,93114400,0,956837,A,B,88100,400,
600058.SH,600058,20251209,93114400,0,956848,A,B,88100,700,
600058.SH,600058,20251209,93114400,0,956857,A,B,88200,4000,
600058.SH,600058,20251209,93114400,0,956862,A,B,88200,5800,
600058.SH,600058,20251209,93114400,0,939018,D,B,87400,100,
600058.SH,600058,20251209,93114440,0,956909,A,B,88100,10900,
600058.SH,600058,20251209,93114440,0,956923,A,B,88200,1000,
600058.SH,600058,20251209,93114440,0,939054,D,B,87400,100,
600058.SH,600058,20251209,93114440,0,956541,D,B,88300,10700,
600058.SH,600058,20251209,93114440,0,956558,D,B,88300,7100,
600058.SH,600058,20251209,93114440,0,957009,A,B,88200,700,
600058.SH,600058,20251209,93114440,0,956627,D,B,88300,3200,
600058.SH,600058,20251209,93114480,0,941631,D,B,87400,2000,
600058.SH,600058,20251209,93114520,0,957289,A,B,88200,9800,
600058.SH,600058,20251209,93114560,0,957336,A,B,88000,5400,
600058.SH,600058,20251209,93114630,0,875729,D,B,86400,300,
600058.SH,600058,20251209,93114850,0,958392,A,S,89100,200,
600058.SH,600058,20251209,93114850,0,958393,A,B,87300,300,
600058.SH,600058,20251209,93115070,0,959403,A,B,86500,1000,
600058.SH,600058,20251209,93115120,0,959539,A,B,87500,1800,
600058.SH,600058,20251209,93115120,0,959541,A,B,87700,1500,
600058.SH,600058,20251209,93115120,0,956723,D,B,88100,3200,
600058.SH,600058,20251209,93115160,0,959664,A,B,87500,1800,
600058.SH,600058,20251209,93115160,0,959665,A,B,87700,1900,
600058.SH,600058,20251209,93115160,0,959668,A,B,87700,100,
600058.SH,600058,20251209,93115160,0,959709,A,B,87700,100,
600058.SH,600058,20251209,93115200,0,959794,A,B,88200,3800,
600058.SH,600058,20251209,93115200,0,959825,A,B,87700,2000,
600058.SH,600058,20251209,93115380,0,960576,A,B,88500,2400,
600058.SH,600058,20251209,93115420,0,960723,A,B,88200,600,
600058.SH,600058,20251209,93115420,0,960726,A,B,88200,600,
600058.SH,600058,20251209,93115460,0,956603,D,B,88200,2300,
600058.SH,600058,20251209,93115460,0,948088,D,B,87800,3100,
600058.SH,600058,20251209,93115560,0,961276,A,B,88200,5700,
600058.SH,600058,20251209,93115590,0,941372,D,B,87300,9100,
600058.SH,600058,20251209,93115660,0,961616,A,B,87800,2200,
600058.SH,600058,20251209,93115750,0,961862,A,B,87800,2500,
600058.SH,600058,20251209,93116360,0,931846,D,B,87800,4700,
600058.SH,600058,20251209,93116470,0,964591,A,B,87100,3000,
600058.SH,600058,20251209,93116560,0,936919,D,B,87800,4800,
600058.SH,600058,20251209,93116670,0,965491,A,B,88200,5900,
600058.SH,600058,20251209,93116820,0,949023,D,B,87700,200,
600058.SH,600058,20251209,93116820,0,949079,D,B,87700,1700,
600058.SH,600058,20251209,93116820,0,953304,D,B,87300,100,
600058.SH,600058,20251209,93116820,0,949123,D,B,87700,1000,
600058.SH,600058,20251209,93116820,0,953254,D,B,87300,200,
600058.SH,600058,20251209,93116820,0,953252,D,B,87300,100,
600058.SH,600058,20251209,93116820,0,966267,A,B,87700,500,
600058.SH,600058,20251209,93116820,0,949149,D,B,87700,100,
600058.SH,600058,20251209,93116860,0,966394,A,S,91600,2300,
600058.SH,600058,20251209,93117020,0,966948,A,B,87200,1700,
600058.SH,600058,20251209,93117020,0,967004,A,B,88200,5900,
600058.SH,600058,20251209,93117070,0,956909,D,B,88100,10900,
600058.SH,600058,20251209,93117070,0,943245,D,B,87800,100,
600058.SH,600058,20251209,93117070,0,943254,D,B,87800,4100,
600058.SH,600058,20251209,93117210,0,967725,A,B,88200,7000,
600058.SH,600058,20251209,93117260,0,943003,D,B,87700,1400,
600058.SH,600058,20251209,93117350,0,968219,A,B,87700,100,
600058.SH,600058,20251209,93117350,0,968231,A,B,87700,100,
600058.SH,600058,20251209,93117350,0,968232,A,B,87700,200,
600058.SH,600058,20251209,93117350,0,956725,D,B,88200,10600,
600058.SH,600058,20251209,93117350,0,959794,D,B,88200,3800,
600058.SH,600058,20251209,93117390,0,944439,D,B,88000,100,
600058.SH,600058,20251209,93117390,0,944455,D,B,88000,5000,
600058.SH,600058,20251209,93117390,0,956848,D,B,88100,700,
600058.SH,600058,20251209,93117390,0,944432,D,B,88000,200,
600058.SH,600058,20251209,93117390,0,944430,D,B,88000,1100,
600058.SH,600058,20251209,93117390,0,944435,D,B,88000,100,
600058.SH,600058,20251209,93117390,0,968381,A,B,88300,26000,
600058.SH,600058,20251209,93117390,0,944434,D,B,88000,100,
600058.SH,600058,20251209,93117390,0,968412,A,B,88300,500,
600058.SH,600058,20251209,93117390,0,944510,D,B,88000,1800,
600058.SH,600058,20251209,93117390,0,944505,D,B,88000,2600,
600058.SH,600058,20251209,93117390,0,944503,D,B,88000,200,
600058.SH,600058,20251209,93117390,0,944684,D,B,88000,5000,
600058.SH,600058,20251209,93117390,0,944541,D,B,88000,11800,
600058.SH,600058,20251209,93117390,0,956754,D,B,88100,100,
600058.SH,600058,20251209,93117390,0,907468,D,B,87500,400,
600058.SH,600058,20251209,93117430,0,918855,D,B,87700,1100,
600058.SH,600058,20251209,93117430,0,968491,A,B,88700,1800,
600058.SH,600058,20251209,93117430,0,968517,A,B,88700,12900,
600058.SH,600058,20251209,93117430,0,956837,D,B,88100,400,
600058.SH,600058,20251209,93117430,0,944657,D,B,88000,800,
600058.SH,600058,20251209,93117430,0,911472,D,B,87500,100,
600058.SH,600058,20251209,93117470,0,945048,D,B,88000,100,
600058.SH,600058,20251209,93117470,0,968598,A,B,88700,1000,
600058.SH,600058,20251209,93117470,0,944496,D,B,87900,100,
600058.SH,600058,20251209,93117470,0,956635,D,B,88100,500,
600058.SH,600058,20251209,93117470,0,922000,D,B,86900,1200,
600058.SH,600058,20251209,93117510,0,922100,D,B,86900,1200,
600058.SH,600058,20251209,93117510,0,936870,D,B,87000,1200,
600058.SH,600058,20251209,93117540,0,968815,A,B,88300,1100,
600058.SH,600058,20251209,93117540,0,968830,A,B,87800,1200,
600058.SH,600058,20251209,93117540,0,911955,D,B,87500,1300,
600058.SH,600058,20251209,93117540,0,907192,D,B,87500,700,
600058.SH,600058,20251209,93117540,0,968877,A,B,88300,600,
600058.SH,600058,20251209,93117540,0,911958,D,B,87500,3100,
600058.SH,600058,20251209,93117540,0,907196,D,B,87500,100,
600058.SH,600058,20251209,93117540,0,968899,A,B,88200,600,
600058.SH,600058,20251209,93117580,0,913179,D,B,87500,700,
600058.SH,600058,20251209,93117610,0,913440,D,B,87500,1000,
600058.SH,600058,20251209,93117610,0,969110,A,B,88700,400,
600058.SH,600058,20251209,93117650,0,969206,A,B,88700,100,
600058.SH,600058,20251209,93117650,0,900237,D,B,86800,1100,
600058.SH,600058,20251209,93117680,0,969274,A,B,88100,500,
600058.SH,600058,20251209,93117980,0,968491,D,B,88700,1800,
600058.SH,600058,20251209,93118010,0,970836,A,B,88100,800,
600058.SH,600058,20251209,93118010,0,943009,D,B,87800,200,
600058.SH,600058,20251209,93118010,0,943050,D,B,87800,400,
600058.SH,600058,20251209,93118030,0,971037,A,B,88500,1800,
600058.SH,600058,20251209,93118030,0,943113,D,B,87800,1400,
600058.SH,600058,20251209,93118150,0,971371,A,B,86100,2500,
600058.SH,600058,20251209,93118180,0,971553,A,B,88300,38700,
600058.SH,600058,20251209,93118300,0,972007,A,S,90000,1000,
600058.SH,600058,20251209,93118300,0,959668,D,B,87700,100,
600058.SH,600058,20251209,93118330,0,959709,D,B,87700,100,
600058.SH,600058,20251209,93118330,0,959825,D,B,87700,2000,
600058.SH,600058,20251209,93118490,0,972767,A,B,87800,1900,
600058.SH,600058,20251209,93118610,0,973246,A,B,87800,1700,
600058.SH,600058,20251209,93118610,0,973247,A,B,87800,600,
600058.SH,600058,20251209,93118700,0,945855,D,B,87800,500,
600058.SH,600058,20251209,93118700,0,973637,A,B,87800,100,
600058.SH,600058,20251209,93118700,0,973638,A,B,87800,100,
600058.SH,600058,20251209,93118740,0,973739,A,B,87800,2000,
600058.SH,600058,20251209,93118850,0,974154,A,B,88200,100,
600058.SH,600058,20251209,93118850,0,974173,A,B,88200,1000,
600058.SH,600058,20251209,93118850,0,974197,A,B,88200,1700,
600058.SH,600058,20251209,93118850,0,974221,A,B,88200,200,
600058.SH,600058,20251209,93118890,0,971037,D,B,88500,1800,
600058.SH,600058,20251209,93118960,0,974544,A,B,88700,1800,
600058.SH,600058,20251209,93119220,0,976011,A,B,88100,800,
600058.SH,600058,20251209,93119350,0,944490,D,B,88000,6900,
600058.SH,600058,20251209,93119350,0,931863,D,B,87700,2300,
600058.SH,600058,20251209,93119760,0,978219,A,B,86000,7600,
600058.SH,600058,20251209,93119800,0,978362,A,B,87400,500,
600058.SH,600058,20251209,93119840,0,934576,D,B,87000,1100,
600058.SH,600058,20251209,93119840,0,943344,D,B,87400,1400,
600058.SH,600058,20251209,93119840,0,978541,A,B,87900,1900,
600058.SH,600058,20251209,93119840,0,978543,A,B,88000,1800,
600058.SH,600058,20251209,93120010,0,925718,D,B,87700,200,
600058.SH,600058,20251209,93120010,0,978997,A,B,88200,2700,
600058.SH,600058,20251209,93120010,0,979032,A,B,88500,3000,
600058.SH,600058,20251209,93120150,0,968381,D,B,88300,26000,
600058.SH,600058,20251209,93120340,0,980184,A,B,88000,200,
600058.SH,600058,20251209,93120380,0,945313,D,B,88000,200,
600058.SH,600058,20251209,93120380,0,919476,D,B,87700,9500,
600058.SH,600058,20251209,93120380,0,927438,D,B,87700,7100,
600058.SH,600058,20251209,93120380,0,980283,A,B,88000,1100,
600058.SH,600058,20251209,93120380,0,974544,D,B,88700,1800,
600058.SH,600058,20251209,93120380,0,968517,D,B,88700,11200,
600058.SH,600058,20251209,93120420,0,931788,D,B,87800,300,
600058.SH,600058,20251209,93120420,0,969274,D,B,88100,500,
600058.SH,600058,20251209,93120420,0,980345,A,S,88700,300,
600058.SH,600058,20251209,93120420,0,970836,D,B,88100,800,
600058.SH,600058,20251209,93120420,0,921534,D,B,87700,700,
600058.SH,600058,20251209,93120420,0,934404,D,B,87800,200,
600058.SH,600058,20251209,93120460,0,980490,A,B,88800,9700,
600058.SH,600058,20251209,93120460,0,980524,A,B,88800,1800,
600058.SH,600058,20251209,93120460,0,980528,A,B,88800,11200,
600058.SH,600058,20251209,93120460,0,980585,A,B,88800,5000,
600058.SH,600058,20251209,93120460,0,980595,A,B,88800,19100,
600058.SH,600058,20251209,93120460,0,968219,D,B,87700,100,
600058.SH,600058,20251209,93120460,0,968232,D,B,87700,200,
600058.SH,600058,20251209,93120460,0,968231,D,B,87700,100,
600058.SH,600058,20251209,93120500,0,956923,D,B,88200,1000,
600058.SH,600058,20251209,93120500,0,945598,D,B,88000,600,
600058.SH,600058,20251209,93120500,0,927246,D,B,87700,2400,
600058.SH,600058,20251209,93120500,0,938697,D,B,87800,3000,
600058.SH,600058,20251209,93120500,0,923640,D,B,87700,2500,
600058.SH,600058,20251209,93120500,0,934592,D,B,87800,3000,
600058.SH,600058,20251209,93120500,0,980735,A,B,88400,500,
600058.SH,600058,20251209,93120540,0,980763,A,B,88800,100,
600058.SH,600058,20251209,93120540,0,925516,D,B,87700,1200,
600058.SH,600058,20251209,93120590,0,980886,A,B,88800,5400,
600058.SH,600058,20251209,93120590,0,937674,D,B,87800,100,
600058.SH,600058,20251209,93120610,0,934608,D,B,87800,900,
600058.SH,600058,20251209,93120630,0,943185,D,B,87800,1200,
600058.SH,600058,20251209,93120700,0,981423,A,B,88800,500,
600058.SH,600058,20251209,93120700,0,981546,A,B,88400,800,
600058.SH,600058,20251209,93120950,0,982455,A,B,88800,600,
600058.SH,600058,20251209,93121000,0,982670,A,B,88800,700,
600058.SH,600058,20251209,93121000,0,982696,A,B,88800,200,
600058.SH,600058,20251209,93121040,0,982719,A,B,88800,400,
600058.SH,600058,20251209,93121040,0,982756,A,B,88800,1400,
600058.SH,600058,20251209,93121080,0,982893,A,B,88800,100,
600058.SH,600058,20251209,93121080,0,982898,A,B,88800,4000,
600058.SH,600058,20251209,93121170,0,983300,A,B,88200,50000,
600058.SH,600058,20251209,93121200,0,983390,A,B,88000,100,
600058.SH,600058,20251209,93121200,0,983397,A,B,88000,100,
600058.SH,600058,20251209,93121200,0,983399,A,B,88000,200,
600058.SH,600058,20251209,93121200,0,983408,A,B,88100,600,
600058.SH,600058,20251209,93121200,0,983410,A,B,88100,1100,
600058.SH,600058,20251209,93121200,0,983453,A,B,88000,500,
600058.SH,600058,20251209,93121200,0,983464,A,B,88100,1100,
600058.SH,600058,20251209,93121220,0,983516,A,B,88000,100,
600058.SH,600058,20251209,93121220,0,983524,A,B,88000,200,
600058.SH,600058,20251209,93121250,0,983596,A,B,88700,400,
600058.SH,600058,20251209,93121250,0,983637,A,B,88000,100,
600058.SH,600058,20251209,93121250,0,983698,A,B,88000,100,
600058.SH,600058,20251209,93121630,0,985011,A,B,88200,2000,
600058.SH,600058,20251209,93121820,0,973739,D,B,87800,2000,
600058.SH,600058,20251209,93121820,0,973638,D,B,87800,100,
600058.SH,600058,20251209,93121820,0,973637,D,B,87800,100,
600058.SH,600058,20251209,93121920,0,959539,D,B,87500,1800,
600058.SH,600058,20251209,93121940,0,957336,D,B,88000,5400,
600058.SH,600058,20251209,93122040,0,959664,D,B,87500,1800,
600058.SH,600058,20251209,93122040,0,960726,D,B,88200,600,
600058.SH,600058,20251209,93122110,0,986816,A,B,88100,1100,
600058.SH,600058,20251209,93122110,0,986817,A,B,88100,500,
600058.SH,600058,20251209,93122110,0,986819,A,B,88100,1100,
600058.SH,600058,20251209,93122110,0,986850,A,B,88200,100,
600058.SH,600058,20251209,93122110,0,986855,A,B,88200,100,
600058.SH,600058,20251209,93122110,0,986934,A,B,88200,1500,
600058.SH,600058,20251209,93122140,0,960723,D,B,88200,600,
600058.SH,600058,20251209,93122140,0,987045,A,B,88200,2000,
600058.SH,600058,20251209,93122140,0,959665,D,B,87700,1900,
600058.SH,600058,20251209,93122170,0,987269,A,B,88300,1100,
600058.SH,600058,20251209,93122170,0,987289,A,B,88300,200,
600058.SH,600058,20251209,93122280,0,987655,A,B,88900,2700,
600058.SH,600058,20251209,93122580,0,961276,D,B,88200,5700,
600058.SH,600058,20251209,93122580,0,956064,D,B,88000,2200,
600058.SH,600058,20251209,93122620,0,989145,A,B,88100,100,
600058.SH,600058,20251209,93122620,0,989163,A,B,88200,1400,
600058.SH,600058,20251209,93122620,0,989288,A,B,88300,700,
600058.SH,600058,20251209,93122640,0,940953,D,B,87800,900,
600058.SH,600058,20251209,93122820,0,974154,D,B,88200,100,
600058.SH,600058,20251209,93122840,0,990205,A,B,88300,300,
600058.SH,600058,20251209,93122840,0,974197,D,B,88200,1700,
600058.SH,600058,20251209,93122840,0,990255,A,B,88200,500,
600058.SH,600058,20251209,93122840,0,974221,D,B,88200,200,
600058.SH,600058,20251209,93122880,0,974173,D,B,88200,1000,
600058.SH,600058,20251209,93122980,0,990710,A,B,88800,500,
600058.SH,600058,20251209,93123250,0,991680,A,S,94800,900,
600058.SH,600058,20251209,93123350,0,931697,D,B,87800,3400,
600058.SH,600058,20251209,93123350,0,956470,D,B,88100,100,
600058.SH,600058,20251209,93123350,0,980528,D,B,88800,11200,
600058.SH,600058,20251209,93123350,0,956481,D,B,88100,100,
600058.SH,600058,20251209,93123350,0,956473,D,B,88100,100,
600058.SH,600058,20251209,93123350,0,980524,D,B,88800,1800,
600058.SH,600058,20251209,93123350,0,992025,A,B,88900,300,
600058.SH,600058,20251209,93123350,0,980735,D,B,88400,500,
600058.SH,600058,20251209,93123370,0,981546,D,B,88400,800,
600058.SH,600058,20251209,93123370,0,992138,A,B,88900,18500,
600058.SH,600058,20251209,93123370,0,992141,A,B,88900,1500,
600058.SH,600058,20251209,93123370,0,992199,A,B,88900,100,
600058.SH,600058,20251209,93123370,0,992202,A,B,89000,900,
600058.SH,600058,20251209,93123370,0,992226,A,B,88900,2100,
600058.SH,600058,20251209,93123390,0,968412,D,B,88300,500,
600058.SH,600058,20251209,93123430,0,992318,A,B,89000,1800,
600058.SH,600058,20251209,93123430,0,992327,A,B,89000,11200,
600058.SH,600058,20251209,93123430,0,992356,A,B,88300,200,
600058.SH,600058,20251209,93123430,0,992359,A,B,89000,800,
600058.SH,600058,20251209,93123430,0,992388,A,B,89000,3800,
600058.SH,600058,20251209,93123510,0,959541,D,B,87700,1500,
600058.SH,600058,20251209,93123550,0,972767,D,B,87800,1900,
600058.SH,600058,20251209,93123580,0,992818,A,B,88500,500,
600058.SH,600058,20251209,93123580,0,258355,D,B,82400,200,
600058.SH,600058,20251209,93123620,0,934699,D,B,87600,8800,
600058.SH,600058,20251209,93123660,0,958393,D,B,87300,300,
600058.SH,600058,20251209,93123830,0,993861,A,S,92500,200,
600058.SH,600058,20251209,93123860,0,993946,A,B,85500,200,
600058.SH,600058,20251209,93123890,0,994010,A,B,88800,2000,
600058.SH,600058,20251209,93123920,0,994210,A,S,90000,200,
600058.SH,600058,20251209,93123920,0,994211,A,B,88200,300,
600058.SH,600058,20251209,93124050,0,994834,A,S,94800,300,
600058.SH,600058,20251209,93124230,0,995406,A,B,88300,1800,
600058.SH,600058,20251209,93124230,0,995419,A,B,88200,200,
600058.SH,600058,20251209,93124230,0,995456,A,B,88300,1700,
600058.SH,600058,20251209,93124230,0,995457,A,B,88300,400,
600058.SH,600058,20251209,93124230,0,995462,A,B,88300,1400,
600058.SH,600058,20251209,93124230,0,995465,A,B,88300,1300,
600058.SH,600058,20251209,93124230,0,995498,A,B,88200,1200,
600058.SH,600058,20251209,93124230,0,995510,A,B,88200,700,
600058.SH,600058,20251209,93124230,0,995512,A,B,88200,500,
600058.SH,600058,20251209,93124230,0,995513,A,B,88200,1200,
600058.SH,600058,20251209,93124230,0,995516,A,B,88300,1700,
600058.SH,600058,20251209,93124230,0,995517,A,B,88400,800,
600058.SH,600058,20251209,93124230,0,995519,A,B,88400,300,
600058.SH,600058,20251209,93124230,0,995520,A,B,88300,1700,
600058.SH,600058,20251209,93124270,0,995521,A,B,88200,1700,
600058.SH,600058,20251209,93124270,0,995525,A,B,88300,900,
600058.SH,600058,20251209,93124270,0,995526,A,B,88600,1700,
600058.SH,600058,20251209,93124270,0,995531,A,B,88600,1700,
600058.SH,600058,20251209,93124270,0,995532,A,B,88300,1600,
600058.SH,600058,20251209,93124270,0,995536,A,B,88400,700,
600058.SH,600058,20251209,93124270,0,995539,A,B,88300,1700,
600058.SH,600058,20251209,93124270,0,995545,A,B,88700,1700,
600058.SH,600058,20251209,93124270,0,995547,A,B,88700,400,
600058.SH,600058,20251209,93124270,0,983397,D,B,88000,100,
600058.SH,600058,20251209,93124270,0,983390,D,B,88000,100,
