万得代码,交易所代码,自然日,时间,委托编号,交易所委托号,委托类型,委托代码,委托价格,委托数量,
600020.SH,600020,20251209,91400370,0,0,S,I,0,0,
600020.SH,600020,20251209,91500120,0,1013,A,S,48800,100,
600020.SH,600020,20251209,91500280,0,1157,A,S,44700,1500,
600020.SH,600020,20251209,91501870,0,2395,A,S,44600,5000,
600020.SH,600020,20251209,91501910,0,3100,A,B,43900,1500,
600020.SH,600020,20251209,91502400,0,4601,A,S,48800,50000,
600020.SH,600020,20251209,91502470,0,4916,A,S,42200,100,
600020.SH,600020,20251209,91502470,0,5140,A,S,44800,2000,
600020.SH,600020,20251209,91502500,0,5343,A,S,44300,200,
600020.SH,600020,20251209,91502500,0,5992,A,S,48600,500,
600020.SH,600020,20251209,91502620,0,7549,A,S,47200,3000,
600020.SH,600020,20251209,91502620,0,7550,A,S,47500,3000,
600020.SH,600020,20251209,91502620,0,7551,A,S,47800,3000,
600020.SH,600020,20251209,91502620,0,7554,A,S,48100,3000,
600020.SH,600020,20251209,91502620,0,7555,A,S,48400,3000,
600020.SH,600020,20251209,91502620,0,8205,A,S,46200,500,
600020.SH,600020,20251209,91502880,0,11187,A,S,48000,3700,
600020.SH,600020,20251209,91503030,0,14103,A,B,42500,800,
600020.SH,600020,20251209,91503030,0,14119,A,S,45500,700,
600020.SH,600020,20251209,91503030,0,14137,A,S,47500,800,
600020.SH,600020,20251209,91503030,0,14276,A,B,43700,300,
600020.SH,600020,20251209,91503030,0,14376,A,B,42500,800,
600020.SH,600020,20251209,91503160,0,14383,A,S,46500,800,
600020.SH,600020,20251209,91503160,0,14742,A,S,45500,900,
600020.SH,600020,20251209,91503160,0,14747,A,S,46000,100,
600020.SH,600020,20251209,91503340,0,17544,A,S,46900,1000,
600020.SH,600020,20251209,91503590,0,21557,A,S,48800,1500,
600020.SH,600020,20251209,91503750,0,24919,A,B,43800,2400,
600020.SH,600020,20251209,91503870,0,25900,A,B,43300,3000,
600020.SH,600020,20251209,91503870,0,25929,A,B,43400,3000,
600020.SH,600020,20251209,91503870,0,25946,A,S,48500,200,
600020.SH,600020,20251209,91504000,0,27500,A,B,44100,3000,
600020.SH,600020,20251209,91504000,0,27501,A,B,43800,3000,
600020.SH,600020,20251209,91504000,0,27502,A,B,43500,3000,
600020.SH,600020,20251209,91504000,0,27517,A,B,43200,3000,
600020.SH,600020,20251209,91504000,0,27518,A,B,42900,3000,
600020.SH,600020,20251209,91504000,0,27519,A,S,45100,3000,
600020.SH,600020,20251209,91504000,0,27520,A,S,45400,3000,
600020.SH,600020,20251209,91504000,0,27521,A,S,45700,3000,
600020.SH,600020,20251209,91504000,0,27522,A,S,46000,3000,
600020.SH,600020,20251209,91504000,0,27523,A,S,46300,3000,
600020.SH,600020,20251209,91504000,0,27537,A,S,46600,3000,
600020.SH,600020,20251209,91504000,0,27538,A,S,46900,3000,
600020.SH,600020,20251209,91504000,0,28278,A,B,44000,5000,
600020.SH,600020,20251209,91504000,0,28463,A,S,46000,1000,
600020.SH,600020,20251209,91504000,0,28477,A,S,47000,1000,
600020.SH,600020,20251209,91504000,0,28494,A,S,48000,2000,
600020.SH,600020,20251209,91504000,0,28495,A,B,44000,1000,
600020.SH,600020,20251209,91504000,0,28842,A,B,44000,10000,
600020.SH,600020,20251209,91504000,0,28988,A,B,43000,100,
600020.SH,600020,20251209,91504000,0,29168,A,S,45500,315,
600020.SH,600020,20251209,91504260,0,32319,A,S,45300,2300,
600020.SH,600020,20251209,91504260,0,32764,A,S,47600,10000,
600020.SH,600020,20251209,91504380,0,34225,A,S,46500,16000,
600020.SH,600020,20251209,91504380,0,34499,A,S,45500,5000,
600020.SH,600020,20251209,91504520,0,35433,A,S,48400,3000,
600020.SH,600020,20251209,91504520,0,36067,A,S,42200,100,
600020.SH,600020,20251209,91504520,0,37016,A,S,45000,3000,
600020.SH,600020,20251209,91504660,0,37326,A,S,47900,1000,
600020.SH,600020,20251209,91504660,0,37412,A,S,40000,13400,
600020.SH,600020,20251209,91504790,0,39080,A,B,44000,1700,
600020.SH,600020,20251209,91505060,0,43666,A,S,48600,500,
600020.SH,600020,20251209,91505060,0,43763,A,S,45400,50000,
600020.SH,600020,20251209,91505060,0,44381,A,S,48400,1000,
600020.SH,600020,20251209,91505060,0,44671,A,S,45000,50000,
600020.SH,600020,20251209,91505250,0,45413,A,S,46800,8000,
600020.SH,600020,20251209,91505250,0,45675,A,S,46300,8000,
600020.SH,600020,20251209,91505250,0,45713,A,S,45800,8000,
600020.SH,600020,20251209,91505250,0,46323,A,S,44800,20000,
600020.SH,600020,20251209,91505250,0,46324,A,S,44900,20000,
600020.SH,600020,20251209,91505250,0,46325,A,S,45000,14600,
600020.SH,600020,20251209,91505250,0,46339,A,S,44700,20000,
600020.SH,600020,20251209,91505380,0,47159,A,S,45600,400,
600020.SH,600020,20251209,91505380,0,47361,A,S,44700,400,
600020.SH,600020,20251209,91505380,0,47522,A,B,43800,10000,
600020.SH,600020,20251209,91505380,0,47655,A,S,44700,20000,
600020.SH,600020,20251209,91505380,0,47656,A,S,44900,20000,
600020.SH,600020,20251209,91505390,0,47674,A,S,45000,20000,
600020.SH,600020,20251209,91505390,0,47898,A,S,47300,500,
600020.SH,600020,20251209,91505390,0,47995,A,S,44900,20000,
600020.SH,600020,20251209,91505390,0,48037,A,S,45300,10000,
600020.SH,600020,20251209,91505390,0,48057,A,S,44700,20000,
600020.SH,600020,20251209,91505390,0,48079,A,S,44800,20000,
600020.SH,600020,20251209,91505390,0,48119,A,S,44900,20000,
600020.SH,600020,20251209,91505530,0,49111,A,S,44800,20000,
600020.SH,600020,20251209,91505530,0,49118,A,S,44900,20000,
600020.SH,600020,20251209,91505530,0,49127,A,S,45000,19500,
600020.SH,600020,20251209,91505530,0,49170,A,S,44900,20000,
600020.SH,600020,20251209,91505530,0,49180,A,S,45000,14500,
600020.SH,600020,20251209,91505530,0,49651,A,B,44300,100,
600020.SH,600020,20251209,91505530,0,49671,A,B,44100,100,
600020.SH,600020,20251209,91505530,0,50131,A,S,48800,1100,
600020.SH,600020,20251209,91505530,0,51057,A,B,44100,80600,
600020.SH,600020,20251209,91505660,0,51379,A,S,48600,500,
600020.SH,600020,20251209,91505760,0,52515,A,S,45400,3000,
600020.SH,600020,20251209,91505770,0,54044,A,B,44400,20100,
600020.SH,600020,20251209,91505910,0,55090,A,B,44400,100,
600020.SH,600020,20251209,91505910,0,55114,A,B,44200,100,
600020.SH,600020,20251209,91505910,0,55133,A,B,44000,100,
600020.SH,600020,20251209,91505910,0,55152,A,S,44700,100,
600020.SH,600020,20251209,91505910,0,55174,A,S,44900,100,
600020.SH,600020,20251209,91505910,0,56211,A,S,45400,3000,
600020.SH,600020,20251209,91505910,0,56232,A,B,44000,1000,
600020.SH,600020,20251209,91506060,0,56720,A,S,44600,100,
600020.SH,600020,20251209,91506060,0,56761,A,S,44800,100,
600020.SH,600020,20251209,91506210,0,59692,A,B,43000,500,
600020.SH,600020,20251209,91506210,0,59748,A,S,47000,300,
600020.SH,600020,20251209,91506350,0,61226,A,S,47900,700,
600020.SH,600020,20251209,91506490,0,63378,A,S,46900,2600,
600020.SH,600020,20251209,91506490,0,63379,A,S,47900,2600,
600020.SH,600020,20251209,91506490,0,63380,A,B,41600,600,
600020.SH,600020,20251209,91506490,0,63381,A,B,41100,600,
600020.SH,600020,20251209,91506490,0,63383,A,B,40600,600,
600020.SH,600020,20251209,91506490,0,63384,A,B,40000,1000,
600020.SH,600020,20251209,91506490,0,63400,A,S,48200,5100,
600020.SH,600020,20251209,91506660,0,65189,A,S,45300,2300,
600020.SH,600020,20251209,91506660,0,65206,A,B,43800,2400,
600020.SH,600020,20251209,91506810,0,66595,A,B,41800,500,
600020.SH,600020,20251209,91506960,0,67807,A,B,41800,1000,
600020.SH,600020,20251209,91506960,0,67836,A,S,48600,500,
600020.SH,600020,20251209,91506990,0,68459,A,B,43800,1000,
600020.SH,600020,20251209,91507100,0,70175,A,B,41800,500,
600020.SH,600020,20251209,91507100,0,70375,A,B,43000,100,
600020.SH,600020,20251209,91507240,0,71676,A,S,46000,50000,
600020.SH,600020,20251209,91507240,0,72107,A,S,48800,100,
600020.SH,600020,20251209,91507240,0,72164,A,S,44700,5000,
600020.SH,600020,20251209,91507240,0,72201,A,S,44800,5000,
600020.SH,600020,20251209,91507240,0,72213,A,S,44900,5000,
600020.SH,600020,20251209,91507240,0,72232,A,S,45000,5000,
600020.SH,600020,20251209,91507240,0,72233,A,S,45100,5000,
600020.SH,600020,20251209,91507240,0,72241,A,S,45200,5000,
600020.SH,600020,20251209,91507240,0,72259,A,S,45300,5000,
600020.SH,600020,20251209,91507240,0,72281,A,S,45400,5000,
600020.SH,600020,20251209,91507240,0,72288,A,S,45500,5000,
600020.SH,600020,20251209,91507240,0,72298,A,S,45600,5000,
600020.SH,600020,20251209,91507240,0,72322,A,B,44300,5000,
600020.SH,600020,20251209,91507240,0,72331,A,B,44200,5000,
600020.SH,600020,20251209,91507240,0,72341,A,B,44100,5000,
600020.SH,600020,20251209,91507240,0,72355,A,B,44000,5000,
600020.SH,600020,20251209,91507240,0,72385,A,B,43900,5000,
600020.SH,600020,20251209,91507240,0,72401,A,B,43800,5000,
600020.SH,600020,20251209,91507240,0,72595,A,S,47300,5000,
600020.SH,600020,20251209,91507560,0,75665,A,S,44300,1600,
600020.SH,600020,20251209,91507560,0,75829,A,S,48000,5500,
600020.SH,600020,20251209,91507560,0,76132,A,S,46500,800,
600020.SH,600020,20251209,91507560,0,76385,A,B,44200,1000,
600020.SH,600020,20251209,91507560,0,76425,A,S,45500,800,
600020.SH,600020,20251209,91507560,0,76434,A,S,47500,800,
600020.SH,600020,20251209,91507700,0,78494,A,S,48800,700,
600020.SH,600020,20251209,91507700,0,78855,A,S,45800,1500,
600020.SH,600020,20251209,91507860,0,80125,A,S,45000,4800,
600020.SH,600020,20251209,91507860,0,81258,A,S,48500,6000,
600020.SH,600020,20251209,91508000,0,81620,A,S,48700,3000,
600020.SH,600020,20251209,91508000,0,81621,A,S,48800,6000,
600020.SH,600020,20251209,91508000,0,81633,A,S,48800,1900,
600020.SH,600020,20251209,91508120,0,84242,A,S,48800,3000,
600020.SH,600020,20251209,91508120,0,84250,A,B,44000,7800,
600020.SH,600020,20251209,91508260,0,84746,A,B,42100,700,
600020.SH,600020,20251209,91508260,0,84998,A,B,42000,2400,
600020.SH,600020,20251209,91508360,0,86341,A,S,48300,500,
600020.SH,600020,20251209,91508620,0,87867,A,B,43600,30000,
600020.SH,600020,20251209,91508700,0,88829,A,S,45000,2000,
600020.SH,600020,20251209,91508700,0,88830,A,B,44000,2000,
600020.SH,600020,20251209,91508910,0,89729,A,S,44700,10000,
600020.SH,600020,20251209,91508910,0,89730,A,S,44800,10000,
600020.SH,600020,20251209,91508910,0,89731,A,S,44900,10000,
600020.SH,600020,20251209,91508910,0,89732,A,S,45000,10000,
600020.SH,600020,20251209,91509100,0,90877,A,S,48700,100,
600020.SH,600020,20251209,91509290,0,92248,A,S,44400,100,
600020.SH,600020,20251209,91509590,0,94908,A,B,43600,700,
600020.SH,600020,20251209,91509590,0,95033,A,S,45900,2400,
600020.SH,600020,20251209,91509770,0,95582,A,S,44900,1800,
600020.SH,600020,20251209,91509780,0,96183,A,S,45700,20000,
600020.SH,600020,20251209,91510020,0,97489,A,S,44700,9000,
600020.SH,600020,20251209,91510020,0,97490,A,B,43700,9000,
600020.SH,600020,20251209,91510320,0,99635,A,S,46600,100,
600020.SH,600020,20251209,91510320,0,100994,A,S,48400,600,
600020.SH,600020,20251209,91510530,0,102061,A,S,48500,100,
600020.SH,600020,20251209,91510530,0,102493,A,S,44800,3000,
600020.SH,600020,20251209,91510530,0,102935,A,B,43800,600,
600020.SH,600020,20251209,91510640,0,103377,A,S,44800,1800,
600020.SH,600020,20251209,91510640,0,104154,A,S,48000,1600,
600020.SH,600020,20251209,91510640,0,104183,A,B,42300,1000,
600020.SH,600020,20251209,91510770,0,106024,A,S,44400,9000,
600020.SH,600020,20251209,91511250,0,110847,A,S,48800,5000,
600020.SH,600020,20251209,91511250,0,111166,A,B,44000,200,
600020.SH,600020,20251209,91511250,0,111167,A,B,43500,200,
600020.SH,600020,20251209,91511250,0,111903,A,S,48800,1000,
600020.SH,600020,20251209,91511430,0,113170,A,S,46500,1000,
600020.SH,600020,20251209,91511430,0,113516,A,B,44000,30000,
600020.SH,600020,20251209,91511760,0,117819,A,B,42500,500,
600020.SH,600020,20251209,91511760,0,117861,A,B,41000,500,
600020.SH,600020,20251209,91511760,0,117862,A,B,40000,500,
600020.SH,600020,20251209,91511760,0,117865,A,S,45800,300,
600020.SH,600020,20251209,91511760,0,117866,A,S,46800,200,
600020.SH,600020,20251209,91511760,0,117867,A,S,48800,300,
600020.SH,600020,20251209,91511930,0,118844,A,S,46000,100,
600020.SH,600020,20251209,91511930,0,119026,A,S,48000,100,
600020.SH,600020,20251209,91511930,0,120217,A,B,43700,500,
600020.SH,600020,20251209,91512100,0,121746,A,B,44100,1200,
600020.SH,600020,20251209,91512250,0,123717,A,S,46000,15000,
600020.SH,600020,20251209,91512430,0,125747,A,S,44900,21000,
600020.SH,600020,20251209,91512430,0,126006,A,B,44200,6000,
600020.SH,600020,20251209,91512600,0,126553,A,S,44500,6000,
600020.SH,600020,20251209,91512600,0,126555,A,S,44600,3000,
600020.SH,600020,20251209,91512600,0,126645,A,B,44100,3000,
600020.SH,600020,20251209,91512600,0,128051,A,S,44800,2200,
600020.SH,600020,20251209,91512780,0,128231,A,B,43000,500,
600020.SH,600020,20251209,91512780,0,128232,A,B,42500,500,
600020.SH,600020,20251209,91512780,0,128238,A,B,42000,500,
600020.SH,600020,20251209,91512780,0,128789,A,B,44200,19000,
600020.SH,600020,20251209,91512880,0,129908,A,S,48800,2000,
600020.SH,600020,20251209,91512990,0,130609,A,S,45700,60000,
600020.SH,600020,20251209,91512990,0,130684,A,S,48300,1500,
600020.SH,600020,20251209,91512990,0,130786,A,S,46000,6800,
600020.SH,600020,20251209,91512990,0,130897,A,S,46600,500,
600020.SH,600020,20251209,91512990,0,130970,A,S,48000,6000,
600020.SH,600020,20251209,91512990,0,131111,A,S,48000,3000,
600020.SH,600020,20251209,91513160,0,132110,A,B,42600,1900,
600020.SH,600020,20251209,91513210,0,132539,A,S,48000,6200,
600020.SH,600020,20251209,91513210,0,132623,A,B,43800,5000,
600020.SH,600020,20251209,91513210,0,133358,A,B,42200,500,
600020.SH,600020,20251209,91513500,0,135324,A,S,48800,100,
600020.SH,600020,20251209,91513660,0,137565,A,S,46000,7000,
600020.SH,600020,20251209,91514160,0,142786,A,B,44000,1000,
600020.SH,600020,20251209,91514160,0,142794,A,S,45600,1000,
600020.SH,600020,20251209,91514310,0,145018,A,S,45300,1000,
600020.SH,600020,20251209,91514500,0,146584,A,B,43000,1000,
600020.SH,600020,20251209,91514500,0,146750,A,S,48800,10000,
600020.SH,600020,20251209,91514500,0,147134,A,B,42500,1000,
600020.SH,600020,20251209,91514500,0,147639,A,S,45300,6000,
600020.SH,600020,20251209,91514850,0,150736,A,S,45600,900,
600020.SH,600020,20251209,91515260,0,154367,A,B,43800,1200,
600020.SH,600020,20251209,91515590,0,158496,A,S,45100,3400,
600020.SH,600020,20251209,91515590,0,159515,A,B,43000,2000,
600020.SH,600020,20251209,91515770,0,161554,A,S,48800,100,
600020.SH,600020,20251209,91515950,0,162171,A,S,44700,3200,
600020.SH,600020,20251209,91515950,0,162175,A,B,44100,3200,
600020.SH,600020,20251209,91516100,0,164198,A,S,44700,2200,
600020.SH,600020,20251209,91516100,0,165154,A,S,46800,2000,
600020.SH,600020,20251209,91516290,0,166322,A,S,44700,5000,
600020.SH,600020,20251209,91516500,0,167204,A,S,45200,3200,
600020.SH,600020,20251209,91516500,0,167205,A,B,43900,3200,
600020.SH,600020,20251209,91516500,0,167206,A,B,43800,3200,
600020.SH,600020,20251209,91516570,0,169031,A,B,43100,500,
600020.SH,600020,20251209,91516800,0,171307,A,S,48800,600,
600020.SH,600020,20251209,91517350,0,175518,A,B,43900,500,
600020.SH,600020,20251209,91517350,0,175841,A,S,44400,300,
600020.SH,600020,20251209,91517520,0,178327,A,B,44000,3000,
600020.SH,600020,20251209,91517520,0,178416,A,S,44900,100,
600020.SH,600020,20251209,91517520,0,178424,A,S,44900,3600,
600020.SH,600020,20251209,91517520,0,178590,A,S,45000,3000,
600020.SH,600020,20251209,91517520,0,178591,A,S,45100,3000,
600020.SH,600020,20251209,91517520,0,178592,A,S,45300,3000,
600020.SH,600020,20251209,91517520,0,178593,A,S,45500,3000,
600020.SH,600020,20251209,91517520,0,178687,A,S,45900,3000,
600020.SH,600020,20251209,91518090,0,183627,A,B,43000,1000,
600020.SH,600020,20251209,91518090,0,183947,A,B,43500,4000,
600020.SH,600020,20251209,91518090,0,183952,A,B,42500,5000,
600020.SH,600020,20251209,91518090,0,183955,A,B,42000,5000,
600020.SH,600020,20251209,91518090,0,183956,A,S,44800,5000,
600020.SH,600020,20251209,91518090,0,184231,A,S,44900,5000,
600020.SH,600020,20251209,91518250,0,185364,A,S,48800,2500,
600020.SH,600020,20251209,91518340,0,187062,A,S,46800,3300,
600020.SH,600020,20251209,91518340,0,187224,A,S,48800,1000,
600020.SH,600020,20251209,91518520,0,187645,A,S,48800,3500,
600020.SH,600020,20251209,91518630,0,189124,A,B,43000,100,
600020.SH,600020,20251209,91518830,0,190292,A,S,45500,10000,
600020.SH,600020,20251209,91519030,0,192388,A,B,44400,5000,
600020.SH,600020,20251209,91519030,0,192704,A,B,44300,5000,
600020.SH,600020,20251209,91519110,0,192836,A,S,48800,4000,
600020.SH,600020,20251209,91519110,0,192957,A,B,43200,500,
600020.SH,600020,20251209,91519110,0,192958,A,S,45200,500,
600020.SH,600020,20251209,91519110,0,193407,A,B,44200,5000,
600020.SH,600020,20251209,91519300,0,195148,A,S,46500,300,
600020.SH,600020,20251209,91519500,0,196857,A,S,45900,5000,
600020.SH,600020,20251209,91519500,0,197774,A,B,44100,50000,
600020.SH,600020,20251209,91519690,0,200189,A,B,43600,1000,
600020.SH,600020,20251209,91519690,0,200211,A,B,43100,1000,
600020.SH,600020,20251209,91519890,0,200510,A,S,45000,1100,
600020.SH,600020,20251209,91519890,0,200854,A,S,48800,500,
600020.SH,600020,20251209,91519890,0,201076,A,S,47500,500,
600020.SH,600020,20251209,91520080,0,202441,A,B,43000,2000,
600020.SH,600020,20251209,91520080,0,204065,A,S,40000,200,
600020.SH,600020,20251209,91520560,0,206861,A,B,44000,400,
600020.SH,600020,20251209,91520560,0,206920,A,S,48000,300,
600020.SH,600020,20251209,91520660,0,207493,A,S,48800,10000,
600020.SH,600020,20251209,91521140,0,213132,A,S,48800,2000,
600020.SH,600020,20251209,91521600,0,216727,A,S,44900,13000,
600020.SH,600020,20251209,91521600,0,216996,A,B,43900,15000,
600020.SH,600020,20251209,91521600,0,217349,A,S,48400,100,
600020.SH,600020,20251209,91521980,0,220816,A,B,40000,4000,
600020.SH,600020,20251209,91521980,0,221408,A,S,48800,7000,
600020.SH,600020,20251209,91522150,0,221937,A,B,42000,1000,
600020.SH,600020,20251209,91522150,0,223300,A,B,40100,7500,
600020.SH,600020,20251209,91522410,0,223726,A,B,40100,7500,
600020.SH,600020,20251209,91522570,0,225211,A,S,45000,800,
600020.SH,600020,20251209,91522570,0,226035,A,B,40000,100,
600020.SH,600020,20251209,91522820,0,228217,A,B,43900,1000,
600020.SH,600020,20251209,91522820,0,228633,A,S,48800,300,
600020.SH,600020,20251209,91523140,0,230421,A,S,47500,100,
600020.SH,600020,20251209,91523140,0,231454,A,S,46500,2000,
600020.SH,600020,20251209,91523140,0,231589,A,B,44200,2000,
600020.SH,600020,20251209,91523140,0,231621,A,S,45400,2000,
600020.SH,600020,20251209,91523340,0,232717,A,S,48000,50000,
600020.SH,600020,20251209,91523340,0,232720,A,S,48000,25000,
600020.SH,600020,20251209,91523510,0,233686,A,S,46800,4000,
600020.SH,600020,20251209,91523510,0,234117,A,B,43400,2000,
600020.SH,600020,20251209,91523870,0,236999,A,S,44900,112000,
600020.SH,600020,20251209,91523910,0,237285,A,B,40000,500,
600020.SH,600020,20251209,91524050,0,238851,A,S,48800,1000,
600020.SH,600020,20251209,91536580,0,246741,A,B,44200,3000,
600020.SH,600020,20251209,91553370,0,251379,A,B,43900,3400,
600020.SH,600020,20251209,91558890,0,252861,A,B,43900,600,
600020.SH,600020,20251209,91725950,0,267546,A,B,43800,1200,
600020.SH,600020,20251209,91726770,0,267690,A,S,48800,500,
600020.SH,600020,20251209,91736750,0,269359,A,S,48800,500,
600020.SH,600020,20251209,91748250,0,271366,A,S,46000,5800,
600020.SH,600020,20251209,91750330,0,271708,A,S,44900,30700,
600020.SH,600020,20251209,91821760,0,277518,A,S,46800,57000,
600020.SH,600020,20251209,91828660,0,278781,A,S,44800,300000,
600020.SH,600020,20251209,91856990,0,283979,A,B,44000,2100,
600020.SH,600020,20251209,91908630,0,286310,A,B,44200,16800,
600020.SH,600020,20251209,91908760,0,286333,A,S,46000,24928,
600020.SH,600020,20251209,91910350,0,286653,A,S,40000,3700,
600020.SH,600020,20251209,91919040,0,192388,D,B,44400,5000,
600020.SH,600020,20251209,91921890,0,289006,A,S,45500,2000,
600020.SH,600020,20251209,91925660,0,192704,D,B,44300,5000,
600020.SH,600020,20251209,91925760,0,193407,D,B,44200,5000,
600020.SH,600020,20251209,91928220,0,290309,A,B,43500,1200,
600020.SH,600020,20251209,91944490,0,293547,A,B,44000,5000,
600020.SH,600020,20251209,91949640,0,294644,A,S,44800,2200,
600020.SH,600020,20251209,91956980,0,296272,A,B,44100,10000,
600020.SH,600020,20251209,92002930,0,297872,A,S,40000,800,
600020.SH,600020,20251209,92004840,0,298465,A,S,40000,200,
600020.SH,600020,20251209,92004840,0,298467,A,S,40000,500,
600020.SH,600020,20251209,92009310,0,299586,A,B,43800,2000,
600020.SH,600020,20251209,92018390,0,301655,A,S,44700,1000,
600020.SH,600020,20251209,92029900,0,304292,A,S,44300,600,
600020.SH,600020,20251209,92038670,0,306353,A,B,43800,5000,
600020.SH,600020,20251209,92049700,0,308860,A,B,44400,6800,
600020.SH,600020,20251209,92052870,0,309577,A,S,40000,100,
600020.SH,600020,20251209,92052870,0,309582,A,S,40000,200,
600020.SH,600020,20251209,92112750,0,314661,A,B,43800,3000,
600020.SH,600020,20251209,92114100,0,314984,A,B,44000,5000,
600020.SH,600020,20251209,92121030,0,316726,A,S,45300,1100,
600020.SH,600020,20251209,92128600,0,318590,A,B,44000,13700,
600020.SH,600020,20251209,92136730,0,320673,A,B,43500,5000,
600020.SH,600020,20251209,92137040,0,320760,A,S,44900,2000,
600020.SH,600020,20251209,92137220,0,320812,A,B,44000,2000,
600020.SH,600020,20251209,92149400,0,323953,A,B,44500,1000,
600020.SH,600020,20251209,92158750,0,326489,A,S,45700,66000,
600020.SH,600020,20251209,92202140,0,327620,A,S,45000,5000,
600020.SH,600020,20251209,92204900,0,328446,A,S,45100,5000,
600020.SH,600020,20251209,92213450,0,330711,A,B,44400,4000,
600020.SH,600020,20251209,92213850,0,330823,A,S,40000,100,
600020.SH,600020,20251209,92213860,0,330825,A,S,40000,100,
600020.SH,600020,20251209,92232330,0,336176,A,S,44600,10000,
600020.SH,600020,20251209,92232340,0,336178,A,B,44200,500,
600020.SH,600020,20251209,92236600,0,337404,A,B,44000,1000,
600020.SH,600020,20251209,92248750,0,340949,A,B,44000,1000,
600020.SH,600020,20251209,92252860,0,342169,A,S,44700,1000,
600020.SH,600020,20251209,92300500,0,344484,A,B,44000,1000,
600020.SH,600020,20251209,92305510,0,346123,A,B,43800,900,
600020.SH,600020,20251209,92309590,0,347461,A,S,44600,13000,
600020.SH,600020,20251209,92312850,0,348521,A,B,44400,100,
600020.SH,600020,20251209,92334530,0,355887,A,S,43100,300,
600020.SH,600020,20251209,92342930,0,358844,A,B,44200,20000,
600020.SH,600020,20251209,92359750,0,365100,A,S,48800,100,
600020.SH,600020,20251209,92400050,0,365247,A,S,42200,300,
600020.SH,600020,20251209,92400050,0,365263,A,S,42200,100,
600020.SH,600020,20251209,92400720,0,365642,A,B,44200,10000,
600020.SH,600020,20251209,92404080,0,367061,A,B,44400,100,
600020.SH,600020,20251209,92409810,0,369621,A,B,44100,1500,
600020.SH,600020,20251209,92416920,0,373006,A,S,45900,7000,
600020.SH,600020,20251209,92422770,0,376089,A,S,48800,200,
600020.SH,600020,20251209,92423980,0,376765,A,B,44400,1800,
600020.SH,600020,20251209,92424250,0,376916,A,B,44400,3000,
600020.SH,600020,20251209,92430720,0,380348,A,S,45000,6000,
600020.SH,600020,20251209,92437270,0,384040,A,B,46200,4200,
600020.SH,600020,20251209,92447760,0,390693,A,S,44500,10000,
600020.SH,600020,20251209,92449880,0,392370,A,S,43500,600,
600020.SH,600020,20251209,92452060,0,394654,A,S,43700,800,
600020.SH,600020,20251209,92452710,0,395229,A,B,44900,100,
600020.SH,600020,20251209,92452830,0,395341,A,S,40000,100,
600020.SH,600020,20251209,92452960,0,395452,A,B,44400,300,
600020.SH,600020,20251209,92454820,0,397178,A,S,42700,11000,
600020.SH,600020,20251209,92455170,0,397670,A,S,45000,10000,
600020.SH,600020,20251209,92455810,0,398424,A,S,40000,100,
600020.SH,600020,20251209,92455810,0,398430,A,S,40000,200,
600020.SH,600020,20251209,92456130,0,398878,A,B,44400,100,
600020.SH,600020,20251209,92456730,0,399887,A,B,44400,100,
600020.SH,600020,20251209,92456770,0,399963,A,B,44800,200,
600020.SH,600020,20251209,92457390,0,401061,A,S,43100,100,
600020.SH,600020,20251209,92457700,0,401743,A,S,44600,10000,
600020.SH,600020,20251209,92458550,0,403583,A,S,44300,1700,
600020.SH,600020,20251209,92458600,0,403805,A,S,43100,800,
600020.SH,600020,20251209,92458730,0,404142,A,S,43100,6200,
600020.SH,600020,20251209,92458880,0,404452,A,B,44400,100,
600020.SH,600020,20251209,92459030,0,404697,A,S,42200,100,
600020.SH,600020,20251209,92459740,0,406797,A,S,43200,300,
600020.SH,600020,20251209,92501140,0,0,S,O,0,0,
600020.SH,600020,20251209,93002490,0,413509,A,B,43700,600,
600020.SH,600020,20251209,93002620,0,416070,A,B,44000,100,
600020.SH,600020,20251209,93002750,0,417332,A,S,47300,1000,
600020.SH,600020,20251209,93002900,0,419232,A,S,44700,10000,
600020.SH,600020,20251209,93002900,0,419513,A,S,44800,10000,
600020.SH,600020,20251209,93003220,0,422416,A,S,44300,2700,
600020.SH,600020,20251209,93003220,0,422729,A,S,47500,22300,
600020.SH,600020,20251209,93003220,0,423372,A,S,44400,2400,
600020.SH,600020,20251209,93003370,0,424049,A,S,44400,1000,
600020.SH,600020,20251209,93003960,0,430584,A,S,44700,7100,
600020.SH,600020,20251209,93004120,0,432874,A,S,44400,1200,
600020.SH,600020,20251209,93004270,0,434567,A,S,44300,700,
600020.SH,600020,20251209,93004270,0,435428,A,S,44400,1400,
600020.SH,600020,20251209,93004270,0,435674,A,S,44300,200,
600020.SH,600020,20251209,93004270,0,435684,A,S,44300,100,
600020.SH,600020,20251209,93004580,0,438894,A,S,44700,5600,
600020.SH,600020,20251209,93004580,0,439194,A,S,44400,100,
600020.SH,600020,20251209,93004890,0,441157,A,S,48800,400,
600020.SH,600020,20251209,93005040,0,443427,A,B,44200,10000,
600020.SH,600020,20251209,93005220,0,445785,A,S,44700,4000,
600020.SH,600020,20251209,93005220,0,445805,A,S,45000,10000,
600020.SH,600020,20251209,93005220,0,446133,A,S,44400,100,
600020.SH,600020,20251209,93005530,0,448469,A,S,44400,500,
600020.SH,600020,20251209,93005530,0,449769,A,S,48000,100,
600020.SH,600020,20251209,93005690,0,450755,A,S,45000,7500,
600020.SH,600020,20251209,93005690,0,450819,A,S,44400,500,
600020.SH,600020,20251209,93005860,0,452070,A,B,43500,29800,
600020.SH,600020,20251209,93006010,0,320760,D,S,44900,2000,
600020.SH,600020,20251209,93006010,0,454002,A,B,44200,2000,
600020.SH,600020,20251209,93006320,0,458171,A,S,44400,800,
600020.SH,600020,20251209,93006490,0,459470,A,B,44300,1700,
600020.SH,600020,20251209,93006790,0,220816,D,B,40000,4000,
600020.SH,600020,20251209,93006930,0,464555,A,S,45000,10000,
600020.SH,600020,20251209,93006930,0,464846,A,B,44300,1300,
600020.SH,600020,20251209,93006930,0,465323,A,S,44300,200,
600020.SH,600020,20251209,93006930,0,465370,A,B,44300,3300,
600020.SH,600020,20251209,93006930,0,465371,A,B,44300,1000,
600020.SH,600020,20251209,93006930,0,465380,A,B,44300,500,
600020.SH,600020,20251209,93007080,0,466629,A,B,44300,1100,
600020.SH,600020,20251209,93007080,0,466634,A,B,44300,1200,
600020.SH,600020,20251209,93007240,0,468709,A,S,44400,900,
600020.SH,600020,20251209,93007240,0,469270,A,B,44300,1400,
600020.SH,600020,20251209,93007240,0,469371,A,B,44300,4000,
600020.SH,600020,20251209,93007240,0,469485,A,B,44300,200,
600020.SH,600020,20251209,93007590,0,472529,A,S,44700,2100,
600020.SH,600020,20251209,93007590,0,472754,A,S,44400,100,
600020.SH,600020,20251209,93007900,0,474851,A,B,44000,2000,
600020.SH,600020,20251209,93008050,0,477451,A,B,44000,2600,
600020.SH,600020,20251209,93008050,0,477661,A,S,45200,2600,
600020.SH,600020,20251209,93008050,0,477806,A,B,44200,2500,
600020.SH,600020,20251209,93008210,0,478168,A,B,44100,2500,
600020.SH,600020,20251209,93008210,0,478418,A,B,44000,2500,
600020.SH,600020,20251209,93008210,0,479554,A,S,44400,1900,
600020.SH,600020,20251209,93008380,0,481028,A,S,44400,700,
600020.SH,600020,20251209,93008380,0,481379,A,S,44400,600,
600020.SH,600020,20251209,93008530,0,482317,A,S,44400,100,
600020.SH,600020,20251209,93008530,0,483172,A,B,44300,2000,
600020.SH,600020,20251209,93008840,0,485363,A,B,44300,1100,
600020.SH,600020,20251209,93008840,0,485402,A,B,44300,200,
600020.SH,600020,20251209,93009020,0,487644,A,S,44800,28900,
600020.SH,600020,20251209,93009020,0,488209,A,B,42800,1000,
600020.SH,600020,20251209,93009190,0,489042,A,B,44300,200,
600020.SH,600020,20251209,93009600,0,493936,A,B,43900,1000,
600020.SH,600020,20251209,93009600,0,494022,A,B,43600,200,
600020.SH,600020,20251209,93009760,0,495942,A,B,44200,5000,
600020.SH,600020,20251209,93009980,0,496995,A,S,44400,100,
600020.SH,600020,20251209,93010430,0,503006,A,S,44300,300,
600020.SH,600020,20251209,93010600,0,504046,A,B,44300,2400,
600020.SH,600020,20251209,93010750,0,505803,A,S,44400,500,
600020.SH,600020,20251209,93010750,0,506059,A,B,44300,100,
600020.SH,600020,20251209,93010890,0,507751,A,B,44300,100,
600020.SH,600020,20251209,93010890,0,507758,A,S,44400,100,
600020.SH,600020,20251209,93010900,0,508231,A,B,44300,100,
600020.SH,600020,20251209,93011360,0,513932,A,B,44300,1300,
600020.SH,600020,20251209,93011520,0,515978,A,B,44300,100,
600020.SH,600020,20251209,93011680,0,518306,A,B,44300,100,
600020.SH,600020,20251209,93011830,0,518441,A,B,44300,1200,
600020.SH,600020,20251209,93011840,0,519781,A,S,44400,500,
600020.SH,600020,20251209,93012230,0,523627,A,B,43900,2500,
600020.SH,600020,20251209,93012230,0,524117,A,S,44400,200,
600020.SH,600020,20251209,93012390,0,524981,A,B,44100,100,
600020.SH,600020,20251209,93012560,0,527022,A,B,44100,10000,
600020.SH,600020,20251209,93012560,0,527323,A,B,44300,600,
600020.SH,600020,20251209,93012560,0,527998,A,B,44100,100,
600020.SH,600020,20251209,93012900,0,531559,A,S,45000,100,
600020.SH,600020,20251209,93013060,0,532512,A,S,44400,100,
600020.SH,600020,20251209,93013060,0,533619,A,B,44300,1000,
600020.SH,600020,20251209,93013210,0,534854,A,B,43500,300,
600020.SH,600020,20251209,93013360,0,537526,A,B,44200,200,
600020.SH,600020,20251209,93013520,0,538322,A,B,44300,100,
600020.SH,600020,20251209,93013520,0,538513,A,B,44200,3400,
600020.SH,600020,20251209,93014050,0,544506,A,B,44100,2500,
600020.SH,600020,20251209,93014050,0,544952,A,S,44300,700,
600020.SH,600020,20251209,93014210,0,545209,A,B,43800,2500,
600020.SH,600020,20251209,93014210,0,545982,A,B,44000,2500,
600020.SH,600020,20251209,93014210,0,546021,A,B,43900,2500,
600020.SH,600020,20251209,93014210,0,546215,A,B,43800,2500,
600020.SH,600020,20251209,93014210,0,546587,A,B,44000,3000,
600020.SH,600020,20251209,93014520,0,548893,A,S,44700,10000,
600020.SH,600020,20251209,93014680,0,551313,A,S,48800,1000,
600020.SH,600020,20251209,93014680,0,551340,A,S,45300,2000,
600020.SH,600020,20251209,93014840,0,553789,A,S,44300,8200,
600020.SH,600020,20251209,93014840,0,553900,A,S,44400,500,
600020.SH,600020,20251209,93014840,0,553901,A,S,44400,500,
600020.SH,600020,20251209,93015150,0,556599,A,B,43700,5000,
600020.SH,600020,20251209,93015150,0,556674,A,S,44400,100,
600020.SH,600020,20251209,93015320,0,558045,A,S,44300,500,
600020.SH,600020,20251209,93015320,0,558412,A,B,44000,5000,
600020.SH,600020,20251209,93015320,0,558475,A,B,44100,100,
600020.SH,600020,20251209,93015320,0,559002,A,S,44300,400,
600020.SH,600020,20251209,93015610,0,562159,A,B,44100,100,
600020.SH,600020,20251209,93015770,0,563345,A,S,44400,200,
600020.SH,600020,20251209,93015930,0,565006,A,S,44400,2700,
600020.SH,600020,20251209,93015930,0,565453,A,S,44400,100,
600020.SH,600020,20251209,93015930,0,565841,A,B,43300,2000,
600020.SH,600020,20251209,93016060,0,566524,A,B,44100,2800,
600020.SH,600020,20251209,93016250,0,569878,A,B,44000,10000,
600020.SH,600020,20251209,93016400,0,570271,A,B,43700,4100,
600020.SH,600020,20251209,93016570,0,572450,A,B,44000,800,
600020.SH,600020,20251209,93016730,0,573921,A,S,44400,100,
600020.SH,600020,20251209,93016730,0,574645,A,S,44700,20000,
600020.SH,600020,20251209,93016730,0,574743,A,B,44100,100,
600020.SH,600020,20251209,93016870,0,576011,A,S,44300,100,
600020.SH,600020,20251209,93017020,0,577099,A,S,44400,100,
600020.SH,600020,20251209,93017020,0,577163,A,S,44300,500,
600020.SH,600020,20251209,93017160,0,579786,A,B,44200,2300,
600020.SH,600020,20251209,93017160,0,580237,A,B,44200,19800,
600020.SH,600020,20251209,93017160,0,580544,A,S,44300,700,
600020.SH,600020,20251209,93017320,0,581774,A,S,44300,2900,
600020.SH,600020,20251209,93017480,0,582951,A,B,44000,700,
600020.SH,600020,20251209,93017700,0,585067,A,B,44100,100,
600020.SH,600020,20251209,93017700,0,586361,A,S,44400,100,
600020.SH,600020,20251209,93017860,0,586550,A,S,44400,200,
600020.SH,600020,20251209,93017860,0,587675,A,S,44300,600,
600020.SH,600020,20251209,93018080,0,589307,A,S,48700,2100,
600020.SH,600020,20251209,93018080,0,589963,A,S,44300,500,
600020.SH,600020,20251209,93018080,0,590015,A,S,44300,500,
600020.SH,600020,20251209,93018080,0,590024,A,S,44300,500,
600020.SH,600020,20251209,93018080,0,590265,A,S,44300,500,
600020.SH,600020,20251209,93018240,0,590730,A,S,44300,500,
600020.SH,600020,20251209,93018240,0,590807,A,S,44300,2200,
600020.SH,600020,20251209,93018240,0,590877,A,S,44300,1200,
600020.SH,600020,20251209,93018240,0,591030,A,S,44300,500,
600020.SH,600020,20251209,93018310,0,592027,A,S,44300,100,
600020.SH,600020,20251209,93018310,0,592028,A,S,44300,100,
600020.SH,600020,20251209,93018520,0,593354,A,B,44200,100,
600020.SH,600020,20251209,93018520,0,594241,A,S,44300,200,
600020.SH,600020,20251209,93018520,0,175841,D,S,44400,300,
600020.SH,600020,20251209,93018690,0,594910,A,B,44000,5000,
600020.SH,600020,20251209,93018690,0,595467,A,B,44100,600,
600020.SH,600020,20251209,93018690,0,596106,A,S,44400,700,
600020.SH,600020,20251209,93018690,0,596196,A,S,44300,500,
600020.SH,600020,20251209,93018690,0,596198,A,S,44300,500,
600020.SH,600020,20251209,93018890,0,424049,D,S,44400,1000,
600020.SH,600020,20251209,93018970,0,597398,A,S,44300,500,
600020.SH,600020,20251209,93018970,0,435428,D,S,44400,1400,
600020.SH,600020,20251209,93018970,0,597553,A,S,48800,6000,
600020.SH,600020,20251209,93019120,0,599221,A,S,44300,500,
600020.SH,600020,20251209,93019120,0,599922,A,S,44300,200,
600020.SH,600020,20251209,93019410,0,602162,A,S,44300,500,
600020.SH,600020,20251209,93019410,0,602644,A,S,44300,500,
600020.SH,600020,20251209,93019410,0,602736,A,S,44300,500,
600020.SH,600020,20251209,93019410,0,602865,A,B,44100,100,
600020.SH,600020,20251209,93019410,0,603098,A,S,44400,10000,
600020.SH,600020,20251209,93019410,0,603354,A,S,44300,500,
600020.SH,600020,20251209,93019410,0,603420,A,S,44300,500,
600020.SH,600020,20251209,93019610,0,603890,A,S,44300,2900,
600020.SH,600020,20251209,93019760,0,606794,A,S,44300,1300,
600020.SH,600020,20251209,93019900,0,606822,A,S,44300,500,
600020.SH,600020,20251209,93019900,0,607073,A,S,44300,500,
600020.SH,600020,20251209,93019900,0,607427,A,S,44300,200,
600020.SH,600020,20251209,93020050,0,608694,A,S,44300,500,
600020.SH,600020,20251209,93020050,0,610104,A,B,44100,100,
600020.SH,600020,20251209,93020200,0,611492,A,S,44400,100,
600020.SH,600020,20251209,93020200,0,611495,A,S,44300,500,
600020.SH,600020,20251209,93020200,0,611694,A,B,44000,24700,
600020.SH,600020,20251209,93020420,0,612457,A,S,44400,100,
600020.SH,600020,20251209,93020470,0,599221,D,S,44300,500,
600020.SH,600020,20251209,93020470,0,590015,D,S,44300,500,
600020.SH,600020,20251209,93020470,0,613078,A,S,44400,100,
600020.SH,600020,20251209,93020470,0,590730,D,S,44300,500,
600020.SH,600020,20251209,93020470,0,613299,A,S,44300,500,
600020.SH,600020,20251209,93020470,0,613402,A,S,44900,5000,
600020.SH,600020,20251209,93020470,0,613865,A,S,44400,100,
600020.SH,600020,20251209,93020470,0,613878,A,S,44400,4500,
600020.SH,600020,20251209,93020470,0,591030,D,S,44300,500,
600020.SH,600020,20251209,93020640,0,614422,A,B,44200,800,
600020.SH,600020,20251209,93020640,0,615010,A,S,44300,500,
600020.SH,600020,20251209,93020640,0,615341,A,S,44300,500,
600020.SH,600020,20251209,93020640,0,615368,A,S,44400,200,
600020.SH,600020,20251209,93020640,0,590877,D,S,44300,1200,
600020.SH,600020,20251209,93020640,0,615617,A,B,44200,700,
600020.SH,600020,20251209,93020790,0,616741,A,B,43900,1300,
600020.SH,600020,20251209,93020790,0,596196,D,S,44300,500,
600020.SH,600020,20251209,93020790,0,617274,A,S,44400,100,
600020.SH,600020,20251209,93020790,0,617545,A,S,44300,500,
600020.SH,600020,20251209,93020930,0,617594,A,S,44300,4500,
600020.SH,600020,20251209,93020930,0,596198,D,S,44300,500,
600020.SH,600020,20251209,93020930,0,617850,A,B,44000,10000,
600020.SH,600020,20251209,93020980,0,618571,A,S,44400,100,
600020.SH,600020,20251209,93020980,0,619179,A,S,44300,500,
600020.SH,600020,20251209,93020980,0,619364,A,B,43500,2000,
600020.SH,600020,20251209,93021130,0,620082,A,S,44300,500,
600020.SH,600020,20251209,93021280,0,621584,A,S,45000,4000,
600020.SH,600020,20251209,93021440,0,623406,A,B,44100,100,
600020.SH,600020,20251209,93021440,0,624148,A,S,44400,1900,
600020.SH,600020,20251209,93021590,0,624754,A,S,44300,1800,
600020.SH,600020,20251209,93021590,0,624755,A,S,44300,1700,
600020.SH,600020,20251209,93021590,0,624884,A,S,44300,1200,
600020.SH,600020,20251209,93021590,0,625725,A,S,48800,1000,
600020.SH,600020,20251209,93021850,0,628149,A,S,44400,100,
600020.SH,600020,20251209,93022160,0,630839,A,S,44300,1300,
600020.SH,600020,20251209,93022160,0,631866,A,S,44400,300,
600020.SH,600020,20251209,93022320,0,632075,A,S,44400,100,
600020.SH,600020,20251209,93022320,0,632129,A,S,44300,100,
600020.SH,600020,20251209,93022320,0,632916,A,S,44300,1400,
600020.SH,600020,20251209,93022320,0,633203,A,S,44300,1300,
600020.SH,600020,20251209,93022670,0,635352,A,S,44300,1900,
600020.SH,600020,20251209,93022750,0,636124,A,S,44400,100,
600020.SH,600020,20251209,93022750,0,636273,A,S,44300,1300,
600020.SH,600020,20251209,93022750,0,636700,A,S,44300,100,
600020.SH,600020,20251209,93022750,0,636701,A,S,44300,4500,
600020.SH,600020,20251209,93022750,0,636706,A,S,44300,100,
600020.SH,600020,20251209,93022750,0,636718,A,S,44300,100,
600020.SH,600020,20251209,93022750,0,636739,A,S,44300,100,
600020.SH,600020,20251209,93022750,0,636740,A,S,44300,100,
600020.SH,600020,20251209,93022750,0,636859,A,B,44200,100,
600020.SH,600020,20251209,93022750,0,608694,D,S,44300,500,
600020.SH,600020,20251209,93022750,0,637410,A,S,44300,400,
600020.SH,600020,20251209,93022890,0,638443,A,S,44300,300,
600020.SH,600020,20251209,93022990,0,615368,D,S,44400,200,
600020.SH,600020,20251209,93022990,0,639405,A,S,44400,600,
600020.SH,600020,20251209,93023130,0,624148,D,S,44400,1900,
600020.SH,600020,20251209,93023130,0,640744,A,S,44300,800,
600020.SH,600020,20251209,93023130,0,640748,A,S,44300,600,
600020.SH,600020,20251209,93023130,0,640751,A,S,44300,1200,
600020.SH,600020,20251209,93023130,0,640771,A,S,44300,1400,
600020.SH,600020,20251209,93023130,0,640772,A,S,44300,400,
600020.SH,600020,20251209,93023130,0,640773,A,B,44100,2000,
600020.SH,600020,20251209,93023130,0,640786,A,S,44300,600,
600020.SH,600020,20251209,93023130,0,640835,A,S,44300,300,
600020.SH,600020,20251209,93023130,0,640938,A,S,44300,600,
600020.SH,600020,20251209,93023130,0,640964,A,S,44300,800,
600020.SH,600020,20251209,93023130,0,641035,A,S,44300,1100,
600020.SH,600020,20251209,93023130,0,641174,A,S,44300,1600,
600020.SH,600020,20251209,93023130,0,641593,A,B,44100,10000,
600020.SH,600020,20251209,93023130,0,641950,A,S,44300,500,
600020.SH,600020,20251209,93023130,0,641955,A,S,44300,500,
600020.SH,600020,20251209,93023310,0,643127,A,S,44400,2500,
600020.SH,600020,20251209,93023630,0,645475,A,S,44300,100,
600020.SH,600020,20251209,93023630,0,645797,A,S,44300,500,
600020.SH,600020,20251209,93023710,0,646564,A,S,44700,1000,
600020.SH,600020,20251209,93024010,0,649657,A,S,44300,1500,
600020.SH,600020,20251209,93024010,0,650333,A,B,44100,100,
600020.SH,600020,20251209,93024170,0,651246,A,B,44100,100,
600020.SH,600020,20251209,93024170,0,620082,D,S,44300,500,
600020.SH,600020,20251209,93024170,0,652255,A,S,44300,300,
600020.SH,600020,20251209,93024170,0,652429,A,S,44300,100,
600020.SH,600020,20251209,93024330,0,653501,A,S,44300,1300,
600020.SH,600020,20251209,93024330,0,653818,A,S,44300,1500,
600020.SH,600020,20251209,93024330,0,653996,A,S,44300,500,
600020.SH,600020,20251209,93024480,0,654686,A,S,44300,500,
600020.SH,600020,20251209,93024480,0,654990,A,S,44300,400,
600020.SH,600020,20251209,93024480,0,655011,A,S,44300,500,
600020.SH,600020,20251209,93024480,0,655476,A,S,44300,2600,
600020.SH,600020,20251209,93024640,0,655901,A,S,44300,1800,
600020.SH,600020,20251209,93024640,0,656145,A,S,44400,100,
600020.SH,600020,20251209,93024640,0,656650,A,S,44300,800,
600020.SH,600020,20251209,93024640,0,656657,A,S,44300,1300,
600020.SH,600020,20251209,93024640,0,656658,A,S,44300,1300,
600020.SH,600020,20251209,93024640,0,656825,A,B,43700,1000,
600020.SH,600020,20251209,93024790,0,657362,A,B,44000,2000,
600020.SH,600020,20251209,93024790,0,657731,A,S,44400,100,
600020.SH,600020,20251209,93024940,0,659010,A,B,44200,2100,
600020.SH,600020,20251209,93024940,0,659387,A,S,44300,1400,
600020.SH,600020,20251209,93024940,0,563345,D,S,44400,200,
600020.SH,600020,20251209,93025100,0,660443,A,S,44300,100,
600020.SH,600020,20251209,93025150,0,565006,D,S,44400,2700,
600020.SH,600020,20251209,93025150,0,660735,A,S,44300,1000,
600020.SH,600020,20251209,93025150,0,660842,A,S,44400,100,
600020.SH,600020,20251209,93025150,0,660887,A,S,44300,100,
600020.SH,600020,20251209,93025150,0,661768,A,S,44300,1800,
600020.SH,600020,20251209,93025150,0,662039,A,S,44300,1300,
600020.SH,600020,20251209,93025360,0,662635,A,S,44300,100,
600020.SH,600020,20251209,93025360,0,662864,A,S,44300,500,
600020.SH,600020,20251209,93025360,0,663437,A,S,44300,400,
600020.SH,600020,20251209,93025690,0,665413,A,S,44400,500,
600020.SH,600020,20251209,93025740,0,666181,A,S,44400,2800,
600020.SH,600020,20251209,93025740,0,666853,A,S,44400,100,
600020.SH,600020,20251209,93025740,0,667085,A,S,44300,800,
600020.SH,600020,20251209,93025880,0,667262,A,S,44300,4500,
600020.SH,600020,20251209,93025880,0,667490,A,S,44300,2200,
600020.SH,600020,20251209,93025880,0,446133,D,S,44400,100,
600020.SH,600020,20251209,93025880,0,439194,D,S,44400,100,
600020.SH,600020,20251209,93025880,0,668218,A,S,44300,100,
600020.SH,600020,20251209,93025880,0,668505,A,S,44300,400,
600020.SH,600020,20251209,93025880,0,481028,D,S,44400,700,
600020.SH,600020,20251209,93026140,0,670346,A,B,44000,100,
600020.SH,600020,20251209,93026140,0,670420,A,B,44200,700,
600020.SH,600020,20251209,93026390,0,672862,A,S,44300,100,
600020.SH,600020,20251209,93026460,0,673000,A,S,44300,1900,
600020.SH,600020,20251209,93026460,0,673547,A,S,44300,700,
600020.SH,600020,20251209,93026460,0,673550,A,S,44300,700,
600020.SH,600020,20251209,93026460,0,654686,D,S,44300,500,
600020.SH,600020,20251209,93026460,0,586361,D,S,44400,100,
600020.SH,600020,20251209,93026620,0,653996,D,S,44300,500,
600020.SH,600020,20251209,93026620,0,674945,A,S,44300,300,
600020.SH,600020,20251209,93026870,0,678044,A,B,44200,100,
600020.SH,600020,20251209,93027030,0,679517,A,B,44000,7500,
600020.SH,600020,20251209,93027030,0,680054,A,S,44300,5600,
600020.SH,600020,20251209,93027220,0,681498,A,B,44200,2400,
600020.SH,600020,20251209,93027220,0,681725,A,S,44300,1300,
600020.SH,600020,20251209,93027380,0,631866,D,S,44400,300,
600020.SH,600020,20251209,93027670,0,685169,A,S,44300,100,
600020.SH,600020,20251209,93027820,0,524117,D,S,44400,200,
600020.SH,600020,20251209,93027820,0,687718,A,B,44000,500,
600020.SH,600020,20251209,93027820,0,687893,A,S,45100,1000,
600020.SH,600020,20251209,93027970,0,689441,A,S,44300,100,
600020.SH,600020,20251209,93028300,0,691452,A,S,44300,100,
600020.SH,600020,20251209,93028300,0,691453,A,S,44300,100,
600020.SH,600020,20251209,93028300,0,692143,A,S,44300,100,
600020.SH,600020,20251209,93028300,0,692144,A,S,44300,100,
600020.SH,600020,20251209,93028300,0,692348,A,S,44300,100,
600020.SH,600020,20251209,93028420,0,692582,A,S,44300,100,
600020.SH,600020,20251209,93028420,0,692584,A,S,44300,100,
600020.SH,600020,20251209,93028420,0,693502,A,B,44100,100,
600020.SH,600020,20251209,93028420,0,693932,A,S,44300,900,
600020.SH,600020,20251209,93028580,0,694695,A,S,44300,100,
600020.SH,600020,20251209,93028580,0,695067,A,S,44300,100,
600020.SH,600020,20251209,93028580,0,695082,A,S,44300,200,
600020.SH,600020,20251209,93028580,0,695421,A,S,44300,100,
600020.SH,600020,20251209,93028720,0,695664,A,B,44200,200,
600020.SH,600020,20251209,93028720,0,696591,A,B,44200,300,
600020.SH,600020,20251209,93028720,0,696859,A,B,44100,100,
600020.SH,600020,20251209,93028870,0,697074,A,S,44300,700,
600020.SH,600020,20251209,93028870,0,697081,A,S,44300,300,
600020.SH,600020,20251209,93028920,0,697691,A,B,44200,200,
600020.SH,600020,20251209,93028920,0,697842,A,B,44100,100,
600020.SH,600020,20251209,93028920,0,698432,A,B,44200,400,
600020.SH,600020,20251209,93029080,0,699145,A,S,44300,200,
600020.SH,600020,20251209,93029080,0,699776,A,S,44300,500,
600020.SH,600020,20251209,93029270,0,701678,A,S,44300,100,
600020.SH,600020,20251209,93029270,0,701765,A,S,44300,100,
600020.SH,600020,20251209,93029420,0,702551,A,S,44400,1700,
600020.SH,600020,20251209,93029420,0,573921,D,S,44400,100,
600020.SH,600020,20251209,93029420,0,448469,D,S,44400,500,
600020.SH,600020,20251209,93029700,0,705375,A,S,44300,1200,
600020.SH,600020,20251209,93029870,0,706327,A,S,44500,5000,
600020.SH,600020,20251209,93029870,0,706766,A,S,44400,100,
600020.SH,600020,20251209,93029870,0,707050,A,B,44000,200,
600020.SH,600020,20251209,93029870,0,707512,A,S,44300,1500,
600020.SH,600020,20251209,93030010,0,586550,D,S,44400,200,
600020.SH,600020,20251209,93030010,0,707985,A,S,44800,9900,
600020.SH,600020,20251209,93030010,0,708870,A,B,44100,100,
600020.SH,600020,20251209,93030010,0,699776,D,S,44300,500,
600020.SH,600020,20251209,93030150,0,507758,D,S,44400,100,
600020.SH,600020,20251209,93030300,0,711179,A,S,44300,3500,
600020.SH,600020,20251209,93030300,0,711693,A,B,43800,100,
600020.SH,600020,20251209,93030300,0,711714,A,B,43800,200,
600020.SH,600020,20251209,93030300,0,711796,A,S,44300,2200,
600020.SH,600020,20251209,93030300,0,711960,A,S,44300,600,
600020.SH,600020,20251209,93030470,0,713139,A,S,44300,2400,
600020.SH,600020,20251209,93030470,0,713272,A,S,44300,3900,
600020.SH,600020,20251209,93030750,0,715822,A,S,44300,200,
600020.SH,600020,20251209,93030890,0,717449,A,B,44200,1100,
600020.SH,600020,20251209,93030890,0,717516,A,B,44200,300,
600020.SH,600020,20251209,93030890,0,717811,A,B,44000,400,
600020.SH,600020,20251209,93031360,0,722234,A,S,44300,800,
600020.SH,600020,20251209,93031480,0,615617,D,B,44200,700,
600020.SH,600020,20251209,93031630,0,723906,A,S,44800,500,
600020.SH,600020,20251209,93031630,0,724968,A,B,43800,200,
600020.SH,600020,20251209,93031630,0,724970,A,B,43800,200,
600020.SH,600020,20251209,93031780,0,645797,D,S,44300,500,
600020.SH,600020,20251209,93031780,0,640751,D,S,44300,1200,
600020.SH,600020,20251209,93031780,0,640744,D,S,44300,800,
600020.SH,600020,20251209,93031780,0,640748,D,S,44300,600,
600020.SH,600020,20251209,93031780,0,693932,D,S,44300,900,
600020.SH,600020,20251209,93031780,0,640771,D,S,44300,1400,
600020.SH,600020,20251209,93031780,0,640772,D,S,44300,400,
600020.SH,600020,20251209,93031780,0,640786,D,S,44300,600,
600020.SH,600020,20251209,93031780,0,640835,D,S,44300,300,
600020.SH,600020,20251209,93031780,0,640938,D,S,44300,600,
600020.SH,600020,20251209,93031780,0,640964,D,S,44300,800,
600020.SH,600020,20251209,93031780,0,726095,A,S,44400,300,
600020.SH,600020,20251209,93031780,0,641174,D,S,44300,1600,
600020.SH,600020,20251209,93031780,0,656650,D,S,44300,800,
600020.SH,600020,20251209,93031780,0,656658,D,S,44300,1300,
600020.SH,600020,20251209,93031780,0,641035,D,S,44300,1100,
600020.SH,600020,20251209,93031780,0,656657,D,S,44300,1300,
600020.SH,600020,20251209,93031790,0,726314,A,B,44100,200,
600020.SH,600020,20251209,93031790,0,726505,A,S,44300,100,
600020.SH,600020,20251209,93031930,0,727057,A,S,44300,100,
600020.SH,600020,20251209,93031940,0,727783,A,S,44300,100,
600020.SH,600020,20251209,93031940,0,727785,A,S,44300,200,
600020.SH,600020,20251209,93032060,0,729323,A,S,44300,500,
600020.SH,600020,20251209,93032060,0,729484,A,B,44000,200,
600020.SH,600020,20251209,93032200,0,730778,A,S,44300,3600,
600020.SH,600020,20251209,93032350,0,731878,A,B,44000,100,
600020.SH,600020,20251209,93032350,0,732217,A,B,43800,200,
600020.SH,600020,20251209,93032500,0,726095,D,S,44400,300,
600020.SH,600020,20251209,93032650,0,733911,A,B,44000,200,
600020.SH,600020,20251209,93032650,0,733992,A,B,44000,200,
600020.SH,600020,20251209,93032650,0,734652,A,B,43900,200,
600020.SH,600020,20251209,93032650,0,734780,A,B,44200,100,
600020.SH,600020,20251209,93032790,0,735457,A,S,48800,3000,
600020.SH,600020,20251209,93032940,0,737873,A,S,44300,100,
600020.SH,600020,20251209,93032940,0,738267,A,S,44400,2300,
600020.SH,600020,20251209,93033120,0,739592,A,B,44200,200,
600020.SH,600020,20251209,93033120,0,739618,A,S,48800,100,
600020.SH,600020,20251209,93033400,0,742281,A,S,44300,100,
600020.SH,600020,20251209,93033400,0,742841,A,S,44300,100,
600020.SH,600020,20251209,93033530,0,743337,A,S,44300,100,
600020.SH,600020,20251209,93033530,0,743414,A,S,44800,1600,
600020.SH,600020,20251209,93033530,0,496995,D,S,44400,100,
600020.SH,600020,20251209,93033530,0,744050,A,S,44300,100,
600020.SH,600020,20251209,93033670,0,745137,A,S,44400,200,
600020.SH,600020,20251209,93033810,0,746122,A,S,44400,1300,
600020.SH,600020,20251209,93033810,0,746127,A,S,44400,800,
600020.SH,600020,20251209,93033810,0,746138,A,S,44400,1300,
600020.SH,600020,20251209,93033810,0,746509,A,S,44400,500,
600020.SH,600020,20251209,93033810,0,746581,A,S,44300,100,
600020.SH,600020,20251209,93033810,0,746798,A,B,44200,200,
600020.SH,600020,20251209,93033810,0,746900,A,S,44300,100,
600020.SH,600020,20251209,93033960,0,748049,A,S,44300,100,
600020.SH,600020,20251209,93034220,0,750427,A,S,44300,1400,
600020.SH,600020,20251209,93034220,0,750814,A,S,44300,800,
600020.SH,600020,20251209,93034370,0,751801,A,S,44400,2300,
600020.SH,600020,20251209,93034370,0,697081,D,S,44300,300,
600020.SH,600020,20251209,93034370,0,697074,D,S,44300,700,
600020.SH,600020,20251209,93034370,0,752097,A,S,44300,1500,
600020.SH,600020,20251209,93034370,0,752278,A,B,43300,1000,
600020.SH,600020,20251209,93034370,0,752357,A,S,44300,200,
600020.SH,600020,20251209,93034810,0,756507,A,B,44200,1000,
600020.SH,600020,20251209,93034810,0,756585,A,S,44300,800,
600020.SH,600020,20251209,93034810,0,757093,A,S,44300,200,
600020.SH,600020,20251209,93035190,0,760129,A,S,44300,1400,
600020.SH,600020,20251209,93035340,0,762079,A,S,44300,1400,
600020.SH,600020,20251209,93035340,0,762280,A,S,44300,2900,
600020.SH,600020,20251209,93035340,0,762583,A,S,44300,100,
600020.SH,600020,20251209,93035490,0,763084,A,S,44300,100,
600020.SH,600020,20251209,93035490,0,763098,A,B,44200,800,
600020.SH,600020,20251209,93035490,0,763102,A,S,44300,4500,
600020.SH,600020,20251209,93035490,0,763196,A,S,44400,500,
600020.SH,600020,20251209,93035490,0,763197,A,S,44400,1200,
600020.SH,600020,20251209,93035490,0,763198,A,S,44400,600,
600020.SH,600020,20251209,93035490,0,763199,A,S,44400,800,
600020.SH,600020,20251209,93035490,0,763208,A,S,44400,900,
600020.SH,600020,20251209,93035490,0,763214,A,S,44400,1400,
600020.SH,600020,20251209,93035490,0,763218,A,S,44400,400,
600020.SH,600020,20251209,93035490,0,763229,A,S,44400,600,
600020.SH,600020,20251209,93035490,0,763237,A,S,44400,300,
600020.SH,600020,20251209,93035490,0,763240,A,S,44300,100,
600020.SH,600020,20251209,93035490,0,763342,A,S,44400,1100,
600020.SH,600020,20251209,93035490,0,763373,A,S,44400,600,
600020.SH,600020,20251209,93035490,0,763375,A,S,44400,800,
600020.SH,600020,20251209,93035490,0,763389,A,S,44300,100,
600020.SH,600020,20251209,93035490,0,763444,A,S,44400,1600,
600020.SH,600020,20251209,93035490,0,763723,A,B,44200,1200,
600020.SH,600020,20251209,93036050,0,46325,D,S,45000,14600,
600020.SH,600020,20251209,93036050,0,769707,A,B,44200,800,
600020.SH,600020,20251209,93036050,0,769709,A,B,44200,900,
600020.SH,600020,20251209,93036170,0,770405,A,S,44400,700,
600020.SH,600020,20251209,93036170,0,771252,A,S,44300,1400,
600020.SH,600020,20251209,93036310,0,771405,A,S,44300,1600,
600020.SH,600020,20251209,93036310,0,772170,A,B,44200,200,
600020.SH,600020,20251209,93036310,0,772249,A,B,44200,2400,
600020.SH,600020,20251209,93036470,0,773140,A,S,44400,1500,
600020.SH,600020,20251209,93036470,0,773230,A,S,44300,600,
600020.SH,600020,20251209,93036470,0,628149,D,S,44400,100,
600020.SH,600020,20251209,93036470,0,773736,A,B,44200,600,
600020.SH,600020,20251209,93036470,0,774071,A,B,44200,400,
600020.SH,600020,20251209,93036600,0,774264,A,S,44400,300,
600020.SH,600020,20251209,93036600,0,774946,A,B,43000,10000,
600020.SH,600020,20251209,93037120,0,779042,A,B,44200,1100,
600020.SH,600020,20251209,93037700,0,783690,A,S,44300,2300,
600020.SH,600020,20251209,93037740,0,783774,A,S,44300,200,
600020.SH,600020,20251209,93037760,0,613865,D,S,44400,100,
600020.SH,600020,20251209,93038170,0,786420,A,B,44200,100,
600020.SH,600020,20251209,93038190,0,715822,D,S,44300,200,
600020.SH,600020,20251209,93038290,0,787276,A,S,44300,1300,
600020.SH,600020,20251209,93038380,0,787764,A,S,44300,100,
600020.SH,600020,20251209,93038400,0,787871,A,S,44300,500,
600020.SH,600020,20251209,93038480,0,788527,A,S,44300,800,
600020.SH,600020,20251209,93038480,0,788538,A,S,44300,800,
600020.SH,600020,20251209,93038480,0,788569,A,S,44300,700,
600020.SH,600020,20251209,93038570,0,789060,A,S,44300,100,
600020.SH,600020,20251209,93038570,0,789095,A,S,44300,100,
600020.SH,600020,20251209,93038770,0,790371,A,S,44300,2500,
600020.SH,600020,20251209,93039050,0,792403,A,S,44300,17700,
600020.SH,600020,20251209,93039190,0,773140,D,S,44400,1500,
600020.SH,600020,20251209,93039630,0,795684,A,B,44200,700,
600020.SH,600020,20251209,93039910,0,797530,A,B,44200,2400,
600020.SH,600020,20251209,93039940,0,611492,D,S,44400,100,
600020.SH,600020,20251209,93039940,0,565453,D,S,44400,100,
600020.SH,600020,20251209,93040070,0,750427,D,S,44300,1400,
600020.SH,600020,20251209,93040500,0,801199,A,S,44300,100,
600020.SH,600020,20251209,93040620,0,801779,A,S,44300,2700,
600020.SH,600020,20251209,93040780,0,802727,A,B,44200,200,
600020.SH,600020,20251209,93040890,0,639405,D,S,44400,600,
600020.SH,600020,20251209,93041020,0,803993,A,S,44300,100,
600020.SH,600020,20251209,93041020,0,804014,A,S,44300,1000,
600020.SH,600020,20251209,93041040,0,804319,A,S,44300,2600,
600020.SH,600020,20251209,93041060,0,804364,A,S,44300,200,
600020.SH,600020,20251209,93041060,0,660842,D,S,44400,100,
600020.SH,600020,20251209,93041080,0,804569,A,S,44300,1400,
600020.SH,600020,20251209,93041080,0,804572,A,S,44300,1700,
600020.SH,600020,20251209,93041170,0,805111,A,S,44300,1900,
600020.SH,600020,20251209,93041220,0,805233,A,S,44300,1400,
600020.SH,600020,20251209,93041220,0,805237,A,S,44300,300,
600020.SH,600020,20251209,93041250,0,773230,D,S,44300,600,
600020.SH,600020,20251209,93041250,0,705375,D,S,44300,1200,
600020.SH,600020,20251209,93041250,0,711960,D,S,44300,600,
600020.SH,600020,20251209,93041300,0,617274,D,S,44400,100,
600020.SH,600020,20251209,93041460,0,787764,D,S,44300,100,
600020.SH,600020,20251209,93041480,0,771405,D,S,44300,1600,
600020.SH,600020,20251209,93041480,0,787871,D,S,44300,500,
600020.SH,600020,20251209,93041480,0,532512,D,S,44400,100,
600020.SH,600020,20251209,93041480,0,806922,A,S,44300,600,
600020.SH,600020,20251209,93041570,0,807188,A,S,44300,200,
600020.SH,600020,20251209,93041640,0,807635,A,S,44300,100,
600020.SH,600020,20251209,93041720,0,807939,A,S,44300,1000,
600020.SH,600020,20251209,93041810,0,808631,A,S,44300,100,
600020.SH,600020,20251209,93041810,0,808737,A,B,44100,1200,
600020.SH,600020,20251209,93041890,0,809236,A,S,44600,14600,
600020.SH,600020,20251209,93042970,0,786420,D,B,44200,100,
600020.SH,600020,20251209,93042970,0,815285,A,S,44300,1000,
600020.SH,600020,20251209,93042970,0,815290,A,S,44300,4600,
600020.SH,600020,20251209,93042970,0,815347,A,S,44300,800,
600020.SH,600020,20251209,93043390,0,320812,D,B,44000,2000,
600020.SH,600020,20251209,93043950,0,820407,A,S,44300,600,
600020.SH,600020,20251209,93044080,0,820962,A,B,44200,2800,
600020.SH,600020,20251209,93044100,0,821223,A,S,44300,100,
600020.SH,600020,20251209,93044850,0,825168,A,S,44400,5000,
600020.SH,600020,20251209,93045030,0,666853,D,S,44400,100,
600020.SH,600020,20251209,93045230,0,815347,D,S,44300,800,
600020.SH,600020,20251209,93045270,0,827197,A,S,44300,100,
600020.SH,600020,20251209,93045970,0,830473,A,S,45000,5700,
600020.SH,600020,20251209,93046140,0,746900,D,S,44300,100,
600020.SH,600020,20251209,93046390,0,832945,A,S,44300,100,
600020.SH,600020,20251209,93046530,0,833647,A,B,44000,1000,
600020.SH,600020,20251209,93046680,0,792403,D,S,44300,17700,
600020.SH,600020,20251209,93046740,0,834712,A,S,44300,100,
600020.SH,600020,20251209,93046800,0,835032,A,B,44200,1100,
600020.SH,600020,20251209,93046970,0,801199,D,S,44300,100,
600020.SH,600020,20251209,93047270,0,837573,A,S,44200,500,
600020.SH,600020,20251209,93047270,0,837582,A,S,44200,1600,
600020.SH,600020,20251209,93047270,0,837613,A,S,44200,800,
600020.SH,600020,20251209,93047270,0,837642,A,B,44200,1500,
600020.SH,600020,20251209,93047820,0,840359,A,B,44200,100,
600020.SH,600020,20251209,93048700,0,450755,D,S,45000,7500,
600020.SH,600020,20251209,93048840,0,665413,D,S,44400,500,
600020.SH,600020,20251209,93048880,0,846062,A,S,44200,100,
600020.SH,600020,20251209,93049630,0,849438,A,B,40000,300,
600020.SH,600020,20251209,93049670,0,849611,A,S,44200,100,
600020.SH,600020,20251209,93049670,0,849622,A,S,44200,800,
600020.SH,600020,20251209,93049670,0,849623,A,S,44200,500,
600020.SH,600020,20251209,93049670,0,849641,A,S,44200,49832,
600020.SH,600020,20251209,93049670,0,849647,A,S,44200,500,
600020.SH,600020,20251209,93049670,0,849650,A,S,44200,500,
600020.SH,600020,20251209,93049670,0,849665,A,S,44200,300,
600020.SH,600020,20251209,93049670,0,849672,A,S,44200,500,
600020.SH,600020,20251209,93049710,0,636718,D,S,44300,100,
600020.SH,600020,20251209,93049710,0,636706,D,S,44300,100,
600020.SH,600020,20251209,93049710,0,849718,A,S,44200,500,
600020.SH,600020,20251209,93049710,0,672862,D,S,44300,100,
600020.SH,600020,20251209,93049710,0,613078,D,S,44400,100,
600020.SH,600020,20251209,93049710,0,636700,D,S,44300,100,
600020.SH,600020,20251209,93049710,0,695082,D,S,44300,200,
600020.SH,600020,20251209,93049710,0,692143,D,S,44300,100,
600020.SH,600020,20251209,93049710,0,692348,D,S,44300,100,
600020.SH,600020,20251209,93049710,0,692582,D,S,44300,100,
600020.SH,600020,20251209,93049710,0,695421,D,S,44300,100,
600020.SH,600020,20251209,93049710,0,692144,D,S,44300,100,
600020.SH,600020,20251209,93049710,0,692584,D,S,44300,100,
600020.SH,600020,20251209,93049710,0,636739,D,S,44300,100,
600020.SH,600020,20251209,93049710,0,636740,D,S,44300,100,
600020.SH,600020,20251209,93049710,0,636124,D,S,44400,100,
600020.SH,600020,20251209,93049710,0,618571,D,S,44400,100,
600020.SH,600020,20251209,93049710,0,849781,A,S,44200,500,
600020.SH,600020,20251209,93049710,0,849810,A,S,44200,500,
600020.SH,600020,20251209,93049710,0,849811,A,S,44200,500,
600020.SH,600020,20251209,93049710,0,849814,A,S,44200,500,
600020.SH,600020,20251209,93049750,0,849857,A,S,44200,800,
600020.SH,600020,20251209,93049750,0,450819,D,S,44400,500,
600020.SH,600020,20251209,93049750,0,468709,D,S,44400,900,
600020.SH,600020,20251209,93049750,0,849914,A,S,44200,100,
600020.SH,600020,20251209,93049750,0,752357,D,S,44300,200,
600020.SH,600020,20251209,93049790,0,850078,A,S,44300,300,
600020.SH,600020,20251209,93049820,0,850137,A,S,44200,5800,
600020.SH,600020,20251209,93049860,0,472754,D,S,44400,100,
600020.SH,600020,20251209,93049930,0,850721,A,S,44200,500,
600020.SH,600020,20251209,93049960,0,850754,A,S,44200,1200,
600020.SH,600020,20251209,93049960,0,850834,A,S,44200,500,
600020.SH,600020,20251209,93049990,0,737873,D,S,44300,100,
600020.SH,600020,20251209,93050040,0,804319,D,S,44300,2600,
600020.SH,600020,20251209,93050070,0,804364,D,S,44300,200,
600020.SH,600020,20251209,93050070,0,762280,D,S,44300,2900,
600020.SH,600020,20251209,93050080,0,804569,D,S,44300,1400,
600020.SH,600020,20251209,93050080,0,804572,D,S,44300,1700,
600020.SH,600020,20251209,93050130,0,804014,D,S,44300,1000,
600020.SH,600020,20251209,93050170,0,805111,D,S,44300,1900,
600020.SH,600020,20251209,93050210,0,805237,D,S,44300,300,
600020.SH,600020,20251209,93050210,0,805233,D,S,44300,1400,
600020.SH,600020,20251209,93050280,0,47674,D,S,45000,20000,
600020.SH,600020,20251209,93050300,0,458171,D,S,44400,800,
600020.SH,600020,20251209,93050300,0,596106,D,S,44400,700,
600020.SH,600020,20251209,93050300,0,852374,A,S,44200,1500,
600020.SH,600020,20251209,93050320,0,852468,A,S,44200,1500,
600020.SH,600020,20251209,93050320,0,852520,A,S,44200,1500,
600020.SH,600020,20251209,93050350,0,852626,A,S,44200,100,
600020.SH,600020,20251209,93050400,0,852742,A,S,44200,1500,
600020.SH,600020,20251209,93050400,0,727057,D,S,44300,100,
600020.SH,600020,20251209,93050440,0,742281,D,S,44300,100,
600020.SH,600020,20251209,93050440,0,853020,A,B,44100,200,
600020.SH,600020,20251209,93050480,0,757093,D,S,44300,200,
600020.SH,600020,20251209,93050480,0,853137,A,S,44200,2500,
600020.SH,600020,20251209,93050480,0,806922,D,S,44300,600,
600020.SH,600020,20251209,93050480,0,668505,D,S,44300,400,
600020.SH,600020,20251209,93050480,0,727783,D,S,44300,100,
600020.SH,600020,20251209,93050480,0,727785,D,S,44300,200,
600020.SH,600020,20251209,93050510,0,762079,D,S,44300,1400,
600020.SH,600020,20251209,93050610,0,748049,D,S,44300,100,
600020.SH,600020,20251209,93050610,0,801779,D,S,44300,2700,
600020.SH,600020,20251209,93050610,0,660735,D,S,44300,1000,
600020.SH,600020,20251209,93050720,0,854195,A,S,44200,500,
600020.SH,600020,20251209,93050720,0,854198,A,S,44200,900,
600020.SH,600020,20251209,93050720,0,854213,A,S,44200,200,
600020.SH,600020,20251209,93050720,0,854220,A,S,44200,100,
600020.SH,600020,20251209,93050830,0,854644,A,S,44200,100,
600020.SH,600020,20251209,93050870,0,854683,A,S,44200,100,
600020.SH,600020,20251209,93050910,0,854813,A,S,44200,1300,
600020.SH,600020,20251209,93051080,0,855659,A,S,44200,700,
600020.SH,600020,20251209,93051280,0,856548,A,B,43700,200,
600020.SH,600020,20251209,93051280,0,815285,D,S,44300,1000,
600020.SH,600020,20251209,93051300,0,856658,A,S,44200,1100,
600020.SH,600020,20251209,93051370,0,815290,D,S,44300,4600,
600020.SH,600020,20251209,93051600,0,857884,A,S,44200,200,
600020.SH,600020,20251209,93051940,0,859188,A,S,44200,1300,
600020.SH,600020,20251209,93051940,0,859245,A,S,44200,200,
600020.SH,600020,20251209,93051970,0,859298,A,S,44200,1900,
600020.SH,600020,20251209,93052040,0,803993,D,S,44300,100,
600020.SH,600020,20251209,93052110,0,859885,A,S,44200,1200,
600020.SH,600020,20251209,93052550,0,862009,A,S,44200,700,
600020.SH,600020,20251209,93052600,0,862226,A,S,44200,100,
600020.SH,600020,20251209,93052690,0,729323,D,S,44300,500,
600020.SH,600020,20251209,93052690,0,645475,D,S,44300,100,
600020.SH,600020,20251209,93052690,0,685169,D,S,44300,100,
600020.SH,600020,20251209,93052730,0,834712,D,S,44300,100,
600020.SH,600020,20251209,93052760,0,862820,A,S,44200,500,
600020.SH,600020,20251209,93052790,0,850078,D,S,44300,300,
600020.SH,600020,20251209,93052790,0,832945,D,S,44300,100,
600020.SH,600020,20251209,93052790,0,821223,D,S,44300,100,
600020.SH,600020,20251209,93052860,0,863247,A,B,44100,3800,
600020.SH,600020,20251209,93053400,0,865366,A,S,44200,100,
600020.SH,600020,20251209,93053420,0,865465,A,S,44200,100,
600020.SH,600020,20251209,93053420,0,865492,A,S,44200,400,
600020.SH,600020,20251209,93053460,0,865585,A,S,44200,200,
600020.SH,600020,20251209,93053490,0,865655,A,S,44200,100,
600020.SH,600020,20251209,93053610,0,866075,A,S,44200,100,
600020.SH,600020,20251209,93053610,0,866107,A,S,44200,1000,
600020.SH,600020,20251209,93053710,0,866529,A,S,44200,100,
600020.SH,600020,20251209,93054030,0,867663,A,S,44200,100,
600020.SH,600020,20251209,93054430,0,869127,A,S,44200,1200,
600020.SH,600020,20251209,93055690,0,789095,D,S,44300,100,
600020.SH,600020,20251209,93055690,0,789060,D,S,44300,100,
600020.SH,600020,20251209,93055690,0,762583,D,S,44300,100,
600020.SH,600020,20251209,93055690,0,873988,A,S,44200,100,
600020.SH,600020,20251209,93055690,0,874000,A,S,44200,100,
600020.SH,600020,20251209,93055820,0,874439,A,S,44300,500,
600020.SH,600020,20251209,93056010,0,875217,A,B,44100,2600,
600020.SH,600020,20251209,93056550,0,877365,A,S,44200,700,
600020.SH,600020,20251209,93056830,0,612457,D,S,44400,100,
600020.SH,600020,20251209,93056830,0,878380,A,S,44200,2500,
600020.SH,600020,20251209,93056890,0,878627,A,B,44100,2400,
600020.SH,600020,20251209,93057780,0,423372,D,S,44400,2400,
600020.SH,600020,20251209,93057930,0,882495,A,B,44100,2300,
600020.SH,600020,20251209,93058110,0,883163,A,B,43800,400,
600020.SH,600020,20251209,93058150,0,883392,A,B,43900,4000,
600020.SH,600020,20251209,93058880,0,886449,A,B,44100,1600,
600020.SH,600020,20251209,93058880,0,886455,A,B,44100,1500,
600020.SH,600020,20251209,93059390,0,888660,A,S,44200,100,
600020.SH,600020,20251209,93059740,0,820407,D,S,44300,600,
600020.SH,600020,20251209,93100600,0,893865,A,B,44100,100,
600020.SH,600020,20251209,93100660,0,894495,A,S,44600,7500,
600020.SH,600020,20251209,93100980,0,896578,A,B,44100,1700,
600020.SH,600020,20251209,93101130,0,897169,A,S,44500,20000,
600020.SH,600020,20251209,93101210,0,763196,D,S,44400,500,
600020.SH,600020,20251209,93101210,0,763198,D,S,44400,600,
600020.SH,600020,20251209,93101210,0,763197,D,S,44400,1200,
600020.SH,600020,20251209,93101210,0,763199,D,S,44400,800,
600020.SH,600020,20251209,93101210,0,763208,D,S,44400,900,
600020.SH,600020,20251209,93101210,0,763218,D,S,44400,400,
600020.SH,600020,20251209,93101210,0,763229,D,S,44400,600,
600020.SH,600020,20251209,93101210,0,763214,D,S,44400,1400,
600020.SH,600020,20251209,93101210,0,763237,D,S,44400,300,
600020.SH,600020,20251209,93101230,0,763373,D,S,44400,600,
600020.SH,600020,20251209,93101230,0,763375,D,S,44400,800,
600020.SH,600020,20251209,93101250,0,897776,A,S,44300,3000,
600020.SH,600020,20251209,93101250,0,763444,D,S,44400,1600,
600020.SH,600020,20251209,93101250,0,770405,D,S,44400,700,
600020.SH,600020,20251209,93101250,0,763342,D,S,44400,1100,
600020.SH,600020,20251209,93101250,0,774264,D,S,44400,300,
600020.SH,600020,20251209,93101280,0,897889,A,S,44300,2500,
600020.SH,600020,20251209,93101280,0,897924,A,S,44300,1200,
600020.SH,600020,20251209,93101310,0,898024,A,S,44300,1400,
600020.SH,600020,20251209,93101310,0,898161,A,S,44300,1300,
600020.SH,600020,20251209,93101310,0,898209,A,S,44300,1300,
600020.SH,600020,20251209,93101360,0,898522,A,S,44300,500,
600020.SH,600020,20251209,93101360,0,898524,A,S,44300,600,
600020.SH,600020,20251209,93101360,0,898526,A,S,44300,800,
600020.SH,600020,20251209,93101360,0,898528,A,S,44300,1500,
600020.SH,600020,20251209,93101360,0,898534,A,S,44300,500,
600020.SH,600020,20251209,93101360,0,898535,A,S,44300,1900,
600020.SH,600020,20251209,93101360,0,898536,A,S,44300,100,
600020.SH,600020,20251209,93101360,0,898539,A,S,44300,900,
600020.SH,600020,20251209,93101360,0,898543,A,S,44300,1500,
600020.SH,600020,20251209,93101360,0,898549,A,S,44300,400,
600020.SH,600020,20251209,93101360,0,898550,A,S,44300,600,
600020.SH,600020,20251209,93101360,0,898551,A,S,44300,300,
600020.SH,600020,20251209,93101360,0,898552,A,S,44300,1400,
600020.SH,600020,20251209,93101360,0,898554,A,S,44300,900,
600020.SH,600020,20251209,93101360,0,898558,A,S,44300,600,
600020.SH,600020,20251209,93101360,0,898565,A,S,44300,300,
600020.SH,600020,20251209,93101400,0,898635,A,S,44300,600,
600020.SH,600020,20251209,93101400,0,898639,A,S,44300,2000,
600020.SH,600020,20251209,93101400,0,898642,A,S,44300,2500,
600020.SH,600020,20251209,93101400,0,898646,A,S,44300,800,
600020.SH,600020,20251209,93101400,0,898648,A,S,44300,300,
600020.SH,600020,20251209,93101400,0,898703,A,S,44300,700,
600020.SH,600020,20251209,93101420,0,898970,A,B,44100,3000,
600020.SH,600020,20251209,93101560,0,899776,A,S,44200,100,
600020.SH,600020,20251209,93101710,0,900362,A,B,44100,100,
600020.SH,600020,20251209,93101990,0,901783,A,S,44200,600,
600020.SH,600020,20251209,93102300,0,903158,A,B,44100,100,
600020.SH,600020,20251209,93103410,0,908467,A,S,44200,1100,
600020.SH,600020,20251209,93104030,0,911005,A,S,44200,100,
600020.SH,600020,20251209,93105700,0,918601,A,B,44100,2500,
600020.SH,600020,20251209,93105700,0,668218,D,S,44300,100,
600020.SH,600020,20251209,93105700,0,632129,D,S,44300,100,
600020.SH,600020,20251209,93105800,0,667490,D,S,44300,2200,
600020.SH,600020,20251209,93106430,0,922241,A,B,44100,2000,
600020.SH,600020,20251209,93106460,0,660887,D,S,44300,100,
600020.SH,600020,20251209,93107540,0,432874,D,S,44400,1200,
600020.SH,600020,20251209,93107700,0,928007,A,S,44200,100,
600020.SH,600020,20251209,93107700,0,928009,A,S,44200,200,
600020.SH,600020,20251209,93107700,0,928014,A,S,44200,300,
600020.SH,600020,20251209,93107700,0,928019,A,S,44200,700,
600020.SH,600020,20251209,93107700,0,928067,A,S,44200,800,
600020.SH,600020,20251209,93108380,0,865492,D,S,44200,400,
600020.SH,600020,20251209,93108470,0,931405,A,S,44200,1200,
600020.SH,600020,20251209,93108860,0,933269,A,B,44100,900,
600020.SH,600020,20251209,93110680,0,941787,A,S,44200,100,
600020.SH,600020,20251209,93110680,0,941793,A,S,44200,200,
600020.SH,600020,20251209,93110710,0,941869,A,S,44200,100,
600020.SH,600020,20251209,93110870,0,942724,A,B,44100,2000,
600020.SH,600020,20251209,93111190,0,944014,A,S,44400,3200,
600020.SH,600020,20251209,93111310,0,944655,A,S,44300,3300,
600020.SH,600020,20251209,93111420,0,945239,A,B,44100,700,
600020.SH,600020,20251209,93112460,0,949771,A,B,44100,2000,
600020.SH,600020,20251209,93112630,0,950581,A,S,44400,18000,
600020.SH,600020,20251209,93112700,0,950780,A,B,44100,100,
600020.SH,600020,20251209,93112950,0,47995,D,S,44900,20000,
600020.SH,600020,20251209,93112950,0,49127,D,S,45000,19500,
600020.SH,600020,20251209,93113010,0,951960,A,B,43500,2000,
600020.SH,600020,20251209,93113010,0,951966,A,B,43200,1000,
600020.SH,600020,20251209,93113440,0,953801,A,B,44100,700,
600020.SH,600020,20251209,93113480,0,954078,A,B,44100,700,
600020.SH,600020,20251209,93113680,0,849647,D,S,44200,500,
600020.SH,600020,20251209,93113680,0,954829,A,S,44200,100,
600020.SH,600020,20251209,93113680,0,954830,A,S,44200,100,
600020.SH,600020,20251209,93113680,0,849672,D,S,44200,500,
600020.SH,600020,20251209,93113680,0,849650,D,S,44200,500,
600020.SH,600020,20251209,93113710,0,850834,D,S,44200,500,
600020.SH,600020,20251209,93113710,0,850721,D,S,44200,500,
600020.SH,600020,20251209,93113710,0,849718,D,S,44200,500,
600020.SH,600020,20251209,93113710,0,850754,D,S,44200,1200,
600020.SH,600020,20251209,93113710,0,849781,D,S,44200,500,
600020.SH,600020,20251209,93113710,0,849810,D,S,44200,500,
600020.SH,600020,20251209,93113710,0,849811,D,S,44200,500,
600020.SH,600020,20251209,93113710,0,849814,D,S,44200,500,
600020.SH,600020,20251209,93114610,0,958566,A,B,44100,700,
600020.SH,600020,20251209,93115170,0,960863,A,S,44200,200,
600020.SH,600020,20251209,93115620,0,962511,A,B,44000,3000,
600020.SH,600020,20251209,93117130,0,968851,A,B,43600,3000,
600020.SH,600020,20251209,93117750,0,971464,A,B,44100,1200,
600020.SH,600020,20251209,93117800,0,941869,D,S,44200,100,
600020.SH,600020,20251209,93118040,0,972567,A,S,44200,100,
600020.SH,600020,20251209,93119400,0,977958,A,B,44100,3000,
600020.SH,600020,20251209,93119720,0,979260,A,S,44200,100,
600020.SH,600020,20251209,93119720,0,979262,A,S,44200,100,
600020.SH,600020,20251209,93119720,0,979267,A,S,44200,300,
600020.SH,600020,20251209,93119720,0,979297,A,S,44200,700,
600020.SH,600020,20251209,93120320,0,746127,D,S,44400,800,
600020.SH,600020,20251209,93120410,0,746138,D,S,44400,1300,
600020.SH,600020,20251209,93120430,0,746122,D,S,44400,1300,
600020.SH,600020,20251209,93120650,0,983031,A,S,44300,1600,
600020.SH,600020,20251209,93120650,0,983035,A,S,44300,1300,
600020.SH,600020,20251209,93120670,0,983269,A,S,44300,800,
600020.SH,600020,20251209,93120870,0,984129,A,B,44000,5000,
600020.SH,600020,20251209,93121110,0,985102,A,B,44100,2000,
600020.SH,600020,20251209,93122420,0,990563,A,S,44200,3000,
600020.SH,600020,20251209,93122690,0,991581,A,S,44200,100,
600020.SH,600020,20251209,93123170,0,993423,A,S,44700,6800,
600020.SH,600020,20251209,93123710,0,995830,A,B,43900,3000,
600020.SH,600020,20251209,93123860,0,996459,A,S,44200,1600,
600020.SH,600020,20251209,93125380,0,1002695,A,B,43600,20000,
600020.SH,600020,20251209,93125420,0,1002896,A,B,44100,300,
600020.SH,600020,20251209,93125590,0,1003537,A,B,44100,3000,
600020.SH,600020,20251209,93125660,0,1003829,A,S,44200,100,
600020.SH,600020,20251209,93125690,0,1003835,A,S,44200,100,
600020.SH,600020,20251209,93125750,0,1004106,A,S,44600,20000,
600020.SH,600020,20251209,93126300,0,1006601,A,B,44100,600,
600020.SH,600020,20251209,93126900,0,1009100,A,S,44200,200,
600020.SH,600020,20251209,93127430,0,903158,D,B,44100,100,
600020.SH,600020,20251209,93127700,0,1012509,A,B,44100,200,
600020.SH,600020,20251209,93130140,0,1021912,A,B,44100,10000,
600020.SH,600020,20251209,93130370,0,1023014,A,B,44100,500,
600020.SH,600020,20251209,93130990,0,1025548,A,B,44100,5000,
600020.SH,600020,20251209,93131020,0,1025694,A,B,43900,2000,
600020.SH,600020,20251209,93133260,0,1034591,A,S,44600,3200,
600020.SH,600020,20251209,93133260,0,1034611,A,B,44100,10000,
600020.SH,600020,20251209,93133950,0,1037019,A,B,44100,4000,
600020.SH,600020,20251209,93134470,0,1038982,A,S,44500,19500,
600020.SH,600020,20251209,93134470,0,1039002,A,B,44000,900,
600020.SH,600020,20251209,93135360,0,1042503,A,B,44100,700,
600020.SH,600020,20251209,93135440,0,1042710,A,B,44100,700,
600020.SH,600020,20251209,93135520,0,1043130,A,B,44100,5600,
600020.SH,600020,20251209,93137020,0,1049075,A,B,44100,2000,
600020.SH,600020,20251209,93137700,0,1051780,A,S,44200,900,
600020.SH,600020,20251209,93138380,0,1054690,A,B,44100,100,
600020.SH,600020,20251209,93138760,0,1056241,A,S,44600,3000,
600020.SH,600020,20251209,93139240,0,1058204,A,S,44300,300,
600020.SH,600020,20251209,93139240,0,1058211,A,S,44300,300,
600020.SH,600020,20251209,93139240,0,1058226,A,S,44300,400,
600020.SH,600020,20251209,93139270,0,1058320,A,S,44300,300,
600020.SH,600020,20251209,93139300,0,1058363,A,S,44300,300,
600020.SH,600020,20251209,93139300,0,1058374,A,S,44300,300,
600020.SH,600020,20251209,93139300,0,1058471,A,S,44300,300,
600020.SH,600020,20251209,93141200,0,1066964,A,B,44100,200,
600020.SH,600020,20251209,93142120,0,1039002,D,B,44000,900,
600020.SH,600020,20251209,93142220,0,1071726,A,S,44200,100,
600020.SH,600020,20251209,93142350,0,167204,D,S,45200,3200,
600020.SH,600020,20251209,93142490,0,1009100,D,S,44200,200,
600020.SH,600020,20251209,93142490,0,699145,D,S,44300,200,
600020.SH,600020,20251209,93143090,0,1075868,A,S,44200,5200,
600020.SH,600020,20251209,93143290,0,1076987,A,B,44000,4000,
600020.SH,600020,20251209,93144020,0,1080992,A,B,40000,8700,
600020.SH,600020,20251209,93144650,0,1084518,A,B,44100,3000,
600020.SH,600020,20251209,93145340,0,1088217,A,B,44100,300,
600020.SH,600020,20251209,93145750,0,1090269,A,B,44100,4000,
600020.SH,600020,20251209,93146130,0,1092405,A,B,44100,2000,
600020.SH,600020,20251209,93147530,0,960863,D,S,44200,200,
600020.SH,600020,20251209,93147920,0,1100269,A,S,44200,500,
600020.SH,600020,20251209,93147920,0,48119,D,S,44900,20000,
600020.SH,600020,20251209,93147920,0,49180,D,S,45000,14500,
600020.SH,600020,20251209,93149970,0,1109824,A,B,43900,900,
600020.SH,600020,20251209,93150070,0,1110104,A,B,44100,300,
600020.SH,600020,20251209,93151970,0,1118113,A,B,44100,400,
600020.SH,600020,20251209,93152570,0,1120595,A,B,43900,24900,
600020.SH,600020,20251209,93152660,0,1121127,A,B,44100,100,
600020.SH,600020,20251209,93153430,0,1124275,A,S,44200,100,
600020.SH,600020,20251209,93155750,0,1133557,A,B,43900,1000,
600020.SH,600020,20251209,93155970,0,1134284,A,B,44100,200,
600020.SH,600020,20251209,93156110,0,1134778,A,B,43700,100,
600020.SH,600020,20251209,93156870,0,1075868,D,S,44200,5200,
600020.SH,600020,20251209,93157510,0,1140455,A,B,43500,11400,
600020.SH,600020,20251209,93159100,0,1146518,A,B,44100,5000,
600020.SH,600020,20251209,93159170,0,1146794,A,S,44600,20000,
600020.SH,600020,20251209,93159420,0,1147787,A,S,44500,6000,
600020.SH,600020,20251209,93159830,0,1149414,A,S,44200,2400,
600020.SH,600020,20251209,93200570,0,1152902,A,S,44200,5200,
600020.SH,600020,20251209,93201710,0,1159077,A,S,44200,3200,
600020.SH,600020,20251209,93202160,0,1161001,A,S,44200,900,
600020.SH,600020,20251209,93202430,0,1162348,A,S,44200,900,
600020.SH,600020,20251209,93202430,0,1162351,A,S,44200,600,
600020.SH,600020,20251209,93202470,0,1162392,A,S,44200,1100,
600020.SH,600020,20251209,93203000,0,1164861,A,B,43000,1000,
600020.SH,600020,20251209,93205250,0,1174915,A,B,40100,3000,
600020.SH,600020,20251209,93205630,0,1176811,A,S,44200,10000,
600020.SH,600020,20251209,93206630,0,1181152,A,S,44200,7200,
600020.SH,600020,20251209,93207230,0,1183467,A,S,44300,1400,
600020.SH,600020,20251209,93207270,0,1183561,A,S,44300,2600,
600020.SH,600020,20251209,93207300,0,1183658,A,S,44300,100,
600020.SH,600020,20251209,93208110,0,1186879,A,S,44200,2800,
600020.SH,600020,20251209,93208360,0,1187973,A,S,44200,100,
600020.SH,600020,20251209,93208490,0,1188380,A,S,44200,400,
600020.SH,600020,20251209,93208490,0,1188389,A,S,44500,14500,
600020.SH,600020,20251209,93208490,0,1188417,A,S,44200,200,
600020.SH,600020,20251209,93208630,0,1188864,A,S,44200,2700,
600020.SH,600020,20251209,93209280,0,1191588,A,S,44200,100,
600020.SH,600020,20251209,93210100,0,1194850,A,B,44000,30000,
600020.SH,600020,20251209,93210900,0,1197958,A,B,44100,10000,
600020.SH,600020,20251209,93210900,0,1197961,A,B,44100,10000,
600020.SH,600020,20251209,93214250,0,1214488,A,B,42100,2000,
600020.SH,600020,20251209,93214730,0,1217595,A,B,44000,10000,
600020.SH,600020,20251209,93215280,0,1220017,A,S,44300,300,
600020.SH,600020,20251209,93215280,0,1220018,A,S,44300,400,
600020.SH,600020,20251209,93215280,0,1220025,A,S,44300,300,
600020.SH,600020,20251209,93215280,0,1220033,A,S,44300,300,
600020.SH,600020,20251209,93215280,0,1220037,A,S,44300,300,
600020.SH,600020,20251209,93215280,0,1220055,A,S,44300,300,
600020.SH,600020,20251209,93215280,0,1220117,A,S,44300,300,
600020.SH,600020,20251209,93215280,0,1220124,A,S,44300,300,
600020.SH,600020,20251209,93215320,0,1220208,A,S,44300,500,
600020.SH,600020,20251209,93215440,0,1221036,A,S,44200,17700,
600020.SH,600020,20251209,93215970,0,763389,D,S,44300,100,
600020.SH,600020,20251209,93216360,0,1225283,A,S,44200,100,
600020.SH,600020,20251209,93219250,0,898522,D,S,44300,500,
600020.SH,600020,20251209,93219250,0,1220017,D,S,44300,300,
600020.SH,600020,20251209,93219250,0,1220018,D,S,44300,400,
600020.SH,600020,20251209,93219250,0,898524,D,S,44300,600,
600020.SH,600020,20251209,93219250,0,1058204,D,S,44300,300,
600020.SH,600020,20251209,93219250,0,898528,D,S,44300,1500,
600020.SH,600020,20251209,93219250,0,898526,D,S,44300,800,
600020.SH,600020,20251209,93219250,0,898535,D,S,44300,1900,
600020.SH,600020,20251209,93219250,0,898536,D,S,44300,100,
600020.SH,600020,20251209,93219250,0,898534,D,S,44300,500,
600020.SH,600020,20251209,93219250,0,1220025,D,S,44300,300,
600020.SH,600020,20251209,93219250,0,1058226,D,S,44300,400,
600020.SH,600020,20251209,93219250,0,1220033,D,S,44300,300,
600020.SH,600020,20251209,93219250,0,898554,D,S,44300,900,
600020.SH,600020,20251209,93219250,0,898551,D,S,44300,300,
600020.SH,600020,20251209,93219250,0,898549,D,S,44300,400,
600020.SH,600020,20251209,93219250,0,898552,D,S,44300,1400,
600020.SH,600020,20251209,93219250,0,1220124,D,S,44300,300,
600020.SH,600020,20251209,93219250,0,898543,D,S,44300,1500,
600020.SH,600020,20251209,93219250,0,1220037,D,S,44300,300,
600020.SH,600020,20251209,93219250,0,1058471,D,S,44300,300,
600020.SH,600020,20251209,93219250,0,898550,D,S,44300,600,
600020.SH,600020,20251209,93219250,0,1058211,D,S,44300,300,
600020.SH,600020,20251209,93219250,0,898539,D,S,44300,900,
600020.SH,600020,20251209,93219250,0,898565,D,S,44300,300,
600020.SH,600020,20251209,93219250,0,898703,D,S,44300,700,
600020.SH,600020,20251209,93219250,0,1220055,D,S,44300,300,
600020.SH,600020,20251209,93219250,0,898648,D,S,44300,300,
600020.SH,600020,20251209,93219250,0,1220208,D,S,44300,500,
600020.SH,600020,20251209,93219250,0,1220117,D,S,44300,300,
600020.SH,600020,20251209,93219250,0,898635,D,S,44300,600,
600020.SH,600020,20251209,93219250,0,1058363,D,S,44300,300,
600020.SH,600020,20251209,93219250,0,898646,D,S,44300,800,
600020.SH,600020,20251209,93219250,0,1237543,A,S,44200,200,
600020.SH,600020,20251209,93219250,0,1058320,D,S,44300,300,
600020.SH,600020,20251209,93219280,0,898642,D,S,44300,2500,
600020.SH,600020,20251209,93219280,0,898639,D,S,44300,2000,
600020.SH,600020,20251209,93219280,0,1058374,D,S,44300,300,
600020.SH,600020,20251209,93219280,0,1237573,A,S,44200,10500,
600020.SH,600020,20251209,93219280,0,983031,D,S,44300,1600,
600020.SH,600020,20251209,93219280,0,983035,D,S,44300,1300,
600020.SH,600020,20251209,93219280,0,897889,D,S,44300,2500,
600020.SH,600020,20251209,93219280,0,897924,D,S,44300,1200,
600020.SH,600020,20251209,93219320,0,898161,D,S,44300,1300,
600020.SH,600020,20251209,93219320,0,983269,D,S,44300,800,
600020.SH,600020,20251209,93219440,0,1238251,A,S,44200,500,
600020.SH,600020,20251209,93219440,0,1238252,A,S,44200,1900,
600020.SH,600020,20251209,93219440,0,1238253,A,S,44200,1100,
600020.SH,600020,20251209,93219440,0,1238255,A,S,44200,900,
600020.SH,600020,20251209,93219440,0,1238259,A,S,44200,1200,
600020.SH,600020,20251209,93219440,0,1238263,A,S,44200,2200,
600020.SH,600020,20251209,93219440,0,1238264,A,S,44200,100,
600020.SH,600020,20251209,93219440,0,1238265,A,S,44200,500,
600020.SH,600020,20251209,93219440,0,1238267,A,S,44200,900,
600020.SH,600020,20251209,93219440,0,1238269,A,S,44200,1800,
600020.SH,600020,20251209,93219440,0,1238272,A,S,44200,1800,
600020.SH,600020,20251209,93219440,0,1238274,A,S,44200,700,
600020.SH,600020,20251209,93219440,0,1238275,A,S,44200,900,
600020.SH,600020,20251209,93219440,0,1238278,A,S,44200,300,
600020.SH,600020,20251209,93219440,0,1238284,A,S,44200,300,
600020.SH,600020,20251209,93219470,0,1238305,A,S,44200,300,
600020.SH,600020,20251209,93219470,0,1238317,A,S,44200,1000,
600020.SH,600020,20251209,93219470,0,1238346,A,S,44200,900,
600020.SH,600020,20251209,93219470,0,1238350,A,S,44200,1100,
600020.SH,600020,20251209,93219470,0,1238361,A,S,44200,300,
600020.SH,600020,20251209,93219470,0,1238372,A,S,44200,300,
600020.SH,600020,20251209,93219470,0,1238387,A,S,44200,3000,
600020.SH,600020,20251209,93219510,0,1238460,A,S,44200,2300,
600020.SH,600020,20251209,93219510,0,1238473,A,S,44200,3400,
600020.SH,600020,20251209,93219510,0,1238475,A,S,44200,4300,
600020.SH,600020,20251209,93219510,0,1238525,A,S,44200,2400,
600020.SH,600020,20251209,93219760,0,1239626,A,S,44200,100,
600020.SH,600020,20251209,93219760,0,1121127,D,B,44100,100,
600020.SH,600020,20251209,93220480,0,1242451,A,S,44200,4400,
600020.SH,600020,20251209,93220480,0,1242455,A,S,44200,4900,
600020.SH,600020,20251209,93220540,0,1242564,A,S,44200,2800,
600020.SH,600020,20251209,93222270,0,898558,D,S,44300,600,
600020.SH,600020,20251209,93222330,0,1250084,A,S,44200,600,
600020.SH,600020,20251209,93222840,0,1252072,A,S,44200,500,
600020.SH,600020,20251209,93222950,0,481379,D,S,44400,600,
600020.SH,600020,20251209,93223270,0,1253685,A,S,44200,600,
600020.SH,600020,20251209,93223850,0,46324,D,S,44900,20000,
600020.SH,600020,20251209,93223990,0,1256438,A,S,44200,1600,
600020.SH,600020,20251209,93224670,0,1259260,A,B,44100,2000,
600020.SH,600020,20251209,93226440,0,1265365,A,B,44100,1300,
600020.SH,600020,20251209,93226610,0,1265849,A,S,44200,100,
600020.SH,600020,20251209,93227020,0,1267222,A,B,44100,1000,
600020.SH,600020,20251209,93227210,0,1267892,A,B,44100,100,
600020.SH,600020,20251209,93229300,0,1006601,D,B,44100,600,
600020.SH,600020,20251209,93229300,0,1088217,D,B,44100,300,
600020.SH,600020,20251209,93229370,0,1023014,D,B,44100,500,
600020.SH,600020,20251209,93229390,0,1002896,D,B,44100,300,
600020.SH,600020,20251209,93230250,0,1278445,A,B,44000,200,
600020.SH,600020,20251209,93232050,0,1285634,A,B,43800,200,
600020.SH,600020,20251209,93232810,0,1288273,A,B,43600,10000,
600020.SH,600020,20251209,93233960,0,1292319,A,S,44400,20000,
600020.SH,600020,20251209,93235610,0,1298287,A,B,44100,20000,
600020.SH,600020,20251209,93236090,0,1299927,A,B,43900,2200,
600020.SH,600020,20251209,93236470,0,1301508,A,B,43800,2000,
600020.SH,600020,20251209,93236700,0,1302245,A,B,44000,3000,
600020.SH,600020,20251209,93237840,0,1306209,A,B,44100,3000,
600020.SH,600020,20251209,93238930,0,1310324,A,B,44000,5000,
600020.SH,600020,20251209,93240450,0,1315691,A,B,44100,9100,
600020.SH,600020,20251209,93240450,0,1315713,A,B,44100,6200,
600020.SH,600020,20251209,93240450,0,1315744,A,B,44100,10000,
600020.SH,600020,20251209,93242650,0,1181152,D,S,44200,7200,
600020.SH,600020,20251209,93242650,0,1186879,D,S,44200,2800,
600020.SH,600020,20251209,93243890,0,1152902,D,S,44200,5200,
600020.SH,600020,20251209,93244120,0,1176811,D,S,44200,10000,
600020.SH,600020,20251209,93245620,0,1149414,D,S,44200,2400,
600020.SH,600020,20251209,93246070,0,1110104,D,B,44100,300,
600020.SH,600020,20251209,93246690,0,1012509,D,B,44100,200,
600020.SH,600020,20251209,93247360,0,1341381,A,B,44000,10000,
600020.SH,600020,20251209,93250090,0,1351493,A,S,44200,100,
600020.SH,600020,20251209,93253580,0,1363906,A,S,44200,7000,
600020.SH,600020,20251209,93256410,0,1373979,A,B,44100,2000,
600020.SH,600020,20251209,93256670,0,1374738,A,S,44200,100,
600020.SH,600020,20251209,93258220,0,1380355,A,S,44200,300,
600020.SH,600020,20251209,93258220,0,1380356,A,S,44200,300,
600020.SH,600020,20251209,93258220,0,1380374,A,S,44200,300,
600020.SH,600020,20251209,93258220,0,1380383,A,S,44200,300,
600020.SH,600020,20251209,93258220,0,1380423,A,S,44200,300,
600020.SH,600020,20251209,93258220,0,1380449,A,S,44200,300,
600020.SH,600020,20251209,93258260,0,1380546,A,S,44200,300,
600020.SH,600020,20251209,93258260,0,1380642,A,S,44200,400,
600020.SH,600020,20251209,93258890,0,1382758,A,S,48800,8000,
600020.SH,600020,20251209,93259400,0,888660,D,S,44200,100,
600020.SH,600020,20251209,93259750,0,1385481,A,S,44200,1400,
600020.SH,600020,20251209,93300670,0,1389082,A,B,44100,100,
600020.SH,600020,20251209,93302110,0,1394612,A,S,44200,100,
600020.SH,600020,20251209,93302110,0,1394616,A,S,44200,500,
600020.SH,600020,20251209,93304370,0,1403464,A,S,44200,100,
600020.SH,600020,20251209,93306370,0,1411080,A,S,44200,700,
600020.SH,600020,20251209,93307050,0,1413512,A,S,44200,100,
600020.SH,600020,20251209,93308880,0,1420575,A,S,44200,10000,
600020.SH,600020,20251209,93310340,0,1425937,A,B,44000,1900,
600020.SH,600020,20251209,93310400,0,1426179,A,S,44200,100,
600020.SH,600020,20251209,93310400,0,1426198,A,S,44200,7200,
600020.SH,600020,20251209,93311580,0,1430394,A,S,44200,100,
600020.SH,600020,20251209,93311630,0,1430607,A,S,44200,2800,
600020.SH,600020,20251209,93312130,0,1432259,A,S,44200,100,
600020.SH,600020,20251209,93312620,0,1433942,A,S,44300,800,
600020.SH,600020,20251209,93312720,0,1434381,A,B,43800,800,
600020.SH,600020,20251209,93313890,0,1438366,A,S,44200,100,
600020.SH,600020,20251209,93316240,0,1446165,A,S,44200,100,
600020.SH,600020,20251209,93316840,0,1448068,A,S,44200,100,
600020.SH,600020,20251209,93318310,0,1452789,A,B,43900,100,
600020.SH,600020,20251209,93321770,0,1463940,A,S,48800,5000,
600020.SH,600020,20251209,93322320,0,1183467,D,S,44300,1400,
600020.SH,600020,20251209,93322430,0,1466108,A,S,44200,1800,
600020.SH,600020,20251209,93322430,0,1466138,A,S,44200,1800,
600020.SH,600020,20251209,93322470,0,1466182,A,S,44200,1300,
600020.SH,600020,20251209,93324980,0,632075,D,S,44400,100,
600020.SH,600020,20251209,93325430,0,738267,D,S,44400,2300,
600020.SH,600020,20251209,93325770,0,1476467,A,S,44200,100,
600020.SH,600020,20251209,93326880,0,1479821,A,B,43800,4000,
600020.SH,600020,20251209,93327830,0,746581,D,S,44300,100,
600020.SH,600020,20251209,93329190,0,1487015,A,S,44200,3600,
600020.SH,600020,20251209,93331470,0,875217,D,B,44100,2600,
600020.SH,600020,20251209,93331740,0,1495245,A,S,44200,100,
600020.SH,600020,20251209,93333270,0,1500304,A,B,44100,4700,
600020.SH,600020,20251209,93333730,0,1501824,A,B,44100,100,
600020.SH,600020,20251209,93335140,0,1506209,A,B,43800,2000,
600020.SH,600020,20251209,93335360,0,1506991,A,S,44200,100,
600020.SH,600020,20251209,93335470,0,853137,D,S,44200,2500,
600020.SH,600020,20251209,93335470,0,655476,D,S,44300,2600,
600020.SH,600020,20251209,93335470,0,854813,D,S,44200,1300,
600020.SH,600020,20251209,93337760,0,1514787,A,B,43900,1100,
600020.SH,600020,20251209,93339240,0,1519520,A,S,44200,1200,
600020.SH,600020,20251209,93339240,0,1519521,A,S,44200,600,
600020.SH,600020,20251209,93339240,0,1519537,A,S,44200,1600,
600020.SH,600020,20251209,93339240,0,1519538,A,S,44200,900,
600020.SH,600020,20251209,93339240,0,1519539,A,S,44200,1100,
600020.SH,600020,20251209,93339240,0,1519543,A,S,44200,1200,
600020.SH,600020,20251209,93339240,0,1519544,A,S,44200,100,
600020.SH,600020,20251209,93339240,0,1519545,A,S,44200,2400,
600020.SH,600020,20251209,93339240,0,1519546,A,S,44200,4900,
600020.SH,600020,20251209,93339240,0,1519548,A,S,44200,300,
600020.SH,600020,20251209,93339240,0,1519549,A,S,44200,600,
600020.SH,600020,20251209,93339240,0,1519550,A,S,44200,3900,
600020.SH,600020,20251209,93339240,0,1519551,A,S,44200,700,
600020.SH,600020,20251209,93339240,0,1519554,A,S,44200,1500,
600020.SH,600020,20251209,93339240,0,1519556,A,S,44200,600,
600020.SH,600020,20251209,93339240,0,1519562,A,S,44200,500,
600020.SH,600020,20251209,93339240,0,1519563,A,S,44200,800,
600020.SH,600020,20251209,93339240,0,1519564,A,S,44200,200,
600020.SH,600020,20251209,93339240,0,1519567,A,S,44200,100,
600020.SH,600020,20251209,93339270,0,1519572,A,S,44200,200,
600020.SH,600020,20251209,93339270,0,1519574,A,S,44200,1100,
600020.SH,600020,20251209,93339270,0,1519576,A,S,44200,200,
600020.SH,600020,20251209,93339270,0,1519578,A,S,44200,1800,
600020.SH,600020,20251209,93339270,0,1519579,A,S,44200,700,
600020.SH,600020,20251209,93339270,0,1519580,A,S,44200,500,
600020.SH,600020,20251209,93339270,0,1519581,A,S,44200,300,
600020.SH,600020,20251209,93339270,0,1519583,A,S,44200,300,
600020.SH,600020,20251209,93339270,0,1519594,A,S,44200,100,
600020.SH,600020,20251209,93339270,0,1519598,A,S,44200,600,
600020.SH,600020,20251209,93339270,0,1519622,A,S,44200,1600,
600020.SH,600020,20251209,93339270,0,1519629,A,S,44200,2900,
600020.SH,600020,20251209,93339270,0,1519640,A,S,44200,700,
600020.SH,600020,20251209,93339270,0,1519647,A,S,44200,1400,
600020.SH,600020,20251209,93339270,0,1519648,A,S,44200,700,
600020.SH,600020,20251209,93339270,0,1519656,A,S,44200,200,
600020.SH,600020,20251209,93339270,0,1519666,A,S,44200,1100,
600020.SH,600020,20251209,93339270,0,1519670,A,S,44200,800,
600020.SH,600020,20251209,93339270,0,1519680,A,S,44200,2600,
600020.SH,600020,20251209,93339300,0,1519692,A,S,44200,1200,
600020.SH,600020,20251209,93339300,0,1519695,A,S,44200,200,
600020.SH,600020,20251209,93339300,0,1519696,A,S,44200,300,
600020.SH,600020,20251209,93339300,0,1519697,A,S,44200,1100,
600020.SH,600020,20251209,93339300,0,1519717,A,S,44200,800,
600020.SH,600020,20251209,93339300,0,1519718,A,S,44200,600,
600020.SH,600020,20251209,93339300,0,1519721,A,S,44200,500,
600020.SH,600020,20251209,93339300,0,1519724,A,S,44200,1500,
600020.SH,600020,20251209,93339300,0,1519726,A,S,44200,500,
600020.SH,600020,20251209,93339300,0,1519728,A,S,44200,1100,
600020.SH,600020,20251209,93339300,0,1519741,A,S,44200,300,
600020.SH,600020,20251209,93339300,0,1519746,A,S,44200,300,
600020.SH,600020,20251209,93339300,0,1519758,A,S,44200,100,
600020.SH,600020,20251209,93339300,0,1519759,A,S,44200,600,
600020.SH,600020,20251209,93339300,0,1519766,A,S,44200,700,
600020.SH,600020,20251209,93339300,0,1519768,A,S,44200,3300,
600020.SH,600020,20251209,93339300,0,1519769,A,S,44200,1200,
600020.SH,600020,20251209,93339300,0,1519770,A,S,44200,500,
600020.SH,600020,20251209,93339300,0,1519771,A,S,44200,600,
600020.SH,600020,20251209,93339300,0,1519775,A,S,44200,1000,
600020.SH,600020,20251209,93339300,0,1519779,A,S,44200,1000,
600020.SH,600020,20251209,93339300,0,1519780,A,S,44200,800,
600020.SH,600020,20251209,93340920,0,613878,D,S,44400,4500,
600020.SH,600020,20251209,93341010,0,1525015,A,S,44200,100,
600020.SH,600020,20251209,93343030,0,1531517,A,S,44200,100,
600020.SH,600020,20251209,93343140,0,636701,D,S,44300,4500,
600020.SH,600020,20251209,93343890,0,667262,D,S,44300,4500,
600020.SH,600020,20251209,93344820,0,1537463,A,B,43900,5000,
600020.SH,600020,20251209,93345400,0,1539398,A,S,44200,500,
600020.SH,600020,20251209,93345620,0,763102,D,S,44300,4500,
600020.SH,600020,20251209,93345970,0,1438366,D,S,44200,100,
600020.SH,600020,20251209,93346000,0,1446165,D,S,44200,100,
600020.SH,600020,20251209,93346160,0,783690,D,S,44300,2300,
600020.SH,600020,20251209,93346400,0,1542961,A,B,44000,10000,
600020.SH,600020,20251209,93346750,0,1544203,A,B,44100,6200,
600020.SH,600020,20251209,93346750,0,1544204,A,B,44100,10000,
600020.SH,600020,20251209,93346830,0,1544474,A,S,44200,100,
600020.SH,600020,20251209,93347350,0,1546418,A,B,44100,1200,
600020.SH,600020,20251209,93348160,0,47656,D,S,44900,20000,
600020.SH,600020,20251209,93349220,0,1552779,A,S,44200,300,
600020.SH,600020,20251209,93349790,0,1554425,A,B,44100,100,
600020.SH,600020,20251209,93351050,0,1558563,A,B,44100,2500,
600020.SH,600020,20251209,93353120,0,1565553,A,B,44100,200,
600020.SH,600020,20251209,93354220,0,1568919,A,S,44200,100,
600020.SH,600020,20251209,93354340,0,1569302,A,S,44200,100,
600020.SH,600020,20251209,93355030,0,1571402,A,S,48700,700,
600020.SH,600020,20251209,93355760,0,1574211,A,S,44200,200,
600020.SH,600020,20251209,93358020,0,1506991,D,S,44200,100,
600020.SH,600020,20251209,93358090,0,1432259,D,S,44200,100,
600020.SH,600020,20251209,93358370,0,1582740,A,B,43800,1000,
600020.SH,600020,20251209,93358960,0,1584634,A,B,44100,200,
600020.SH,600020,20251209,93400690,0,1590906,A,S,44400,20000,
600020.SH,600020,20251209,93401570,0,1426198,D,S,44200,7200,
600020.SH,600020,20251209,93401570,0,1430607,D,S,44200,2800,
600020.SH,600020,20251209,93401810,0,1595601,A,S,44200,200,
600020.SH,600020,20251209,93402120,0,1595991,A,B,44100,5000,
600020.SH,600020,20251209,93404590,0,1605390,A,B,44100,100,
600020.SH,600020,20251209,93404820,0,1606071,A,B,44100,800,
600020.SH,600020,20251209,93405650,0,1608874,A,S,44200,10000,
600020.SH,600020,20251209,93406930,0,1612816,A,B,43700,200,
600020.SH,600020,20251209,93410170,0,1622696,A,B,44100,300,
600020.SH,600020,20251209,93410620,0,1624061,A,B,44100,100,
600020.SH,600020,20251209,93411030,0,1625222,A,S,44200,200,
600020.SH,600020,20251209,93411360,0,1626072,A,B,43100,1000,
600020.SH,600020,20251209,93411680,0,1627121,A,B,44100,100,
600020.SH,600020,20251209,93412580,0,1629561,A,S,44200,5500,
600020.SH,600020,20251209,93414310,0,1634590,A,B,44100,100,
600020.SH,600020,20251209,93416570,0,1500304,D,B,44100,4700,
600020.SH,600020,20251209,93416710,0,1554425,D,B,44100,100,
600020.SH,600020,20251209,93416710,0,1641538,A,B,44100,100,
600020.SH,600020,20251209,93416920,0,1642146,A,B,43700,3000,
600020.SH,600020,20251209,93417130,0,1642773,A,S,44200,7200,
600020.SH,600020,20251209,93417290,0,897776,D,S,44300,3000,
600020.SH,600020,20251209,93417290,0,944655,D,S,44300,3300,
600020.SH,600020,20251209,93417290,0,1183658,D,S,44300,100,
600020.SH,600020,20251209,93417310,0,898024,D,S,44300,1400,
600020.SH,600020,20251209,93417310,0,1183561,D,S,44300,2600,
600020.SH,600020,20251209,93417330,0,898209,D,S,44300,1300,
600020.SH,600020,20251209,93417450,0,1643839,A,S,44200,3400,
600020.SH,600020,20251209,93417450,0,1643840,A,S,44200,1400,
600020.SH,600020,20251209,93417450,0,1643841,A,S,44200,400,
600020.SH,600020,20251209,93417450,0,1643850,A,S,44200,2800,
600020.SH,600020,20251209,93417480,0,1643870,A,S,44200,3300,
600020.SH,600020,20251209,93417510,0,1643999,A,S,44200,1500,
600020.SH,600020,20251209,93417670,0,1644425,A,B,44100,100,
600020.SH,600020,20251209,93418780,0,1647556,A,B,44100,100,
600020.SH,600020,20251209,93418820,0,1647690,A,B,44100,5100,
600020.SH,600020,20251209,93419290,0,1649041,A,B,44000,29000,
600020.SH,600020,20251209,93420080,0,1651267,A,B,44100,100,
600020.SH,600020,20251209,93422710,0,1239626,D,S,44200,100,
600020.SH,600020,20251209,93422740,0,1658776,A,B,44100,200,
600020.SH,600020,20251209,93423750,0,1661437,A,B,44100,100,
600020.SH,600020,20251209,93425760,0,1666817,A,B,44100,3000,
600020.SH,600020,20251209,93426100,0,1569302,D,S,44200,100,
600020.SH,600020,20251209,93426150,0,1568919,D,S,44200,100,
600020.SH,600020,20251209,93427520,0,1671365,A,B,44100,300,
600020.SH,600020,20251209,93428170,0,1673009,A,S,44200,100,
600020.SH,600020,20251209,93428210,0,1673098,A,S,44200,100,
600020.SH,600020,20251209,93429420,0,865465,D,S,44200,100,
600020.SH,600020,20251209,93429520,0,862009,D,S,44200,700,
600020.SH,600020,20251209,93429520,0,877365,D,S,44200,700,
600020.SH,600020,20251209,93430060,0,691452,D,S,44300,100,
600020.SH,600020,20251209,93430350,0,1678608,A,B,44100,200,
600020.SH,600020,20251209,93431600,0,1682376,A,B,43700,20000,
600020.SH,600020,20251209,93432100,0,1430394,D,S,44200,100,
600020.SH,600020,20251209,93432340,0,1684540,A,B,44100,200,
600020.SH,600020,20251209,93434000,0,1689164,A,B,44100,1000,
600020.SH,600020,20251209,93434250,0,1689967,A,B,44100,100,
600020.SH,600020,20251209,93434280,0,1690003,A,S,44200,300,
600020.SH,600020,20251209,93434280,0,1690004,A,S,44200,200,
600020.SH,600020,20251209,93434280,0,1690011,A,S,44200,200,
600020.SH,600020,20251209,93434330,0,1690138,A,S,44200,300,
600020.SH,600020,20251209,93434640,0,1691056,A,B,44100,1200,
600020.SH,600020,20251209,93434730,0,1584634,D,B,44100,200,
600020.SH,600020,20251209,93437070,0,655011,D,S,44300,500,
600020.SH,600020,20251209,93437740,0,1699470,A,B,44100,100,
600020.SH,600020,20251209,93438330,0,1701012,A,B,44100,100,
600020.SH,600020,20251209,93439560,0,1704135,A,B,44100,800,
600020.SH,600020,20251209,93440290,0,1706195,A,S,44200,400,
600020.SH,600020,20251209,93440320,0,1706225,A,S,44200,300,
600020.SH,600020,20251209,93440680,0,1641538,D,B,44100,100,
600020.SH,600020,20251209,93440680,0,1707280,A,B,44100,100,
600020.SH,600020,20251209,93446910,0,1723308,A,B,44100,900,
600020.SH,600020,20251209,93447000,0,1723505,A,B,44100,100,
600020.SH,600020,20251209,93447050,0,972567,D,S,44200,100,
600020.SH,600020,20251209,93447920,0,1725883,A,B,44100,800,
600020.SH,600020,20251209,93449430,0,1003537,D,B,44100,3000,
600020.SH,600020,20251209,93450730,0,1733358,A,B,44100,100,
600020.SH,600020,20251209,93451310,0,1734838,A,B,44100,100,
600020.SH,600020,20251209,93452690,0,1738667,A,S,44200,100,
600020.SH,600020,20251209,93452720,0,1738690,A,B,44100,900,
600020.SH,600020,20251209,93454250,0,751801,D,S,44400,2300,
600020.SH,600020,20251209,93455500,0,1745852,A,B,44000,6000,
600020.SH,600020,20251209,93455760,0,1746512,A,S,44200,200,
600020.SH,600020,20251209,93456160,0,1673009,D,S,44200,100,
600020.SH,600020,20251209,93456190,0,1673098,D,S,44200,100,
600020.SH,600020,20251209,93458170,0,1753601,A,S,44200,100,
600020.SH,600020,20251209,93458170,0,1753626,A,S,44200,100,
600020.SH,600020,20251209,93500060,0,1759269,A,B,44100,4200,
600020.SH,600020,20251209,93500730,0,1762470,A,S,44200,800,
600020.SH,600020,20251209,93500760,0,1762580,A,S,44200,100,
600020.SH,600020,20251209,93500760,0,1762609,A,S,44200,100,
600020.SH,600020,20251209,93501080,0,1642773,D,S,44200,7200,
600020.SH,600020,20251209,93501710,0,1766228,A,B,44100,300,
600020.SH,600020,20251209,93501740,0,1766377,A,S,44200,200,
600020.SH,600020,20251209,93504340,0,1774844,A,B,44100,1000,
600020.SH,600020,20251209,93504590,0,1775838,A,B,44100,200,
600020.SH,600020,20251209,93504680,0,1707280,D,B,44100,100,
600020.SH,600020,20251209,93504910,0,1608874,D,S,44200,10000,
600020.SH,600020,20251209,93504910,0,1420575,D,S,44200,10000,
600020.SH,600020,20251209,93504910,0,1629561,D,S,44200,5500,
600020.SH,600020,20251209,93505270,0,706766,D,S,44400,100,
600020.SH,600020,20251209,93505360,0,524981,D,B,44100,100,
600020.SH,600020,20251209,93505360,0,661768,D,S,44300,1800,
600020.SH,600020,20251209,93505400,0,1779427,A,S,44200,900,
600020.SH,600020,20251209,93505400,0,662039,D,S,44300,1300,
600020.SH,600020,20251209,93505400,0,556674,D,S,44400,100,
600020.SH,600020,20251209,93505400,0,1221036,D,S,44200,17700,
600020.SH,600020,20251209,93505570,0,577099,D,S,44400,100,
600020.SH,600020,20251209,93505570,0,574743,D,B,44100,100,
