万得代码,交易所代码,自然日,时间,委托编号,交易所委托号,委托类型,委托代码,委托价格,委托数量,
600059.SH,600059,20251209,91400370,0,0,S,I,0,0,
600059.SH,600059,20251209,91500080,0,614,A,S,92200,1000,
600059.SH,600059,20251209,91501910,0,3652,A,S,93700,200,
600059.SH,600059,20251209,91502020,0,4286,A,S,100200,4900,
600059.SH,600059,20251209,91502500,0,5295,A,S,100200,300,
600059.SH,600059,20251209,91502500,0,5600,A,B,89000,1000,
600059.SH,600059,20251209,91502560,0,6730,A,B,90000,500,
600059.SH,600059,20251209,91502620,0,7250,A,S,100000,1000,
600059.SH,600059,20251209,91502750,0,8693,A,B,89900,600,
600059.SH,600059,20251209,91502750,0,9315,A,S,100200,2000,
600059.SH,600059,20251209,91502880,0,10516,A,S,100200,2000,
600059.SH,600059,20251209,91502880,0,11782,A,B,82000,2500,
600059.SH,600059,20251209,91502880,0,11783,A,B,87000,2300,
600059.SH,600059,20251209,91503030,0,13786,A,S,96000,500,
600059.SH,600059,20251209,91503160,0,14418,A,B,90000,8000,
600059.SH,600059,20251209,91503460,0,19295,A,S,94200,100,
600059.SH,600059,20251209,91503460,0,19494,A,S,98800,5000,
600059.SH,600059,20251209,91503460,0,19836,A,S,92000,500,
600059.SH,600059,20251209,91503460,0,19849,A,S,93000,500,
600059.SH,600059,20251209,91503590,0,21510,A,S,99900,1000,
600059.SH,600059,20251209,91503590,0,22432,A,S,96900,5000,
600059.SH,600059,20251209,91503590,0,22685,A,S,93300,1000,
600059.SH,600059,20251209,91503590,0,22698,A,S,100200,5000,
600059.SH,600059,20251209,91503590,0,22748,A,S,91300,1000,
600059.SH,600059,20251209,91503590,0,22758,A,S,91800,1000,
600059.SH,600059,20251209,91503590,0,22772,A,S,92300,1000,
600059.SH,600059,20251209,91503590,0,22779,A,S,92800,1000,
600059.SH,600059,20251209,91503590,0,22784,A,S,93300,1000,
600059.SH,600059,20251209,91503590,0,22785,A,S,93800,1000,
600059.SH,600059,20251209,91503590,0,22789,A,S,94300,1000,
600059.SH,600059,20251209,91503590,0,22796,A,S,94500,1000,
600059.SH,600059,20251209,91503590,0,22834,A,S,97500,100,
600059.SH,600059,20251209,91503750,0,23548,A,S,95300,17000,
600059.SH,600059,20251209,91503750,0,24459,A,S,100000,800,
600059.SH,600059,20251209,91503870,0,25401,A,S,94500,20000,
600059.SH,600059,20251209,91503870,0,26159,A,S,93000,400,
600059.SH,600059,20251209,91503870,0,26810,A,B,91100,100,
600059.SH,600059,20251209,91504000,0,27444,A,S,94700,5200,
600059.SH,600059,20251209,91504000,0,28064,A,S,91700,300,
600059.SH,600059,20251209,91504000,0,28065,A,S,92200,300,
600059.SH,600059,20251209,91504000,0,28066,A,S,92800,300,
600059.SH,600059,20251209,91504000,0,28077,A,S,91500,2000,
600059.SH,600059,20251209,91504000,0,28078,A,S,91700,2000,
600059.SH,600059,20251209,91504000,0,28079,A,S,91900,2000,
600059.SH,600059,20251209,91504000,0,28081,A,S,92100,2000,
600059.SH,600059,20251209,91504000,0,29175,A,S,99700,100,
600059.SH,600059,20251209,91504000,0,29214,A,S,95700,500,
600059.SH,600059,20251209,91504000,0,29215,A,S,96700,500,
600059.SH,600059,20251209,91504000,0,29216,A,S,97700,500,
600059.SH,600059,20251209,91504130,0,29338,A,S,98700,500,
600059.SH,600059,20251209,91504130,0,29339,A,S,99700,500,
600059.SH,600059,20251209,91504130,0,30381,A,S,97000,5000,
600059.SH,600059,20251209,91504130,0,30382,A,S,98000,10000,
600059.SH,600059,20251209,91504130,0,30399,A,S,99000,14800,
600059.SH,600059,20251209,91504130,0,30400,A,S,100000,20000,
600059.SH,600059,20251209,91504130,0,30770,A,S,95000,500,
600059.SH,600059,20251209,91504130,0,30856,A,B,85500,2000,
600059.SH,600059,20251209,91504130,0,31054,A,S,97500,2000,
600059.SH,600059,20251209,91504260,0,32980,A,S,95000,400,
600059.SH,600059,20251209,91504380,0,34659,A,S,93900,500,
600059.SH,600059,20251209,91504520,0,36102,A,B,82000,1000,
600059.SH,600059,20251209,91504520,0,36117,A,S,94700,5000,
600059.SH,600059,20251209,91504520,0,36223,A,B,82000,1000,
600059.SH,600059,20251209,91504520,0,36234,A,B,90000,1000,
600059.SH,600059,20251209,91504520,0,36259,A,S,93800,1000,
600059.SH,600059,20251209,91504520,0,36265,A,S,100200,16000,
600059.SH,600059,20251209,91504520,0,36311,A,S,100200,100,
600059.SH,600059,20251209,91504520,0,37068,A,S,100200,100,
600059.SH,600059,20251209,91504720,0,38306,A,S,97800,1100,
600059.SH,600059,20251209,91504720,0,38855,A,B,88800,1200,
600059.SH,600059,20251209,91504790,0,38925,A,B,85500,1200,
600059.SH,600059,20251209,91504790,0,39145,A,S,95500,1600,
600059.SH,600059,20251209,91504790,0,39157,A,S,96500,1700,
600059.SH,600059,20251209,91504940,0,40966,A,S,99900,2000,
600059.SH,600059,20251209,91504940,0,42041,A,S,93000,100,
600059.SH,600059,20251209,91505060,0,43206,A,S,92000,22500,
600059.SH,600059,20251209,91505060,0,44286,A,B,90100,500,
600059.SH,600059,20251209,91505250,0,45851,A,S,92300,2000,
600059.SH,600059,20251209,91505250,0,45963,A,S,100200,200,
600059.SH,600059,20251209,91505250,0,46081,A,S,91500,1100,
600059.SH,600059,20251209,91505250,0,46260,A,S,100000,2000,
600059.SH,600059,20251209,91505390,0,47919,A,S,92100,400,
600059.SH,600059,20251209,91505390,0,48603,A,B,95600,100,
600059.SH,600059,20251209,91505390,0,48861,A,S,92900,5100,
600059.SH,600059,20251209,91505390,0,48862,A,S,93900,5000,
600059.SH,600059,20251209,91505390,0,48863,A,S,94900,10000,
600059.SH,600059,20251209,91505530,0,49155,A,S,100200,5000,
600059.SH,600059,20251209,91505530,0,49485,A,B,90000,1000,
600059.SH,600059,20251209,91505530,0,50264,A,S,93000,500,
600059.SH,600059,20251209,91505530,0,50280,A,S,98000,500,
600059.SH,600059,20251209,91505530,0,50610,A,S,100000,10000,
600059.SH,600059,20251209,91505660,0,51160,A,S,100200,200,
600059.SH,600059,20251209,91505660,0,51494,A,B,90100,500,
600059.SH,600059,20251209,91505660,0,51505,A,B,88700,500,
600059.SH,600059,20251209,91505660,0,51599,A,S,94000,400,
600059.SH,600059,20251209,91505660,0,52213,A,S,100000,5700,
600059.SH,600059,20251209,91505770,0,53173,A,B,88000,100,
600059.SH,600059,20251209,91505770,0,53955,A,S,100200,400,
600059.SH,600059,20251209,91505770,0,54123,A,S,94500,800,
600059.SH,600059,20251209,91505770,0,54190,A,S,97600,2000,
600059.SH,600059,20251209,91505910,0,54747,A,S,94500,20000,
600059.SH,600059,20251209,91505910,0,55402,A,S,91000,100,
600059.SH,600059,20251209,91505910,0,55599,A,S,91000,900,
600059.SH,600059,20251209,91505910,0,55916,A,B,91000,1000,
600059.SH,600059,20251209,91506060,0,57283,A,S,91800,400,
600059.SH,600059,20251209,91506060,0,57310,A,B,90300,2000,
600059.SH,600059,20251209,91506060,0,57311,A,B,89800,2000,
600059.SH,600059,20251209,91506060,0,57522,A,S,100200,100,
600059.SH,600059,20251209,91506210,0,59827,A,S,100100,100,
600059.SH,600059,20251209,91506210,0,60006,A,B,86500,600,
600059.SH,600059,20251209,91506490,0,62538,A,S,100200,3000,
600059.SH,600059,20251209,91506490,0,62926,A,B,91000,1800,
600059.SH,600059,20251209,91506490,0,63020,A,B,90800,1000,
600059.SH,600059,20251209,91506490,0,63445,A,S,99900,1000,
600059.SH,600059,20251209,91506490,0,63942,A,S,99000,700,
600059.SH,600059,20251209,91506660,0,65297,A,S,96500,100,
600059.SH,600059,20251209,91506660,0,65496,A,S,100200,1500,
600059.SH,600059,20251209,91506880,0,67181,A,S,92600,1300,
600059.SH,600059,20251209,91506990,0,68845,A,S,92000,700,
600059.SH,600059,20251209,91506990,0,68911,A,B,90500,600,
600059.SH,600059,20251209,91506990,0,69039,A,B,87000,1000,
600059.SH,600059,20251209,91506990,0,69336,A,B,90500,1000,
600059.SH,600059,20251209,91507240,0,72389,A,S,98000,100,
600059.SH,600059,20251209,91507240,0,73024,A,S,100200,5500,
600059.SH,600059,20251209,91507390,0,74182,A,B,82000,800,
600059.SH,600059,20251209,91507390,0,74443,A,B,89200,500,
600059.SH,600059,20251209,91507390,0,74445,A,B,87700,500,
600059.SH,600059,20251209,91507390,0,74446,A,B,84800,500,
600059.SH,600059,20251209,91507390,0,74694,A,B,89800,400,
600059.SH,600059,20251209,91507560,0,75463,A,B,88800,200,
600059.SH,600059,20251209,91507700,0,77834,A,S,91500,10900,
600059.SH,600059,20251209,91507700,0,78710,A,S,97000,300,
600059.SH,600059,20251209,91507700,0,78734,A,S,100200,200,
600059.SH,600059,20251209,91507860,0,79339,A,S,99400,100,
600059.SH,600059,20251209,91507860,0,79506,A,S,94700,3000,
600059.SH,600059,20251209,91507860,0,79660,A,S,100200,100,
600059.SH,600059,20251209,91507860,0,79938,A,S,99700,100,
600059.SH,600059,20251209,91507860,0,80491,A,S,100200,200,
600059.SH,600059,20251209,91508000,0,82139,A,S,100200,5000,
600059.SH,600059,20251209,91508000,0,82160,A,S,100100,5000,
600059.SH,600059,20251209,91508120,0,82975,A,S,95500,20000,
600059.SH,600059,20251209,91508120,0,83553,A,S,94200,1500,
600059.SH,600059,20251209,91508120,0,83738,A,S,92500,2000,
600059.SH,600059,20251209,91508120,0,83739,A,S,92700,2000,
600059.SH,600059,20251209,91508120,0,83740,A,S,92900,2000,
600059.SH,600059,20251209,91508260,0,84655,A,S,99700,100,
600059.SH,600059,20251209,91508260,0,85085,A,S,100200,2000,
600059.SH,600059,20251209,91508550,0,86772,A,S,92900,200,
600059.SH,600059,20251209,91508550,0,86784,A,S,100200,500,
600059.SH,600059,20251209,91508590,0,87219,A,B,89900,500,
600059.SH,600059,20251209,91508700,0,88564,A,B,88200,500,
600059.SH,600059,20251209,91508760,0,89204,A,S,100000,1300,
600059.SH,600059,20251209,91508930,0,89894,A,B,85100,2000,
600059.SH,600059,20251209,91509200,0,92167,A,S,99800,100,
600059.SH,600059,20251209,91509310,0,92342,A,B,91000,100,
600059.SH,600059,20251209,91509320,0,92537,A,B,84500,400,
600059.SH,600059,20251209,91509320,0,92538,A,B,85000,300,
600059.SH,600059,20251209,91509320,0,92539,A,B,85500,300,
600059.SH,600059,20251209,91509320,0,92802,A,S,100200,5000,
600059.SH,600059,20251209,91509320,0,92803,A,S,100200,3500,
600059.SH,600059,20251209,91509390,0,93264,A,S,93700,2000,
600059.SH,600059,20251209,91509490,0,93845,A,S,100000,100,
600059.SH,600059,20251209,91509590,0,94677,A,S,100000,2000,
600059.SH,600059,20251209,91509590,0,94721,A,S,91500,1500,
600059.SH,600059,20251209,91509590,0,94722,A,S,91900,2000,
600059.SH,600059,20251209,91509590,0,94723,A,S,92400,2000,
600059.SH,600059,20251209,91509590,0,94820,A,S,92900,2000,
600059.SH,600059,20251209,91509590,0,94821,A,S,93400,3000,
600059.SH,600059,20251209,91509590,0,94822,A,S,93900,3000,
600059.SH,600059,20251209,91509590,0,94823,A,S,94300,3000,
600059.SH,600059,20251209,91509590,0,94824,A,S,94800,4000,
600059.SH,600059,20251209,91509590,0,94825,A,S,95300,4000,
600059.SH,600059,20251209,91509650,0,95247,A,B,82000,1000,
600059.SH,600059,20251209,91509650,0,95318,A,S,99800,1500,
600059.SH,600059,20251209,91509780,0,95725,A,B,82000,1000,
600059.SH,600059,20251209,91509780,0,96026,A,B,89200,100,
600059.SH,600059,20251209,91509780,0,96054,A,S,100200,500,
600059.SH,600059,20251209,91509840,0,96561,A,S,94300,8300,
600059.SH,600059,20251209,91509840,0,96562,A,S,94800,8400,
600059.SH,600059,20251209,91509840,0,96563,A,S,95000,8400,
600059.SH,600059,20251209,91509840,0,96567,A,S,95100,4200,
600059.SH,600059,20251209,91509840,0,96568,A,S,95200,4200,
600059.SH,600059,20251209,91510320,0,100287,A,B,90500,1000,
600059.SH,600059,20251209,91510320,0,100288,A,B,90300,1000,
600059.SH,600059,20251209,91510320,0,100292,A,B,90100,1000,
600059.SH,600059,20251209,91510320,0,100295,A,B,89900,1000,
600059.SH,600059,20251209,91510320,0,100296,A,B,89700,1000,
600059.SH,600059,20251209,91510320,0,100298,A,B,89500,1000,
600059.SH,600059,20251209,91510320,0,100311,A,B,89300,1000,
600059.SH,600059,20251209,91510320,0,100312,A,B,89100,1000,
600059.SH,600059,20251209,91510320,0,100313,A,S,91600,1000,
600059.SH,600059,20251209,91510320,0,100315,A,S,92100,1000,
600059.SH,600059,20251209,91510320,0,100319,A,S,92600,1000,
600059.SH,600059,20251209,91510320,0,100320,A,S,93100,1000,
600059.SH,600059,20251209,91510320,0,100321,A,S,93600,1000,
600059.SH,600059,20251209,91510320,0,100326,A,S,94100,1000,
600059.SH,600059,20251209,91510320,0,100327,A,S,94600,1000,
600059.SH,600059,20251209,91510320,0,100328,A,S,95100,1000,
600059.SH,600059,20251209,91510320,0,100329,A,S,95600,1000,
600059.SH,600059,20251209,91510320,0,100330,A,S,96100,1000,
600059.SH,600059,20251209,91510320,0,100331,A,S,96600,1000,
600059.SH,600059,20251209,91510320,0,100332,A,S,97100,1000,
600059.SH,600059,20251209,91510320,0,100333,A,S,97600,1000,
600059.SH,600059,20251209,91510320,0,100334,A,S,98100,1000,
600059.SH,600059,20251209,91510320,0,100335,A,S,98600,1000,
600059.SH,600059,20251209,91510320,0,100336,A,S,99100,1000,
600059.SH,600059,20251209,91510320,0,100337,A,S,99600,1000,
600059.SH,600059,20251209,91510320,0,100338,A,S,100100,1000,
600059.SH,600059,20251209,91510320,0,100451,A,S,100100,800,
600059.SH,600059,20251209,91510320,0,101237,A,B,88100,500,
600059.SH,600059,20251209,91510530,0,102058,A,B,89100,600,
600059.SH,600059,20251209,91510530,0,102106,A,S,96900,20500,
600059.SH,600059,20251209,91510530,0,102856,A,B,90700,9000,
600059.SH,600059,20251209,91510640,0,103500,A,S,100000,2000,
600059.SH,600059,20251209,91510640,0,103722,A,S,93500,900,
600059.SH,600059,20251209,91510640,0,104431,A,S,95000,500,
600059.SH,600059,20251209,91510770,0,105338,A,S,94000,3000,
600059.SH,600059,20251209,91510770,0,105663,A,S,95000,4000,
600059.SH,600059,20251209,91510770,0,105773,A,S,92600,500,
600059.SH,600059,20251209,91510770,0,105774,A,S,94200,500,
600059.SH,600059,20251209,91510770,0,105775,A,S,95600,500,
600059.SH,600059,20251209,91510770,0,106642,A,S,96600,400,
600059.SH,600059,20251209,91510910,0,106756,A,B,90300,1000,
600059.SH,600059,20251209,91510910,0,107246,A,S,96000,5000,
600059.SH,600059,20251209,91510910,0,107250,A,S,97000,5000,
600059.SH,600059,20251209,91510910,0,108323,A,S,100000,3100,
600059.SH,600059,20251209,91511080,0,108925,A,B,89700,100,
600059.SH,600059,20251209,91511430,0,113445,A,S,92800,300,
600059.SH,600059,20251209,91511430,0,113704,A,S,91700,300,
600059.SH,600059,20251209,91511430,0,113734,A,S,92300,300,
600059.SH,600059,20251209,91511430,0,113852,A,B,89700,300,
600059.SH,600059,20251209,91511600,0,115468,A,B,90300,100,
600059.SH,600059,20251209,91511600,0,115783,A,S,96500,5000,
600059.SH,600059,20251209,91511760,0,116478,A,S,92600,1000,
600059.SH,600059,20251209,91511760,0,116484,A,S,93600,1500,
600059.SH,600059,20251209,91511760,0,116607,A,S,96800,1000,
600059.SH,600059,20251209,91511760,0,116790,A,B,88500,500,
600059.SH,600059,20251209,91511760,0,118114,A,S,94500,1000,
600059.SH,600059,20251209,91511930,0,119248,A,S,91100,500,
600059.SH,600059,20251209,91512100,0,121675,A,B,87300,400,
600059.SH,600059,20251209,91512100,0,121936,A,S,95900,500,
600059.SH,600059,20251209,91512100,0,122010,A,B,89000,500,
600059.SH,600059,20251209,91512100,0,122042,A,B,90100,700,
600059.SH,600059,20251209,91512100,0,122052,A,B,87900,1000,
600059.SH,600059,20251209,91512100,0,122275,A,S,92100,600,
600059.SH,600059,20251209,91512250,0,123355,A,S,100200,500,
600059.SH,600059,20251209,91512250,0,123994,A,S,96600,1000,
600059.SH,600059,20251209,91512250,0,123995,A,S,98600,1000,
600059.SH,600059,20251209,91512250,0,123996,A,B,90800,1000,
600059.SH,600059,20251209,91512430,0,125257,A,S,96900,1000,
600059.SH,600059,20251209,91512430,0,126025,A,B,90800,1000,
600059.SH,600059,20251209,91512600,0,127070,A,S,97900,2000,
600059.SH,600059,20251209,91512780,0,128963,A,S,98900,4000,
600059.SH,600059,20251209,91512780,0,128964,A,S,99900,4000,
600059.SH,600059,20251209,91512780,0,128965,A,S,96600,500,
600059.SH,600059,20251209,91512780,0,129104,A,B,89500,5000,
600059.SH,600059,20251209,91512780,0,129118,A,S,98500,4500,
600059.SH,600059,20251209,91512880,0,129522,A,S,97700,500,
600059.SH,600059,20251209,91512880,0,129702,A,S,91400,5100,
600059.SH,600059,20251209,91512880,0,129703,A,B,90000,5800,
600059.SH,600059,20251209,91512880,0,129850,A,S,92000,19500,
600059.SH,600059,20251209,91512880,0,129853,A,B,90200,100,
600059.SH,600059,20251209,91512990,0,130120,A,S,97000,3000,
600059.SH,600059,20251209,91512990,0,130237,A,B,90100,1000,
600059.SH,600059,20251209,91512990,0,130251,A,B,89900,1000,
600059.SH,600059,20251209,91512990,0,130264,A,S,91600,1000,
600059.SH,600059,20251209,91512990,0,130518,A,S,100200,3000,
600059.SH,600059,20251209,91512990,0,130823,A,S,99000,800,
600059.SH,600059,20251209,91512990,0,131002,A,S,100200,5000,
600059.SH,600059,20251209,91512990,0,131191,A,S,91600,1000,
600059.SH,600059,20251209,91512990,0,131192,A,S,92100,1000,
600059.SH,600059,20251209,91512990,0,131195,A,S,92100,1000,
600059.SH,600059,20251209,91512990,0,131929,A,S,93700,3800,
600059.SH,600059,20251209,91513210,0,132630,A,S,96800,4200,
600059.SH,600059,20251209,91513210,0,133551,A,S,98100,500,
600059.SH,600059,20251209,91513210,0,133647,A,S,100200,8600,
600059.SH,600059,20251209,91513500,0,135769,A,B,85000,200,
600059.SH,600059,20251209,91513500,0,135870,A,B,90500,1000,
600059.SH,600059,20251209,91513500,0,136681,A,S,92600,1000,
600059.SH,600059,20251209,91513500,0,136685,A,S,92600,1000,
600059.SH,600059,20251209,91513500,0,136702,A,S,93100,1000,
600059.SH,600059,20251209,91513500,0,136776,A,S,93100,1000,
600059.SH,600059,20251209,91513500,0,136782,A,S,93600,1000,
600059.SH,600059,20251209,91513500,0,136797,A,S,93600,1000,
600059.SH,600059,20251209,91513500,0,136803,A,S,94100,1000,
600059.SH,600059,20251209,91513500,0,136806,A,S,96800,2800,
600059.SH,600059,20251209,91513500,0,136807,A,S,94800,2800,
600059.SH,600059,20251209,91513500,0,136810,A,S,91700,2800,
600059.SH,600059,20251209,91513660,0,138495,A,S,95000,100,
600059.SH,600059,20251209,91513660,0,138496,A,S,96000,100,
600059.SH,600059,20251209,91513660,0,138499,A,S,98000,100,
600059.SH,600059,20251209,91513660,0,138569,A,B,90000,4000,
600059.SH,600059,20251209,91513660,0,138570,A,B,88600,4000,
600059.SH,600059,20251209,91513660,0,138571,A,B,89200,3700,
600059.SH,600059,20251209,91513660,0,139197,A,S,93000,2000,
600059.SH,600059,20251209,91513850,0,139726,A,S,94100,1000,
600059.SH,600059,20251209,91513850,0,140142,A,S,94600,1000,
600059.SH,600059,20251209,91513850,0,140146,A,S,94600,1000,
600059.SH,600059,20251209,91513850,0,140230,A,S,95100,1000,
600059.SH,600059,20251209,91513850,0,140237,A,S,91600,2000,
600059.SH,600059,20251209,91513850,0,140238,A,S,95100,1000,
600059.SH,600059,20251209,91513850,0,140419,A,B,90100,2500,
600059.SH,600059,20251209,91514040,0,141400,A,S,95600,1000,
600059.SH,600059,20251209,91514040,0,142198,A,S,99900,800,
600059.SH,600059,20251209,91514160,0,143068,A,B,88200,300,
600059.SH,600059,20251209,91514160,0,143126,A,S,93000,17000,
600059.SH,600059,20251209,91514160,0,143127,A,S,94000,6700,
600059.SH,600059,20251209,91514160,0,143740,A,S,92100,2000,
600059.SH,600059,20251209,91514160,0,143891,A,S,96500,2000,
600059.SH,600059,20251209,91514310,0,144662,A,S,95000,2000,
600059.SH,600059,20251209,91514310,0,144906,A,S,93000,2000,
600059.SH,600059,20251209,91514310,0,145125,A,B,90600,2000,
600059.SH,600059,20251209,91514310,0,145208,A,S,100200,500,
600059.SH,600059,20251209,91514310,0,145431,A,S,92800,1400,
600059.SH,600059,20251209,91514310,0,145436,A,B,90600,1000,
600059.SH,600059,20251209,91514500,0,146538,A,S,100200,600,
600059.SH,600059,20251209,91514500,0,147557,A,B,90500,30000,
600059.SH,600059,20251209,91514670,0,148574,A,B,90500,1000,
600059.SH,600059,20251209,91514670,0,149472,A,S,96000,500,
600059.SH,600059,20251209,91514850,0,151312,A,S,97800,1000,
600059.SH,600059,20251209,91514850,0,151332,A,B,86000,500,
600059.SH,600059,20251209,91515040,0,153405,A,S,100200,700,
600059.SH,600059,20251209,91515260,0,155141,A,B,83100,10000,
600059.SH,600059,20251209,91515590,0,158691,A,B,87000,600,
600059.SH,600059,20251209,91515590,0,158692,A,B,82000,800,
600059.SH,600059,20251209,91515590,0,158721,A,B,88000,100,
600059.SH,600059,20251209,91515590,0,159029,A,S,99800,900,
600059.SH,600059,20251209,91515590,0,159128,A,S,92600,500,
600059.SH,600059,20251209,91515590,0,159129,A,S,93600,500,
600059.SH,600059,20251209,91515590,0,159971,A,S,100100,2500,
600059.SH,600059,20251209,91515590,0,159987,A,B,91000,600,
600059.SH,600059,20251209,91515770,0,159993,A,B,92900,200,
600059.SH,600059,20251209,91515770,0,160494,A,S,92000,1200,
600059.SH,600059,20251209,91515770,0,160706,A,S,100200,12300,
600059.SH,600059,20251209,91515770,0,160804,A,B,90200,100,
600059.SH,600059,20251209,91515770,0,160805,A,B,89900,100,
600059.SH,600059,20251209,91515770,0,161196,A,B,90100,1100,
600059.SH,600059,20251209,91515770,0,161197,A,S,93900,1100,
600059.SH,600059,20251209,91515770,0,161198,A,S,94500,1500,
600059.SH,600059,20251209,91515770,0,161199,A,S,94800,1200,
600059.SH,600059,20251209,91515770,0,161200,A,S,95500,1500,
600059.SH,600059,20251209,91515770,0,161203,A,S,95800,1500,
600059.SH,600059,20251209,91515770,0,161205,A,S,96700,2000,
600059.SH,600059,20251209,91515770,0,161350,A,S,97700,2000,
600059.SH,600059,20251209,91515770,0,161351,A,S,98600,2000,
600059.SH,600059,20251209,91515770,0,161352,A,S,99800,2000,
600059.SH,600059,20251209,91515770,0,161385,A,B,90500,300,
600059.SH,600059,20251209,91515770,0,161759,A,S,94000,500,
600059.SH,600059,20251209,91515950,0,161894,A,S,95000,500,
600059.SH,600059,20251209,91515950,0,162017,A,S,96000,500,
600059.SH,600059,20251209,91515950,0,162557,A,S,93000,2300,
600059.SH,600059,20251209,91515950,0,163057,A,S,95000,3000,
600059.SH,600059,20251209,91515950,0,163085,A,S,95500,5000,
600059.SH,600059,20251209,91515950,0,163292,A,S,91900,25000,
600059.SH,600059,20251209,91516100,0,163457,A,S,92800,2400,
600059.SH,600059,20251209,91516100,0,163514,A,B,90500,1000,
600059.SH,600059,20251209,91516100,0,163552,A,B,90500,100,
600059.SH,600059,20251209,91516100,0,163785,A,B,89000,100,
600059.SH,600059,20251209,91516100,0,163888,A,S,91500,100,
600059.SH,600059,20251209,91516100,0,163916,A,S,93500,4000,
600059.SH,600059,20251209,91516100,0,164778,A,B,89800,600,
600059.SH,600059,20251209,91516290,0,166394,A,B,89600,100,
600059.SH,600059,20251209,91516290,0,166437,A,B,90800,100,
600059.SH,600059,20251209,91516290,0,166586,A,B,89300,100,
600059.SH,600059,20251209,91516290,0,166591,A,B,88700,100,
600059.SH,600059,20251209,91516290,0,166593,A,B,88400,100,
600059.SH,600059,20251209,91516570,0,167897,A,S,93100,1000,
600059.SH,600059,20251209,91516570,0,168167,A,S,94500,3000,
600059.SH,600059,20251209,91516570,0,168732,A,S,88300,700,
600059.SH,600059,20251209,91516570,0,169221,A,B,89300,600,
600059.SH,600059,20251209,91516570,0,169427,A,B,90900,100,
600059.SH,600059,20251209,91516800,0,170324,A,B,90000,3700,
600059.SH,600059,20251209,91516800,0,170728,A,B,88800,1000,
600059.SH,600059,20251209,91516800,0,170894,A,B,90400,500,
600059.SH,600059,20251209,91517030,0,172062,A,S,99700,1000,
600059.SH,600059,20251209,91517030,0,173130,A,S,99800,2000,
600059.SH,600059,20251209,91517030,0,173131,A,S,95800,2000,
600059.SH,600059,20251209,91517030,0,173218,A,S,100000,300,
600059.SH,600059,20251209,91517030,0,173317,A,S,99000,100,
600059.SH,600059,20251209,91517030,0,173339,A,S,95300,1000,
600059.SH,600059,20251209,91517030,0,173340,A,S,99900,1000,
600059.SH,600059,20251209,91517170,0,173808,A,S,92600,2000,
600059.SH,600059,20251209,91517170,0,173811,A,S,96100,1000,
600059.SH,600059,20251209,91517170,0,173932,A,B,82100,5000,
600059.SH,600059,20251209,91517170,0,174121,A,B,91100,100,
600059.SH,600059,20251209,91517170,0,174122,A,B,90300,100,
600059.SH,600059,20251209,91517170,0,174123,A,B,89300,100,
600059.SH,600059,20251209,91517170,0,174124,A,S,96800,300,
600059.SH,600059,20251209,91517170,0,21510,D,S,99900,1000,
600059.SH,600059,20251209,91517170,0,174853,A,B,90200,1000,
600059.SH,600059,20251209,91517350,0,175815,A,S,99900,1000,
600059.SH,600059,20251209,91517350,0,176533,A,S,93100,2000,
600059.SH,600059,20251209,91517350,0,176628,A,S,92000,4000,
600059.SH,600059,20251209,91517350,0,176629,A,S,93300,5000,
600059.SH,600059,20251209,91517350,0,176630,A,S,94800,5000,
600059.SH,600059,20251209,91517350,0,176753,A,B,90900,200,
600059.SH,600059,20251209,91517350,0,177196,A,S,91600,2300,
600059.SH,600059,20251209,91517520,0,177326,A,S,96600,1000,
600059.SH,600059,20251209,91517520,0,177851,A,B,89900,1000,
600059.SH,600059,20251209,91517520,0,178107,A,S,91000,3000,
600059.SH,600059,20251209,91517520,0,178170,A,B,82000,150000,
600059.SH,600059,20251209,91517520,0,178417,A,B,82000,25000,
600059.SH,600059,20251209,91517520,0,178428,A,B,90600,1000,
600059.SH,600059,20251209,91517520,0,178429,A,B,90200,1000,
600059.SH,600059,20251209,91517520,0,178434,A,B,89800,1000,
600059.SH,600059,20251209,91517520,0,178914,A,S,95300,4000,
600059.SH,600059,20251209,91517710,0,179187,A,B,90600,500,
600059.SH,600059,20251209,91517710,0,179191,A,B,90100,500,
600059.SH,600059,20251209,91517710,0,179192,A,B,89700,1000,
600059.SH,600059,20251209,91517710,0,179623,A,S,100200,4400,
600059.SH,600059,20251209,91517710,0,179911,A,B,87800,800,
600059.SH,600059,20251209,91517710,0,179914,A,B,82000,100,
600059.SH,600059,20251209,91517710,0,179933,A,S,99900,2000,
600059.SH,600059,20251209,91517710,0,180127,A,S,93600,2000,
600059.SH,600059,20251209,91517710,0,180130,A,S,97100,1000,
600059.SH,600059,20251209,91517710,0,180424,A,S,95800,500,
600059.SH,600059,20251209,91517710,0,180439,A,B,87800,500,
600059.SH,600059,20251209,91517890,0,181323,A,B,90400,1000,
600059.SH,600059,20251209,91517890,0,181750,A,B,85000,500,
600059.SH,600059,20251209,91517890,0,181760,A,S,92500,1000,
600059.SH,600059,20251209,91517890,0,181779,A,S,94100,2000,
600059.SH,600059,20251209,91517890,0,182281,A,B,90500,2000,
600059.SH,600059,20251209,91518250,0,185179,A,B,90300,2000,
600059.SH,600059,20251209,91518340,0,185450,A,B,90100,2000,
600059.SH,600059,20251209,91518340,0,187339,A,S,99000,500,
600059.SH,600059,20251209,91518520,0,187388,A,B,89900,2000,
600059.SH,600059,20251209,91518520,0,188086,A,S,100000,1000,
600059.SH,600059,20251209,91518630,0,188490,A,S,96800,200,
600059.SH,600059,20251209,91518630,0,188491,A,S,98500,200,
600059.SH,600059,20251209,91518630,0,188492,A,S,100200,300,
600059.SH,600059,20251209,91518630,0,189148,A,B,89700,2000,
600059.SH,600059,20251209,91518630,0,189366,A,B,89500,2000,
600059.SH,600059,20251209,91518630,0,189408,A,S,100200,400,
600059.SH,600059,20251209,91518830,0,191007,A,S,100000,400,
600059.SH,600059,20251209,91518830,0,191758,A,S,95100,800,
600059.SH,600059,20251209,91518830,0,191840,A,S,97700,800,
600059.SH,600059,20251209,91518830,0,191909,A,B,83000,300,
600059.SH,600059,20251209,91519030,0,192253,A,B,89300,2000,
600059.SH,600059,20251209,91519030,0,192580,A,S,95500,2000,
600059.SH,600059,20251209,91519030,0,192791,A,S,98400,800,
600059.SH,600059,20251209,91519110,0,193051,A,B,88400,1100,
600059.SH,600059,20251209,91519110,0,193487,A,B,90900,9500,
600059.SH,600059,20251209,91519110,0,194665,A,B,89100,2000,
600059.SH,600059,20251209,91519500,0,196750,A,S,100100,500,
600059.SH,600059,20251209,91519500,0,197697,A,S,93800,3300,
600059.SH,600059,20251209,91519690,0,199252,A,S,93000,1200,
600059.SH,600059,20251209,91519690,0,199277,A,B,90900,10000,
600059.SH,600059,20251209,91519890,0,200884,A,S,92400,200,
600059.SH,600059,20251209,91519890,0,201059,A,S,98000,3000,
600059.SH,600059,20251209,91519890,0,202123,A,S,93800,2000,
600059.SH,600059,20251209,91519890,0,202127,A,B,90700,300,
600059.SH,600059,20251209,91520080,0,203048,A,S,100200,500,
600059.SH,600059,20251209,91520340,0,204438,A,S,93200,400,
600059.SH,600059,20251209,91520380,0,205173,A,S,92300,100,
600059.SH,600059,20251209,91520380,0,205970,A,S,94700,100,
600059.SH,600059,20251209,91520380,0,205971,A,B,88700,100,
600059.SH,600059,20251209,91520560,0,207267,A,S,95500,500,
600059.SH,600059,20251209,91520660,0,207489,A,S,98800,1000,
600059.SH,600059,20251209,91520660,0,207490,A,S,100000,1300,
600059.SH,600059,20251209,91520660,0,209019,A,S,100000,1000,
600059.SH,600059,20251209,91520660,0,209050,A,S,93500,200,
600059.SH,600059,20251209,91520660,0,209059,A,B,90000,200,
600059.SH,600059,20251209,91520950,0,210264,A,S,98500,200,
600059.SH,600059,20251209,91521140,0,212140,A,S,100200,700,
600059.SH,600059,20251209,91521140,0,212754,A,B,84600,5000,
600059.SH,600059,20251209,91521140,0,213284,A,S,93800,4000,
600059.SH,600059,20251209,91521140,0,213492,A,S,92800,1000,
600059.SH,600059,20251209,91521140,0,213494,A,S,93800,1000,
600059.SH,600059,20251209,91521140,0,213542,A,S,94800,1000,
600059.SH,600059,20251209,91521140,0,213543,A,S,95800,1000,
600059.SH,600059,20251209,91521140,0,213544,A,S,96800,1000,
600059.SH,600059,20251209,91521320,0,213833,A,B,89800,1000,
600059.SH,600059,20251209,91521320,0,213913,A,B,88800,1000,
600059.SH,600059,20251209,91521320,0,213948,A,B,87800,1000,
600059.SH,600059,20251209,91521320,0,213949,A,B,86800,1000,
600059.SH,600059,20251209,91521320,0,213950,A,B,85800,1000,
600059.SH,600059,20251209,91521420,0,214746,A,S,92500,200,
600059.SH,600059,20251209,91521420,0,214774,A,S,100200,1000,
600059.SH,600059,20251209,91521420,0,214955,A,S,95000,500,
600059.SH,600059,20251209,91521420,0,214964,A,S,96500,400,
600059.SH,600059,20251209,91521420,0,215634,A,S,98700,1400,
600059.SH,600059,20251209,91521790,0,218400,A,S,100200,1000,
600059.SH,600059,20251209,91521790,0,218560,A,B,92100,200,
600059.SH,600059,20251209,91521790,0,218723,A,S,100000,14000,
600059.SH,600059,20251209,91521790,0,219273,A,S,91500,2000,
600059.SH,600059,20251209,91521980,0,221768,A,B,89500,400,
600059.SH,600059,20251209,91522150,0,222120,A,S,93400,3000,
600059.SH,600059,20251209,91522150,0,222176,A,S,93900,3000,
600059.SH,600059,20251209,91522150,0,222481,A,S,100100,700,
600059.SH,600059,20251209,91522150,0,222516,A,S,98000,800,
600059.SH,600059,20251209,91522150,0,223129,A,S,98700,800,
600059.SH,600059,20251209,91522570,0,225057,A,B,86900,500,
600059.SH,600059,20251209,91522570,0,225495,A,S,99800,9600,
600059.SH,600059,20251209,91522570,0,225942,A,S,96600,2000,
600059.SH,600059,20251209,91522820,0,227447,A,S,100200,100,
600059.SH,600059,20251209,91522820,0,227751,A,S,95000,500,
600059.SH,600059,20251209,91522820,0,228346,A,S,100000,100,
600059.SH,600059,20251209,91523010,0,229360,A,B,90400,100,
600059.SH,600059,20251209,91523010,0,229394,A,B,90300,100,
600059.SH,600059,20251209,91523010,0,229863,A,B,90500,100,
600059.SH,600059,20251209,91523140,0,230753,A,S,91800,700,
600059.SH,600059,20251209,91523140,0,231326,A,S,100000,1000,
600059.SH,600059,20251209,91523140,0,231716,A,S,92000,1000,
600059.SH,600059,20251209,91523340,0,232502,A,S,100200,200,
600059.SH,600059,20251209,91523340,0,233211,A,S,91700,12000,
600059.SH,600059,20251209,91523690,0,235537,A,B,83000,1500,
600059.SH,600059,20251209,91523690,0,235562,A,S,98400,1500,
600059.SH,600059,20251209,91523870,0,236927,A,S,98600,9700,
600059.SH,600059,20251209,91523960,0,237326,A,B,89300,11500,
600059.SH,600059,20251209,91524050,0,239426,A,S,92600,2000,
600059.SH,600059,20251209,91524280,0,240948,A,S,91600,1000,
600059.SH,600059,20251209,91524280,0,240981,A,S,92100,1000,
600059.SH,600059,20251209,91524280,0,241025,A,S,92600,1000,
600059.SH,600059,20251209,91524280,0,241061,A,S,93100,1000,
600059.SH,600059,20251209,91524280,0,241131,A,S,95800,2300,
600059.SH,600059,20251209,91524280,0,241150,A,S,100200,3000,
600059.SH,600059,20251209,91524490,0,242135,A,S,100200,10000,
600059.SH,600059,20251209,91524490,0,242264,A,S,93000,16200,
600059.SH,600059,20251209,91524580,0,242464,A,B,90000,200,
600059.SH,600059,20251209,91524580,0,242615,A,S,100200,10000,
600059.SH,600059,20251209,91524650,0,243078,A,B,90000,500,
600059.SH,600059,20251209,91533790,0,245983,A,S,91500,100,
600059.SH,600059,20251209,91537000,0,246806,A,B,89500,1000,
600059.SH,600059,20251209,91537960,0,247053,A,S,99000,14000,
600059.SH,600059,20251209,91539810,0,247579,A,S,92000,100,
600059.SH,600059,20251209,91541610,0,248143,A,B,90800,10000,
600059.SH,600059,20251209,91542320,0,248310,A,S,91800,200,
600059.SH,600059,20251209,91542320,0,248311,A,B,89000,200,
600059.SH,600059,20251209,91545920,0,249259,A,S,93100,100,
600059.SH,600059,20251209,91545920,0,249260,A,B,89500,100,
600059.SH,600059,20251209,91545960,0,249270,A,S,92500,100,
600059.SH,600059,20251209,91545980,0,249290,A,S,92400,200,
600059.SH,600059,20251209,91545980,0,249291,A,B,90000,200,
600059.SH,600059,20251209,91546870,0,249554,A,S,93000,500,
600059.SH,600059,20251209,91546870,0,249555,A,B,90000,500,
600059.SH,600059,20251209,91552060,0,250981,A,S,93000,100,
600059.SH,600059,20251209,91555080,0,251796,A,B,89500,400,
600059.SH,600059,20251209,91555080,0,251797,A,S,91700,400,
600059.SH,600059,20251209,91558050,0,252658,A,S,93500,100,
600059.SH,600059,20251209,91600020,0,253183,A,S,98000,14100,
600059.SH,600059,20251209,91604020,0,254396,A,S,97600,1000,
600059.SH,600059,20251209,91604020,0,254397,A,B,86000,1000,
600059.SH,600059,20251209,91604300,0,254551,A,B,90500,100,
600059.SH,600059,20251209,91608870,0,255744,A,B,82000,20000,
600059.SH,600059,20251209,91610190,0,255976,A,B,90000,100,
600059.SH,600059,20251209,91623230,0,257716,A,B,90600,5000,
600059.SH,600059,20251209,91628380,0,258459,A,B,82500,700,
600059.SH,600059,20251209,91632800,0,259212,A,S,96000,400,
600059.SH,600059,20251209,91636380,0,259715,A,B,90800,10000,
600059.SH,600059,20251209,91647050,0,261260,A,B,90000,900,
600059.SH,600059,20251209,91654020,0,262254,A,S,91200,2700,
600059.SH,600059,20251209,91700230,0,263210,A,S,91500,3600,
600059.SH,600059,20251209,91701840,0,263551,A,B,90000,1100,
600059.SH,600059,20251209,91721840,0,266819,A,S,100200,2000,
600059.SH,600059,20251209,91722710,0,266978,A,S,100200,500,
600059.SH,600059,20251209,91729640,0,268182,A,S,100200,10000,
600059.SH,600059,20251209,91731940,0,268533,A,S,93900,1200,
600059.SH,600059,20251209,91736490,0,269318,A,S,92700,2000,
600059.SH,600059,20251209,91739590,0,269864,A,B,90900,100,
600059.SH,600059,20251209,91743310,0,270542,A,B,91000,500,
600059.SH,600059,20251209,91745330,0,270849,A,S,94500,1200,
600059.SH,600059,20251209,91759280,0,273335,A,S,94800,1500,
600059.SH,600059,20251209,91759790,0,273415,A,S,100000,4200,
600059.SH,600059,20251209,91800250,0,273486,A,B,95600,100,
600059.SH,600059,20251209,91811880,0,275676,A,S,95600,1500,
600059.SH,600059,20251209,91824160,0,277931,A,S,96800,2000,
600059.SH,600059,20251209,91836490,0,280231,A,S,97700,2000,
600059.SH,600059,20251209,91846550,0,282069,A,B,90500,10000,
600059.SH,600059,20251209,91848440,0,282409,A,B,88800,200,
600059.SH,600059,20251209,91849330,0,282579,A,B,91000,2000,
600059.SH,600059,20251209,91849590,0,282626,A,S,98600,2000,
600059.SH,600059,20251209,91858690,0,284327,A,S,99900,1100,
600059.SH,600059,20251209,91903720,0,285354,A,B,83000,2000,
600059.SH,600059,20251209,91904010,0,285406,A,S,99800,2000,
600059.SH,600059,20251209,91924120,0,289440,A,B,91000,200,
600059.SH,600059,20251209,91931990,0,289440,D,B,91000,200,
600059.SH,600059,20251209,91937290,0,292097,A,S,93600,2500,
600059.SH,600059,20251209,91952500,0,295256,A,B,92900,100,
600059.SH,600059,20251209,91955350,0,295884,A,B,88800,100,
600059.SH,600059,20251209,91955860,0,296002,A,S,99900,7500,
600059.SH,600059,20251209,91957510,0,296403,A,S,99900,500,
600059.SH,600059,20251209,92005800,0,298721,A,S,91900,7000,
600059.SH,600059,20251209,92008300,0,299318,A,S,93800,1000,
600059.SH,600059,20251209,92009070,0,299523,A,S,100200,10000,
600059.SH,600059,20251209,92010190,0,299793,A,S,99800,10000,
600059.SH,600059,20251209,92011840,0,300185,A,S,96600,500,
600059.SH,600059,20251209,92012470,0,300343,A,S,94600,100,
600059.SH,600059,20251209,92015680,0,301040,A,S,91000,1200,
600059.SH,600059,20251209,92017900,0,301555,A,S,94800,1000,
600059.SH,600059,20251209,92020260,0,302042,A,S,99700,200,
600059.SH,600059,20251209,92020860,0,302171,A,S,94900,6100,
600059.SH,600059,20251209,92023280,0,302697,A,B,89300,600,
600059.SH,600059,20251209,92029900,0,304293,A,S,100100,300,
600059.SH,600059,20251209,92055030,0,310143,A,B,88200,1500,
600059.SH,600059,20251209,92112440,0,314596,A,S,94500,300,
600059.SH,600059,20251209,92115320,0,315275,A,S,95600,3000,
600059.SH,600059,20251209,92118760,0,316146,A,S,92700,3700,
600059.SH,600059,20251209,92132000,0,319433,A,S,94300,3800,
600059.SH,600059,20251209,92143920,0,322527,A,S,96500,3800,
600059.SH,600059,20251209,92146850,0,323319,A,S,100200,3000,
600059.SH,600059,20251209,92149890,0,324098,A,S,90500,2000,
600059.SH,600059,20251209,92151720,0,324563,A,S,95900,1100,
600059.SH,600059,20251209,92153170,0,324979,A,B,90100,3000,
600059.SH,600059,20251209,92154840,0,325428,A,S,100200,500,
600059.SH,600059,20251209,92155380,0,325596,A,B,90900,2000,
600059.SH,600059,20251209,92155840,0,325725,A,S,100200,3000,
600059.SH,600059,20251209,92201890,0,327549,A,B,90700,2000,
600059.SH,600059,20251209,92202370,0,327704,A,B,88800,500,
600059.SH,600059,20251209,92204310,0,328282,A,S,98000,2500,
600059.SH,600059,20251209,92209160,0,329581,A,B,90500,2000,
600059.SH,600059,20251209,92214560,0,330998,A,S,99900,3700,
600059.SH,600059,20251209,92216440,0,331583,A,B,90100,2000,
600059.SH,600059,20251209,92230440,0,335597,A,B,90500,2500,
600059.SH,600059,20251209,92234850,0,336913,A,S,93400,6000,
600059.SH,600059,20251209,92242980,0,339317,A,S,100200,300,
600059.SH,600059,20251209,92244860,0,339833,A,S,99700,300,
600059.SH,600059,20251209,92245840,0,340122,A,S,99800,500,
600059.SH,600059,20251209,92247720,0,340684,A,B,90800,500,
600059.SH,600059,20251209,92250990,0,341615,A,B,86000,1000,
600059.SH,600059,20251209,92301000,0,344655,A,B,89000,1000,
600059.SH,600059,20251209,92309750,0,347511,A,S,91600,500,
600059.SH,600059,20251209,92316020,0,349518,A,S,91000,4000,
600059.SH,600059,20251209,92320250,0,351043,A,S,96800,1000,
600059.SH,600059,20251209,92332260,0,355057,A,S,100200,4000,
600059.SH,600059,20251209,92333200,0,355390,A,S,91600,1000,
600059.SH,600059,20251209,92343560,0,359062,A,S,97000,800,
600059.SH,600059,20251209,92343760,0,359123,A,S,96200,3000,
600059.SH,600059,20251209,92344270,0,359357,A,S,92100,1000,
600059.SH,600059,20251209,92347760,0,360659,A,S,91500,1000,
600059.SH,600059,20251209,92353490,0,362704,A,S,99500,5000,
600059.SH,600059,20251209,92356670,0,363927,A,B,90500,1000,
600059.SH,600059,20251209,92359770,0,365118,A,S,100200,100,
600059.SH,600059,20251209,92400130,0,365356,A,B,95600,100,
600059.SH,600059,20251209,92402480,0,366412,A,S,93600,1000,
600059.SH,600059,20251209,92406720,0,368245,A,S,91200,1000,
600059.SH,600059,20251209,92407250,0,368484,A,B,90700,4800,
600059.SH,600059,20251209,92407690,0,368667,A,S,94500,3000,
600059.SH,600059,20251209,92409530,0,369476,A,S,91400,1000,
600059.SH,600059,20251209,92411900,0,370545,A,S,91600,1000,
600059.SH,600059,20251209,92414200,0,371608,A,S,91800,1000,
600059.SH,600059,20251209,92416520,0,372832,A,S,92000,1000,
600059.SH,600059,20251209,92418820,0,373985,A,S,92200,1000,
600059.SH,600059,20251209,92421120,0,375185,A,S,92400,1000,
600059.SH,600059,20251209,92424930,0,377287,A,S,92600,1000,
600059.SH,600059,20251209,92427160,0,378482,A,S,92800,1000,
600059.SH,600059,20251209,92429710,0,379782,A,S,93000,1000,
600059.SH,600059,20251209,92432040,0,381134,A,S,93200,1000,
600059.SH,600059,20251209,92435540,0,383047,A,S,93400,1000,
600059.SH,600059,20251209,92437570,0,384235,A,S,91300,5000,
600059.SH,600059,20251209,92437970,0,384489,A,S,93600,1000,
600059.SH,600059,20251209,92440700,0,386400,A,S,93800,1000,
600059.SH,600059,20251209,92442710,0,387543,A,S,91000,2600,
600059.SH,600059,20251209,92443120,0,387756,A,S,94000,1000,
600059.SH,600059,20251209,92443610,0,388077,A,B,90900,2100,
600059.SH,600059,20251209,92445480,0,389267,A,S,94200,1000,
600059.SH,600059,20251209,92445530,0,389292,A,S,91400,600,
600059.SH,600059,20251209,92446350,0,389791,A,S,94500,2000,
600059.SH,600059,20251209,92447860,0,390754,A,S,94400,1000,
600059.SH,600059,20251209,92447860,0,390757,A,S,92100,300,
600059.SH,600059,20251209,92449110,0,391695,A,B,90900,400,
600059.SH,600059,20251209,92450970,0,393736,A,S,89400,1700,
600059.SH,600059,20251209,92454280,0,396594,A,B,91900,500,
600059.SH,600059,20251209,92454400,0,396719,A,B,91900,100,
600059.SH,600059,20251209,92455580,0,398185,A,B,91900,100,
600059.SH,600059,20251209,92456390,0,399342,A,B,91900,500,
600059.SH,600059,20251209,92456830,0,400034,A,S,90200,2800,
600059.SH,600059,20251209,92458860,0,404386,A,S,88300,1200,
600059.SH,600059,20251209,92459520,0,406046,A,S,90900,200,
600059.SH,600059,20251209,92459560,0,406301,A,S,90900,200,
600059.SH,600059,20251209,92459610,0,406366,A,S,90900,600,
600059.SH,600059,20251209,92501080,0,0,S,O,0,0,
600059.SH,600059,20251209,93000160,0,408439,A,B,90400,1000,
600059.SH,600059,20251209,93000160,0,242264,D,S,93000,16200,
600059.SH,600059,20251209,93000380,0,409922,A,B,90200,1000,
600059.SH,600059,20251209,93000380,0,409925,A,B,90000,1000,
600059.SH,600059,20251209,93001850,0,411420,A,B,89800,1000,
600059.SH,600059,20251209,93001850,0,411422,A,B,89600,1000,
600059.SH,600059,20251209,93001850,0,411426,A,B,89400,1000,
600059.SH,600059,20251209,93002450,0,301040,D,S,91000,1200,
600059.SH,600059,20251209,93002490,0,413482,A,S,99900,33500,
600059.SH,600059,20251209,93002490,0,413522,A,B,90400,7700,
600059.SH,600059,20251209,93002540,0,414465,A,S,91900,3400,
600059.SH,600059,20251209,93002620,0,415521,A,S,91500,1000,
600059.SH,600059,20251209,93003510,0,425447,A,B,90600,2000,
600059.SH,600059,20251209,93003960,0,430612,A,B,89200,1000,
600059.SH,600059,20251209,93003960,0,430647,A,B,89000,1000,
600059.SH,600059,20251209,93003960,0,430661,A,B,88800,1000,
600059.SH,600059,20251209,93003960,0,430662,A,B,88600,1000,
600059.SH,600059,20251209,93003960,0,430680,A,B,88400,1000,
600059.SH,600059,20251209,93003960,0,430690,A,B,88200,1000,
600059.SH,600059,20251209,93003960,0,430722,A,B,88000,1000,
600059.SH,600059,20251209,93003960,0,430729,A,B,87800,1000,
600059.SH,600059,20251209,93003960,0,430742,A,B,87600,1000,
600059.SH,600059,20251209,93003960,0,430788,A,B,87400,1000,
600059.SH,600059,20251209,93003960,0,430947,A,B,90500,10000,
600059.SH,600059,20251209,93003960,0,431502,A,S,91600,10000,
600059.SH,600059,20251209,93003960,0,431599,A,S,92200,9900,
600059.SH,600059,20251209,93004270,0,434784,A,S,91400,10000,
600059.SH,600059,20251209,93004580,0,437867,A,S,99200,500,
600059.SH,600059,20251209,93004890,0,441410,A,B,83800,1900,
600059.SH,600059,20251209,93004890,0,441803,A,B,90100,2200,
600059.SH,600059,20251209,93005220,0,444935,A,S,91200,2700,
600059.SH,600059,20251209,93005220,0,445450,A,S,96000,22600,
600059.SH,600059,20251209,93005220,0,446381,A,S,91900,1100,
600059.SH,600059,20251209,93005370,0,447000,A,S,94900,5900,
600059.SH,600059,20251209,93005370,0,447306,A,S,91700,2000,
600059.SH,600059,20251209,93005370,0,447334,A,S,92200,2000,
600059.SH,600059,20251209,93005370,0,448089,A,S,91400,500,
600059.SH,600059,20251209,93005530,0,449011,A,S,92500,500,
600059.SH,600059,20251209,93005690,0,451284,A,S,97400,10000,
600059.SH,600059,20251209,93006010,0,453719,A,B,90300,2000,
600059.SH,600059,20251209,93006320,0,458297,A,S,97000,20000,
600059.SH,600059,20251209,93006320,0,458352,A,S,91000,100,
600059.SH,600059,20251209,93006640,0,461688,A,S,93500,200,
600059.SH,600059,20251209,93006930,0,464435,A,S,98700,10000,
600059.SH,600059,20251209,93007080,0,466286,A,B,90000,1500,
600059.SH,600059,20251209,93007590,0,471539,A,B,90600,500,
600059.SH,600059,20251209,93007750,0,473935,A,B,90000,100,
600059.SH,600059,20251209,93008050,0,477206,A,S,98000,400,
600059.SH,600059,20251209,93008210,0,478919,A,B,90900,11000,
600059.SH,600059,20251209,93008210,0,340684,D,B,90800,500,
600059.SH,600059,20251209,93008380,0,480065,A,B,90600,1000,
600059.SH,600059,20251209,93008380,0,480624,A,S,91300,10000,
600059.SH,600059,20251209,93008380,0,481036,A,S,91500,2000,
600059.SH,600059,20251209,93008680,0,483569,A,S,91400,1200,
600059.SH,600059,20251209,93008840,0,485887,A,S,99800,1000,
600059.SH,600059,20251209,93008840,0,486117,A,S,91800,2000,
600059.SH,600059,20251209,93008840,0,486995,A,B,90900,200,
600059.SH,600059,20251209,93009270,0,490157,A,B,90000,300,
600059.SH,600059,20251209,93009600,0,493521,A,S,97000,200,
600059.SH,600059,20251209,93009600,0,493668,A,B,90600,1500,
600059.SH,600059,20251209,93010150,0,498765,A,B,89500,500,
600059.SH,600059,20251209,93010150,0,499934,A,S,94600,500,
600059.SH,600059,20251209,93010430,0,503127,A,S,92500,400,
600059.SH,600059,20251209,93010600,0,504226,A,S,93500,2500,
600059.SH,600059,20251209,93010600,0,505053,A,S,100000,3000,
600059.SH,600059,20251209,93010600,0,505509,A,S,92100,5000,
600059.SH,600059,20251209,93010900,0,508222,A,B,90900,300,
600059.SH,600059,20251209,93011040,0,509266,A,B,90600,1500,
600059.SH,600059,20251209,93011040,0,242464,D,B,90000,200,
600059.SH,600059,20251209,93011360,0,513049,A,S,99900,2000,
600059.SH,600059,20251209,93011360,0,513125,A,S,91300,12500,
600059.SH,600059,20251209,93011680,0,517264,A,S,96500,2500,
600059.SH,600059,20251209,93011830,0,518422,A,S,91800,8000,
600059.SH,600059,20251209,93011840,0,519840,A,B,90900,500,
600059.SH,600059,20251209,93012060,0,521655,A,S,91400,4000,
600059.SH,600059,20251209,93012700,0,528034,A,S,100200,1500,
600059.SH,600059,20251209,93012750,0,528795,A,S,92000,2000,
600059.SH,600059,20251209,93012900,0,531821,A,S,92000,5000,
600059.SH,600059,20251209,93012900,0,532089,A,B,90100,300,
600059.SH,600059,20251209,93013360,0,536515,A,B,90800,1000,
600059.SH,600059,20251209,93013520,0,538383,A,B,90600,1200,
600059.SH,600059,20251209,93013670,0,540514,A,B,90800,1000,
600059.SH,600059,20251209,93013670,0,540710,A,B,90700,1000,
600059.SH,600059,20251209,93013840,0,541226,A,B,90000,500,
600059.SH,600059,20251209,93013840,0,541397,A,B,90000,500,
600059.SH,600059,20251209,93014520,0,549060,A,B,90000,500,
600059.SH,600059,20251209,93014520,0,550234,A,B,90000,1300,
600059.SH,600059,20251209,93014680,0,551134,A,B,90500,1000,
600059.SH,600059,20251209,93014680,0,551353,A,S,100200,1000,
600059.SH,600059,20251209,93014990,0,554359,A,B,90600,2300,
600059.SH,600059,20251209,93015150,0,557007,A,B,88600,500,
600059.SH,600059,20251209,93015150,0,557316,A,B,90100,1000,
600059.SH,600059,20251209,93015320,0,557990,A,B,90600,1000,
600059.SH,600059,20251209,93015320,0,558228,A,B,90400,1000,
600059.SH,600059,20251209,93015320,0,559168,A,B,90500,800,
600059.SH,600059,20251209,93015470,0,559775,A,B,90900,300,
600059.SH,600059,20251209,93015470,0,559792,A,S,91000,100,
600059.SH,600059,20251209,93015770,0,563098,A,B,89800,500,
600059.SH,600059,20251209,93015770,0,564295,A,S,91300,100,
600059.SH,600059,20251209,93015930,0,564761,A,B,90500,1000,
600059.SH,600059,20251209,93016060,0,566588,A,S,91500,2000,
600059.SH,600059,20251209,93016060,0,566593,A,S,91800,2000,
600059.SH,600059,20251209,93016060,0,566660,A,S,92100,2200,
600059.SH,600059,20251209,93016060,0,566800,A,S,91900,2000,
600059.SH,600059,20251209,93016060,0,567155,A,S,93900,2000,
600059.SH,600059,20251209,93016060,0,567180,A,S,96800,2000,
600059.SH,600059,20251209,93016210,0,568180,A,B,90300,1000,
600059.SH,600059,20251209,93016250,0,568381,A,S,91300,2900,
600059.SH,600059,20251209,93016250,0,568409,A,S,92400,2000,
600059.SH,600059,20251209,93016400,0,570058,A,S,93900,1100,
600059.SH,600059,20251209,93016400,0,570738,A,S,93200,200,
600059.SH,600059,20251209,93016400,0,571141,A,B,90800,1000,
600059.SH,600059,20251209,93016570,0,571783,A,S,99900,1000,
600059.SH,600059,20251209,93016570,0,572857,A,S,91800,2000,
600059.SH,600059,20251209,93016570,0,573307,A,B,89500,1000,
600059.SH,600059,20251209,93017020,0,578021,A,S,91500,1000,
600059.SH,600059,20251209,93017320,0,580875,A,B,90600,2800,
600059.SH,600059,20251209,93017480,0,79339,D,S,99400,100,
600059.SH,600059,20251209,93017700,0,585030,A,B,90700,1700,
600059.SH,600059,20251209,93017700,0,586386,A,S,91700,2500,
600059.SH,600059,20251209,93017700,0,586392,A,S,92300,2500,
600059.SH,600059,20251209,93018310,0,591805,A,B,90500,1000,
600059.SH,600059,20251209,93018310,0,592077,A,S,91600,1000,
600059.SH,600059,20251209,93019120,0,599914,A,S,92100,1000,
600059.SH,600059,20251209,93019270,0,601157,A,B,90200,1000,
600059.SH,600059,20251209,93019270,0,601788,A,S,92600,1000,
600059.SH,600059,20251209,93019410,0,602501,A,B,90500,1000,
600059.SH,600059,20251209,93019410,0,602502,A,B,90300,1000,
600059.SH,600059,20251209,93019410,0,602617,A,B,90300,1000,
600059.SH,600059,20251209,93019760,0,606031,A,S,96500,800,
600059.SH,600059,20251209,93019900,0,607675,A,B,90100,1000,
600059.SH,600059,20251209,93019900,0,608352,A,B,82200,300,
600059.SH,600059,20251209,93020200,0,610317,A,B,90600,600,
600059.SH,600059,20251209,93020420,0,349518,D,S,91000,4000,
600059.SH,600059,20251209,93020790,0,617007,A,B,90600,3000,
600059.SH,600059,20251209,93020980,0,618206,A,B,90100,1000,
600059.SH,600059,20251209,93021130,0,619789,A,B,90000,500,
600059.SH,600059,20251209,93021280,0,621712,A,S,98900,600,
600059.SH,600059,20251209,93021280,0,622619,A,B,90000,1000,
600059.SH,600059,20251209,93021440,0,624105,A,B,90200,1000,
600059.SH,600059,20251209,93021590,0,624444,A,B,90800,1000,
600059.SH,600059,20251209,93021590,0,624716,A,S,91000,100,
600059.SH,600059,20251209,93021590,0,624978,A,B,90600,1000,
600059.SH,600059,20251209,93021780,0,626580,A,S,95000,2000,
600059.SH,600059,20251209,93021850,0,628192,A,B,89900,1000,
600059.SH,600059,20251209,93022160,0,631693,A,B,90100,5000,
600059.SH,600059,20251209,93022320,0,632439,A,B,89900,1000,
600059.SH,600059,20251209,93022320,0,632908,A,B,89800,1000,
600059.SH,600059,20251209,93022750,0,637405,A,B,89700,1000,
600059.SH,600059,20251209,93022890,0,638401,A,S,91100,9000,
600059.SH,600059,20251209,93022990,0,639117,A,B,90000,100,
600059.SH,600059,20251209,93022990,0,640308,A,B,89700,1000,
600059.SH,600059,20251209,93023130,0,641424,A,B,89800,3000,
600059.SH,600059,20251209,93023310,0,642522,A,B,89600,1000,
600059.SH,600059,20251209,93023490,0,645278,A,B,89800,1000,
600059.SH,600059,20251209,93023710,0,646855,A,B,90800,300,
600059.SH,600059,20251209,93023710,0,647246,A,S,91500,200,
600059.SH,600059,20251209,93024640,0,656834,A,B,89600,1000,
600059.SH,600059,20251209,93024790,0,658588,A,B,90900,1000,
600059.SH,600059,20251209,93025150,0,662058,A,S,99800,100,
600059.SH,600059,20251209,93025530,0,664157,A,S,91000,200,
600059.SH,600059,20251209,93025530,0,664236,A,S,91000,200,
600059.SH,600059,20251209,93025530,0,664245,A,S,91000,700,
600059.SH,600059,20251209,93025530,0,664311,A,S,91000,400,
600059.SH,600059,20251209,93025530,0,664315,A,S,91000,300,
600059.SH,600059,20251209,93025530,0,664316,A,S,91000,200,
600059.SH,600059,20251209,93025530,0,665260,A,S,91900,84500,
600059.SH,600059,20251209,93026220,0,671084,A,B,90000,500,
600059.SH,600059,20251209,93026390,0,672750,A,B,90500,2000,
600059.SH,600059,20251209,93026460,0,673578,A,S,91000,100,
600059.SH,600059,20251209,93027030,0,679163,A,B,89000,500,
600059.SH,600059,20251209,93027030,0,679206,A,S,91200,2000,
600059.SH,600059,20251209,93027030,0,679588,A,S,100200,600,
600059.SH,600059,20251209,93027030,0,679607,A,B,90900,100,
600059.SH,600059,20251209,93027220,0,681904,A,B,90900,1000,
600059.SH,600059,20251209,93027530,0,684664,A,B,90600,6000,
600059.SH,600059,20251209,93027970,0,688121,A,B,90900,100,
600059.SH,600059,20251209,93028110,0,689642,A,B,90900,200,
600059.SH,600059,20251209,93028110,0,690991,A,B,90800,200,
600059.SH,600059,20251209,93028300,0,691754,A,S,91000,1200,
600059.SH,600059,20251209,93028300,0,692108,A,S,93600,1000,
600059.SH,600059,20251209,93028580,0,694412,A,S,91200,3000,
600059.SH,600059,20251209,93028720,0,695900,A,B,90700,300,
600059.SH,600059,20251209,93028720,0,696527,A,S,95900,1000,
600059.SH,600059,20251209,93028720,0,696615,A,B,90900,3000,
600059.SH,600059,20251209,93029080,0,699745,A,S,100100,2400,
600059.SH,600059,20251209,93030150,0,710143,A,S,91000,500,
600059.SH,600059,20251209,93030150,0,710150,A,S,91000,400,
600059.SH,600059,20251209,93030300,0,711000,A,S,92200,8100,
600059.SH,600059,20251209,93030610,0,714112,A,B,89000,10000,
600059.SH,600059,20251209,93030750,0,715017,A,B,89500,1000,
600059.SH,600059,20251209,93031030,0,387543,D,S,91000,2600,
600059.SH,600059,20251209,93031170,0,719388,A,B,90200,200,
600059.SH,600059,20251209,93031170,0,719395,A,B,89400,1000,
600059.SH,600059,20251209,93031360,0,721479,A,B,89300,1000,
600059.SH,600059,20251209,93031480,0,722603,A,S,91900,1100,
600059.SH,600059,20251209,93031480,0,723504,A,B,89200,1000,
600059.SH,600059,20251209,93031780,0,726217,A,B,89100,1000,
600059.SH,600059,20251209,93032060,0,729551,A,S,90900,2200,
600059.SH,600059,20251209,93032200,0,729707,A,S,90900,1200,
600059.SH,600059,20251209,93032200,0,729910,A,S,91300,3000,
600059.SH,600059,20251209,93032200,0,730700,A,B,89000,1000,
600059.SH,600059,20251209,93032500,0,732690,A,S,90900,1200,
600059.SH,600059,20251209,93032650,0,734936,A,S,90900,700,
600059.SH,600059,20251209,93032940,0,737371,A,S,90900,400,
600059.SH,600059,20251209,93033530,0,743499,A,S,90900,200,
600059.SH,600059,20251209,93033530,0,743500,A,S,90900,100,
600059.SH,600059,20251209,93033530,0,743501,A,S,90900,100,
600059.SH,600059,20251209,93033960,0,747774,A,S,91000,200,
600059.SH,600059,20251209,93034660,0,729707,D,S,90900,1200,
600059.SH,600059,20251209,93034810,0,755880,A,S,90900,700,
600059.SH,600059,20251209,93034810,0,756682,A,B,90000,1000,
600059.SH,600059,20251209,93035340,0,761737,A,S,90900,1400,
600059.SH,600059,20251209,93036050,0,769269,A,S,91800,12800,
600059.SH,600059,20251209,93036170,0,737371,D,S,90900,400,
600059.SH,600059,20251209,93036470,0,755880,D,S,90900,700,
600059.SH,600059,20251209,93036470,0,773783,A,S,100200,100,
600059.SH,600059,20251209,93036840,0,777333,A,S,90900,100,
600059.SH,600059,20251209,93037000,0,761737,D,S,90900,1400,
600059.SH,600059,20251209,93037460,0,781867,A,S,90900,100,
600059.SH,600059,20251209,93037540,0,782552,A,S,90900,400,
600059.SH,600059,20251209,93038220,0,786971,A,S,90900,100,
600059.SH,600059,20251209,93038770,0,691754,D,S,91000,1200,
600059.SH,600059,20251209,93038770,0,790385,A,S,90900,400,
600059.SH,600059,20251209,93038950,0,791539,A,S,90900,200,
600059.SH,600059,20251209,93038970,0,791635,A,S,90900,100,
600059.SH,600059,20251209,93039660,0,795962,A,S,90900,300,
600059.SH,600059,20251209,93039850,0,796909,A,S,90900,100,
600059.SH,600059,20251209,93039850,0,796912,A,S,90900,100,
600059.SH,600059,20251209,93039880,0,797348,A,S,90900,300,
600059.SH,600059,20251209,93039880,0,797390,A,S,90900,100,
600059.SH,600059,20251209,93040730,0,782552,D,S,90900,400,
600059.SH,600059,20251209,93040990,0,803838,A,S,90900,100,
600059.SH,600059,20251209,93041040,0,786971,D,S,90900,100,
600059.SH,600059,20251209,93041170,0,805047,A,S,91600,1000,
600059.SH,600059,20251209,93041660,0,807697,A,B,90500,500,
600059.SH,600059,20251209,93041890,0,809274,A,S,90900,100,
600059.SH,600059,20251209,93042200,0,811377,A,S,91000,300,
600059.SH,600059,20251209,93043300,0,729551,D,S,90900,2100,
600059.SH,600059,20251209,93044450,0,822748,A,S,91000,900,
600059.SH,600059,20251209,93044950,0,797348,D,S,90900,300,
600059.SH,600059,20251209,93045430,0,828012,A,S,90900,2800,
600059.SH,600059,20251209,93045430,0,828013,A,S,90900,1200,
600059.SH,600059,20251209,93045860,0,829987,A,S,90900,1000,
600059.SH,600059,20251209,93046010,0,43206,D,S,92000,22500,
600059.SH,600059,20251209,93047820,0,840334,A,S,91100,10000,
600059.SH,600059,20251209,93047930,0,840637,A,S,90900,300,
600059.SH,600059,20251209,93047970,0,809274,D,S,90900,100,
600059.SH,600059,20251209,93048210,0,828012,D,S,90900,2800,
600059.SH,600059,20251209,93048210,0,828013,D,S,90900,1200,
600059.SH,600059,20251209,93048360,0,829987,D,S,90900,1000,
600059.SH,600059,20251209,93048390,0,843629,A,S,90900,100,
600059.SH,600059,20251209,93048390,0,843631,A,S,90900,300,
600059.SH,600059,20251209,93048660,0,844978,A,B,90900,500,
600059.SH,600059,20251209,93049080,0,847175,A,S,90900,900,
600059.SH,600059,20251209,93049090,0,847176,A,S,90900,1200,
600059.SH,600059,20251209,93050210,0,851974,A,B,82000,1600,
600059.SH,600059,20251209,93050280,0,852277,A,B,90600,500,
600059.SH,600059,20251209,93050680,0,853935,A,S,90900,100,
600059.SH,600059,20251209,93050720,0,854201,A,S,90900,400,
600059.SH,600059,20251209,93050760,0,854241,A,S,90900,400,
600059.SH,600059,20251209,93050990,0,855334,A,S,90900,700,
600059.SH,600059,20251209,93051220,0,856197,A,S,90900,700,
600059.SH,600059,20251209,93051370,0,856827,A,S,90900,100,
600059.SH,600059,20251209,93053710,0,866516,A,S,95900,100,
600059.SH,600059,20251209,93054090,0,867906,A,S,90900,300,
600059.SH,600059,20251209,93055300,0,872345,A,S,91000,300,
600059.SH,600059,20251209,93055360,0,872678,A,S,91000,200,
600059.SH,600059,20251209,93056090,0,875544,A,S,94000,300,
600059.SH,600059,20251209,93056640,0,877701,A,B,90700,1000,
600059.SH,600059,20251209,93057330,0,880374,A,S,90900,1100,
600059.SH,600059,20251209,93057650,0,881454,A,B,90800,300,
600059.SH,600059,20251209,93058920,0,886661,A,B,89100,500,
600059.SH,600059,20251209,93100600,0,893762,A,B,90800,900,
600059.SH,600059,20251209,93100760,0,894949,A,S,100200,400,
600059.SH,600059,20251209,93101020,0,896690,A,S,90900,300,
600059.SH,600059,20251209,93102270,0,679206,D,S,91200,2000,
600059.SH,600059,20251209,93102300,0,903195,A,S,90900,100,
600059.SH,600059,20251209,93103180,0,907152,A,B,90800,1900,
600059.SH,600059,20251209,93103220,0,907465,A,S,90900,300,
600059.SH,600059,20251209,93103220,0,907492,A,S,90900,400,
600059.SH,600059,20251209,93103290,0,503127,D,S,92500,400,
600059.SH,600059,20251209,93103570,0,909106,A,S,90900,700,
600059.SH,600059,20251209,93103610,0,909235,A,S,90900,800,
600059.SH,600059,20251209,93103800,0,910074,A,S,90900,700,
600059.SH,600059,20251209,93103900,0,910505,A,S,90900,100,
600059.SH,600059,20251209,93103900,0,910530,A,S,90900,700,
600059.SH,600059,20251209,93103900,0,910554,A,S,90900,700,
600059.SH,600059,20251209,93103920,0,910642,A,B,90800,300,
600059.SH,600059,20251209,93104030,0,910991,A,S,90900,1200,
600059.SH,600059,20251209,93104070,0,911361,A,B,90600,100,
600059.SH,600059,20251209,93104100,0,911535,A,S,90900,600,
600059.SH,600059,20251209,93105230,0,911361,D,B,90600,100,
600059.SH,600059,20251209,93105230,0,911535,D,S,90900,600,
600059.SH,600059,20251209,93105330,0,917209,A,S,90900,500,
600059.SH,600059,20251209,93105360,0,917328,A,B,90800,1000,
600059.SH,600059,20251209,93105760,0,919153,A,S,90900,400,
600059.SH,600059,20251209,93105800,0,919210,A,S,90900,1500,
600059.SH,600059,20251209,93105800,0,919212,A,S,90900,300,
600059.SH,600059,20251209,93105800,0,919215,A,S,90900,600,
600059.SH,600059,20251209,93105800,0,919220,A,S,90900,600,
600059.SH,600059,20251209,93105800,0,919236,A,S,90900,1500,
600059.SH,600059,20251209,93106120,0,920644,A,S,98800,100,
600059.SH,600059,20251209,93106320,0,921616,A,S,100000,500,
600059.SH,600059,20251209,93107580,0,927557,A,S,90900,500,
600059.SH,600059,20251209,93110870,0,942704,A,B,90800,500,
600059.SH,600059,20251209,93111790,0,710143,D,S,91000,500,
600059.SH,600059,20251209,93111790,0,946953,A,S,90900,300,
600059.SH,600059,20251209,93111790,0,946956,A,S,90900,400,
600059.SH,600059,20251209,93111790,0,946960,A,S,90900,300,
600059.SH,600059,20251209,93113010,0,951976,A,S,90900,1000,
600059.SH,600059,20251209,93114210,0,956888,A,B,90500,100,
600059.SH,600059,20251209,93114500,0,958182,A,S,92100,2400,
600059.SH,600059,20251209,93116220,0,964937,A,S,90900,200,
600059.SH,600059,20251209,93117770,0,971530,A,S,90900,400,
600059.SH,600059,20251209,93117990,0,972280,A,S,91100,4200,
600059.SH,600059,20251209,93118570,0,974734,A,B,90800,1000,
600059.SH,600059,20251209,93119150,0,976998,A,S,90900,800,
600059.SH,600059,20251209,93121240,0,985699,A,S,90900,500,
600059.SH,600059,20251209,93121240,0,985704,A,S,90900,600,
600059.SH,600059,20251209,93122190,0,989623,A,S,91500,500,
600059.SH,600059,20251209,93123290,0,993890,A,S,91100,900,
600059.SH,600059,20251209,93126100,0,1005748,A,S,91100,2200,
600059.SH,600059,20251209,93126400,0,1006927,A,B,90900,1900,
600059.SH,600059,20251209,93126810,0,1008747,A,S,91000,1900,
600059.SH,600059,20251209,93127200,0,1010540,A,B,90800,6000,
600059.SH,600059,20251209,93127430,0,1011489,A,S,91000,100,
600059.SH,600059,20251209,93127700,0,1012487,A,B,90800,5000,
600059.SH,600059,20251209,93129310,0,1018660,A,B,90300,2000,
600059.SH,600059,20251209,93132430,0,1031325,A,B,90800,400,
600059.SH,600059,20251209,93132500,0,1031636,A,S,90900,600,
600059.SH,600059,20251209,93132680,0,1032246,A,B,90800,400,
600059.SH,600059,20251209,93132680,0,1032251,A,B,90800,500,
600059.SH,600059,20251209,93132680,0,1032258,A,B,90800,1100,
600059.SH,600059,20251209,93132680,0,1032278,A,B,90800,2200,
600059.SH,600059,20251209,93132720,0,1032497,A,S,90900,300,
600059.SH,600059,20251209,93133430,0,1035258,A,S,90900,500,
600059.SH,600059,20251209,93135400,0,1042564,A,S,90900,1200,
600059.SH,600059,20251209,93135660,0,1043743,A,B,90800,500,
600059.SH,600059,20251209,93135660,0,1043778,A,B,90800,700,
600059.SH,600059,20251209,93135740,0,1043962,A,S,90900,200,
600059.SH,600059,20251209,93135740,0,1043994,A,S,90900,500,
600059.SH,600059,20251209,93136600,0,822748,D,S,91000,900,
600059.SH,600059,20251209,93136790,0,1048250,A,B,90800,10000,
600059.SH,600059,20251209,93137850,0,1052525,A,B,90400,400,
600059.SH,600059,20251209,93138180,0,1053883,A,B,90900,13800,
600059.SH,600059,20251209,93138420,0,1054765,A,B,90700,1000,
600059.SH,600059,20251209,93138610,0,1005748,D,S,91100,2200,
600059.SH,600059,20251209,93138680,0,1032246,D,B,90800,400,
600059.SH,600059,20251209,93138680,0,1032251,D,B,90800,500,
600059.SH,600059,20251209,93138680,0,1032258,D,B,90800,1100,
600059.SH,600059,20251209,93138800,0,1008747,D,S,91000,1900,
600059.SH,600059,20251209,93139190,0,1057975,A,B,90900,1100,
600059.SH,600059,20251209,93139190,0,1058004,A,B,90900,100,
600059.SH,600059,20251209,93139950,0,1061482,A,B,89800,600,
600059.SH,600059,20251209,93141670,0,1069049,A,B,90900,600,
600059.SH,600059,20251209,93141910,0,1070030,A,S,91000,5700,
600059.SH,600059,20251209,93141910,0,1070033,A,S,91000,800,
600059.SH,600059,20251209,93141910,0,1070068,A,S,91000,200,
600059.SH,600059,20251209,93142040,0,1057975,D,B,90900,1100,
600059.SH,600059,20251209,93142870,0,1074910,A,S,91300,2000,
600059.SH,600059,20251209,93143320,0,1077078,A,S,91000,500,
600059.SH,600059,20251209,93145620,0,1089610,A,S,91000,3500,
600059.SH,600059,20251209,93146110,0,1092047,A,B,90100,10000,
600059.SH,600059,20251209,93147290,0,1097370,A,B,90700,1000,
600059.SH,600059,20251209,93147630,0,1099208,A,S,100200,100,
600059.SH,600059,20251209,93147800,0,1099967,A,S,91000,200,
600059.SH,600059,20251209,93148150,0,1101602,A,S,91000,600,
600059.SH,600059,20251209,93148890,0,1105077,A,S,91200,2200,
600059.SH,600059,20251209,93150440,0,1111849,A,S,92100,1000,
600059.SH,600059,20251209,93151970,0,1118128,A,B,90900,1000,
600059.SH,600059,20251209,93152720,0,1121405,A,S,91500,1500,
600059.SH,600059,20251209,93153760,0,1125802,A,B,90000,400,
600059.SH,600059,20251209,93154450,0,1128492,A,B,90400,2000,
600059.SH,600059,20251209,93154800,0,1129809,A,S,92600,1000,
600059.SH,600059,20251209,93155640,0,1133258,A,B,90800,100,
600059.SH,600059,20251209,93156790,0,1137627,A,S,91000,200,
600059.SH,600059,20251209,93157480,0,1140365,A,B,90900,200,
600059.SH,600059,20251209,93158950,0,1146003,A,S,100000,2100,
600059.SH,600059,20251209,93200400,0,1152187,A,S,93100,1000,
600059.SH,600059,20251209,93200840,0,1154583,A,B,90800,1000,
600059.SH,600059,20251209,93202370,0,1161980,A,S,91000,800,
600059.SH,600059,20251209,93202760,0,1163887,A,S,91000,200,
600059.SH,600059,20251209,93203310,0,1166361,A,B,90700,3000,
600059.SH,600059,20251209,93203410,0,1167060,A,B,90800,400,
600059.SH,600059,20251209,93205340,0,1175297,A,B,91000,10900,
600059.SH,600059,20251209,93205630,0,1043743,D,B,90800,500,
600059.SH,600059,20251209,93205780,0,1177468,A,S,91100,300,
600059.SH,600059,20251209,93205780,0,1177472,A,S,91100,500,
600059.SH,600059,20251209,93205930,0,1178069,A,S,91000,600,
600059.SH,600059,20251209,93205930,0,1178130,A,S,91000,600,
600059.SH,600059,20251209,93206260,0,1179477,A,S,91000,100,
600059.SH,600059,20251209,93206540,0,1180746,A,S,91000,600,
600059.SH,600059,20251209,93206570,0,1180832,A,S,91000,100,
600059.SH,600059,20251209,93207170,0,1183199,A,S,91000,3300,
600059.SH,600059,20251209,93207440,0,1178069,D,S,91000,600,
600059.SH,600059,20251209,93207440,0,1105077,D,S,91200,2200,
600059.SH,600059,20251209,93212390,0,1204283,A,B,90900,5500,
600059.SH,600059,20251209,93212620,0,1205194,A,B,90900,100,
600059.SH,600059,20251209,93212620,0,1032278,D,B,90800,2200,
600059.SH,600059,20251209,93212620,0,1205261,A,B,90900,1300,
600059.SH,600059,20251209,93212620,0,1205264,A,B,90900,500,
600059.SH,600059,20251209,93213850,0,1211777,A,S,91000,1000,
600059.SH,600059,20251209,93214110,0,1043778,D,B,90800,700,
600059.SH,600059,20251209,93214250,0,1214403,A,S,91000,100,
600059.SH,600059,20251209,93215780,0,1222594,A,S,91200,1000,
600059.SH,600059,20251209,93217700,0,1231312,A,B,90900,100,
600059.SH,600059,20251209,93217740,0,1231407,A,S,91000,300,
600059.SH,600059,20251209,93217880,0,1231961,A,B,90300,1000,
600059.SH,600059,20251209,93218360,0,1233909,A,B,90000,500,
600059.SH,600059,20251209,93218950,0,1236366,A,S,91000,600,
600059.SH,600059,20251209,93220780,0,646855,D,B,90800,300,
600059.SH,600059,20251209,93220820,0,1243681,A,S,91000,300,
600059.SH,600059,20251209,93220820,0,1243684,A,S,91000,200,
600059.SH,600059,20251209,93221600,0,282069,D,B,90500,10000,
600059.SH,600059,20251209,93222110,0,1249228,A,B,90100,1000,
600059.SH,600059,20251209,93226070,0,1264083,A,B,90900,1900,
600059.SH,600059,20251209,93226410,0,1265243,A,B,90700,1000,
600059.SH,600059,20251209,93226660,0,1265975,A,S,100000,1900,
600059.SH,600059,20251209,93226730,0,1266310,A,S,91000,300,
600059.SH,600059,20251209,93226730,0,1266353,A,S,91000,300,
600059.SH,600059,20251209,93226730,0,1266354,A,S,91000,200,
600059.SH,600059,20251209,93227210,0,1268024,A,B,90900,100,
600059.SH,600059,20251209,93229300,0,1274840,A,S,91000,1000,
600059.SH,600059,20251209,93231010,0,1281606,A,S,91000,1000,
600059.SH,600059,20251209,93231390,0,1283204,A,B,90900,10000,
600059.SH,600059,20251209,93232690,0,1204283,D,B,90900,5500,
600059.SH,600059,20251209,93232720,0,1288052,A,S,91000,300,
600059.SH,600059,20251209,93235830,0,1299118,A,S,91000,200,
600059.SH,600059,20251209,93235980,0,910642,D,B,90800,300,
600059.SH,600059,20251209,93236000,0,1299653,A,S,91000,300,
600059.SH,600059,20251209,93240030,0,1314092,A,S,91100,100,
600059.SH,600059,20251209,93240250,0,1274840,D,S,91000,1000,
600059.SH,600059,20251209,93240350,0,1315278,A,S,91000,800,
600059.SH,600059,20251209,93241740,0,1320598,A,S,91000,300,
600059.SH,600059,20251209,93241740,0,1320603,A,S,91000,200,
600059.SH,600059,20251209,93242260,0,1322326,A,S,95000,500,
600059.SH,600059,20251209,93242550,0,1222594,D,S,91200,1000,
600059.SH,600059,20251209,93244010,0,1315278,D,S,91000,800,
600059.SH,600059,20251209,93244010,0,1211777,D,S,91000,1000,
600059.SH,600059,20251209,93244400,0,1314092,D,S,91100,100,
600059.SH,600059,20251209,93244480,0,1330796,A,S,91000,100,
600059.SH,600059,20251209,93245170,0,1333100,A,B,90900,300,
600059.SH,600059,20251209,93247770,0,1343100,A,S,91000,500,
600059.SH,600059,20251209,93249210,0,1348300,A,B,90900,1000,
600059.SH,600059,20251209,93250740,0,1353860,A,B,90900,100,
600059.SH,600059,20251209,93250740,0,1353877,A,B,90900,2400,
600059.SH,600059,20251209,93250740,0,1353878,A,B,90900,100,
600059.SH,600059,20251209,93250770,0,1354054,A,S,91000,600,
600059.SH,600059,20251209,93250770,0,1354058,A,S,91000,400,
600059.SH,600059,20251209,93251290,0,1355875,A,S,91000,100,
600059.SH,600059,20251209,93253770,0,1364652,A,S,91000,600,
600059.SH,600059,20251209,93253970,0,1365306,A,S,91000,100,
600059.SH,600059,20251209,93254000,0,1365427,A,S,91000,500,
600059.SH,600059,20251209,93254150,0,1365916,A,S,91000,100,
600059.SH,600059,20251209,93254150,0,1366019,A,S,91000,100,
600059.SH,600059,20251209,93257010,0,1375911,A,S,91000,500,
600059.SH,600059,20251209,93257010,0,1375912,A,S,91000,400,
600059.SH,600059,20251209,93257290,0,1376959,A,S,91000,4900,
600059.SH,600059,20251209,93300110,0,1386554,A,S,93600,5400,
600059.SH,600059,20251209,93302110,0,1394615,A,S,91000,600,
600059.SH,600059,20251209,93302110,0,1394749,A,S,91000,100,
600059.SH,600059,20251209,93302110,0,1394753,A,S,91000,1600,
600059.SH,600059,20251209,93302760,0,1397515,A,S,91000,300,
600059.SH,600059,20251209,93304540,0,1404017,A,B,90900,20300,
600059.SH,600059,20251209,93304920,0,1405438,A,S,100100,100,
600059.SH,600059,20251209,93304960,0,1405490,A,B,89000,1000,
600059.SH,600059,20251209,93305430,0,1407267,A,S,96800,600,
600059.SH,600059,20251209,93305850,0,1408859,A,S,91000,300,
600059.SH,600059,20251209,93308200,0,1418032,A,B,90900,100,
600059.SH,600059,20251209,93308410,0,1418835,A,S,91000,100,
600059.SH,600059,20251209,93308940,0,568381,D,S,91300,2900,
600059.SH,600059,20251209,93309200,0,1421739,A,S,91000,1200,
600059.SH,600059,20251209,93309200,0,1421741,A,S,91000,1200,
600059.SH,600059,20251209,93309200,0,1421745,A,S,91000,700,
600059.SH,600059,20251209,93309200,0,1421748,A,S,91000,1300,
600059.SH,600059,20251209,93309200,0,1421749,A,S,91000,1300,
600059.SH,600059,20251209,93309200,0,1421750,A,S,91000,1300,
600059.SH,600059,20251209,93309200,0,1421751,A,S,91000,800,
600059.SH,600059,20251209,93309200,0,1421752,A,S,91000,1000,
600059.SH,600059,20251209,93309200,0,1421786,A,S,91000,1400,
600059.SH,600059,20251209,93309200,0,1421790,A,S,91000,900,
600059.SH,600059,20251209,93309200,0,1421791,A,S,91000,1100,
600059.SH,600059,20251209,93309200,0,1421812,A,S,91000,1900,
600059.SH,600059,20251209,93309300,0,1422128,A,S,93000,1000,
600059.SH,600059,20251209,93309780,0,1423791,A,B,90800,11000,
600059.SH,600059,20251209,93309880,0,1424299,A,S,100000,5500,
600059.SH,600059,20251209,93311870,0,1431386,A,S,91200,1000,
600059.SH,600059,20251209,93313610,0,1437431,A,S,91300,15000,
600059.SH,600059,20251209,93314520,0,1440583,A,B,90800,3000,
600059.SH,600059,20251209,93314610,0,1353860,D,B,90900,100,
600059.SH,600059,20251209,93314610,0,1353878,D,B,90900,100,
600059.SH,600059,20251209,93314610,0,1353877,D,B,90900,2400,
600059.SH,600059,20251209,93314650,0,1440917,A,S,91000,100,
600059.SH,600059,20251209,93314910,0,1441730,A,S,91000,500,
600059.SH,600059,20251209,93315340,0,1177468,D,S,91100,300,
600059.SH,600059,20251209,93315930,0,1445119,A,S,92300,3100,
600059.SH,600059,20251209,93316020,0,1177472,D,S,91100,500,
600059.SH,600059,20251209,93317750,0,1451110,A,S,91000,400,
600059.SH,600059,20251209,93317750,0,1451113,A,S,91000,200,
600059.SH,600059,20251209,93318620,0,1453784,A,S,90900,1400,
600059.SH,600059,20251209,93318860,0,1454490,A,S,90900,100,
600059.SH,600059,20251209,93318890,0,1454553,A,S,90900,100,
600059.SH,600059,20251209,93318890,0,1454562,A,S,90900,100,
600059.SH,600059,20251209,93318890,0,1454568,A,S,90900,100,
600059.SH,600059,20251209,93318930,0,1454667,A,S,91000,1000,
600059.SH,600059,20251209,93318930,0,1454696,A,S,90900,100,
600059.SH,600059,20251209,93319150,0,1214403,D,S,91000,100,
600059.SH,600059,20251209,93319350,0,1456076,A,B,90800,100,
600059.SH,600059,20251209,93319420,0,1456220,A,S,90900,100,
600059.SH,600059,20251209,93320730,0,1460436,A,S,91200,1000,
600059.SH,600059,20251209,93320980,0,1461235,A,S,90900,700,
600059.SH,600059,20251209,93321040,0,1183199,D,S,91000,2700,
600059.SH,600059,20251209,93321160,0,1461862,A,S,90900,100,
600059.SH,600059,20251209,93321250,0,1462112,A,S,90900,500,
600059.SH,600059,20251209,93321300,0,1462279,A,B,90000,100,
600059.SH,600059,20251209,93321500,0,1462973,A,S,90900,100,
600059.SH,600059,20251209,93321550,0,1463142,A,S,90900,600,
600059.SH,600059,20251209,93321600,0,1463302,A,S,90900,700,
600059.SH,600059,20251209,93321970,0,1464565,A,S,90900,600,
600059.SH,600059,20251209,93324870,0,1473839,A,S,90900,600,
600059.SH,600059,20251209,93325010,0,1474198,A,S,90900,100,
600059.SH,600059,20251209,93325640,0,1330796,D,S,91000,100,
600059.SH,600059,20251209,93325730,0,1476387,A,S,90900,100,
600059.SH,600059,20251209,93327000,0,1375911,D,S,91000,500,
600059.SH,600059,20251209,93327000,0,1480127,A,S,90900,700,
600059.SH,600059,20251209,93327000,0,1480129,A,S,90900,600,
600059.SH,600059,20251209,93327000,0,1480132,A,S,90900,500,
600059.SH,600059,20251209,93327350,0,1481053,A,S,90900,2000,
600059.SH,600059,20251209,93327400,0,1481290,A,S,90900,300,
600059.SH,600059,20251209,93327460,0,1481530,A,B,90800,60000,
600059.SH,600059,20251209,93327800,0,1482579,A,S,90900,600,
600059.SH,600059,20251209,93328100,0,1483487,A,S,90900,700,
600059.SH,600059,20251209,93330120,0,1490039,A,B,90900,4700,
600059.SH,600059,20251209,93330360,0,1490818,A,B,90900,200,
600059.SH,600059,20251209,93330360,0,1490823,A,B,90900,100,
600059.SH,600059,20251209,93330360,0,1490853,A,B,90900,500,
600059.SH,600059,20251209,93330390,0,1490857,A,B,90900,600,
600059.SH,600059,20251209,93330390,0,1490858,A,B,90900,800,
600059.SH,600059,20251209,93330420,0,1491024,A,S,92600,200,
600059.SH,600059,20251209,93331110,0,1493190,A,B,90900,46000,
600059.SH,600059,20251209,93332730,0,1498564,A,B,90900,100,
600059.SH,600059,20251209,93333100,0,1499747,A,B,82500,2000,
600059.SH,600059,20251209,93333360,0,1456076,D,B,90800,100,
600059.SH,600059,20251209,93333360,0,1500700,A,B,90900,2600,
600059.SH,600059,20251209,93333750,0,1421739,D,S,91000,1200,
600059.SH,600059,20251209,93333750,0,1421741,D,S,91000,1200,
600059.SH,600059,20251209,93333750,0,1421748,D,S,91000,1300,
600059.SH,600059,20251209,93333750,0,1421745,D,S,91000,700,
600059.SH,600059,20251209,93333750,0,1421749,D,S,91000,1300,
600059.SH,600059,20251209,93333750,0,1421752,D,S,91000,1000,
600059.SH,600059,20251209,93333750,0,1421751,D,S,91000,800,
600059.SH,600059,20251209,93333750,0,1421750,D,S,91000,1300,
600059.SH,600059,20251209,93333750,0,1421786,D,S,91000,1400,
600059.SH,600059,20251209,93333750,0,1421791,D,S,91000,1100,
600059.SH,600059,20251209,93333750,0,1421790,D,S,91000,900,
600059.SH,600059,20251209,93333750,0,1421812,D,S,91000,1900,
600059.SH,600059,20251209,93334160,0,1503127,A,B,90000,30000,
600059.SH,600059,20251209,93334360,0,1503745,A,B,90900,100,
600059.SH,600059,20251209,93334360,0,1503790,A,B,90900,100,
600059.SH,600059,20251209,93334430,0,1503957,A,B,90900,2000,
600059.SH,600059,20251209,93335320,0,1506799,A,B,90800,400,
600059.SH,600059,20251209,93337130,0,1512588,A,S,100000,5000,
600059.SH,600059,20251209,93341210,0,1525767,A,B,89000,100,
600059.SH,600059,20251209,93344840,0,1537479,A,S,100000,5000,
600059.SH,600059,20251209,93345150,0,1538490,A,S,91000,1100,
600059.SH,600059,20251209,93347280,0,1546199,A,B,89600,1000,
600059.SH,600059,20251209,93349130,0,1552481,A,S,96000,1200,
600059.SH,600059,20251209,93349350,0,1553172,A,B,90900,100,
600059.SH,600059,20251209,93349970,0,1555185,A,B,90900,100,
600059.SH,600059,20251209,93350730,0,1557713,A,S,91000,300,
600059.SH,600059,20251209,93352240,0,1562328,A,S,91000,100,
600059.SH,600059,20251209,93352590,0,1563807,A,B,91000,100,
600059.SH,600059,20251209,93353000,0,1565090,A,S,91100,100,
600059.SH,600059,20251209,93353930,0,1568052,A,B,90600,700,
600059.SH,600059,20251209,93354970,0,1571235,A,B,91000,800,
600059.SH,600059,20251209,93355230,0,1572135,A,S,91200,900,
600059.SH,600059,20251209,93356910,0,1577986,A,S,91100,200,
600059.SH,600059,20251209,93358060,0,1553172,D,B,90900,100,
600059.SH,600059,20251209,93358110,0,1503745,D,B,90900,100,
600059.SH,600059,20251209,93358200,0,1582171,A,B,91000,20300,
600059.SH,600059,20251209,93358370,0,1503790,D,B,90900,100,
600059.SH,600059,20251209,93358370,0,1500700,D,B,90900,2600,
600059.SH,600059,20251209,93358550,0,1565090,D,S,91100,100,
600059.SH,600059,20251209,93358580,0,1583459,A,B,91000,1000,
600059.SH,600059,20251209,93359730,0,1587194,A,B,91000,100,
600059.SH,600059,20251209,93359730,0,1587208,A,B,91000,2400,
600059.SH,600059,20251209,93359790,0,1587324,A,B,91000,600,
600059.SH,600059,20251209,93401700,0,1048250,D,B,90800,10000,
600059.SH,600059,20251209,93403850,0,694412,D,S,91200,3000,
600059.SH,600059,20251209,93404120,0,1603708,A,B,91000,100,
600059.SH,600059,20251209,93404120,0,1603756,A,B,91000,100,
600059.SH,600059,20251209,93404120,0,1603757,A,B,91000,100,
600059.SH,600059,20251209,93404120,0,1603778,A,B,91000,100,
600059.SH,600059,20251209,93404380,0,1604695,A,B,91000,100,
600059.SH,600059,20251209,93404880,0,1606224,A,B,90900,200,
600059.SH,600059,20251209,93412780,0,1563807,D,B,91000,100,
600059.SH,600059,20251209,93412880,0,1630421,A,B,91000,100,
600059.SH,600059,20251209,93412880,0,1490857,D,B,90900,600,
600059.SH,600059,20251209,93413590,0,917328,D,B,90800,1000,
600059.SH,600059,20251209,93413880,0,1633258,A,B,91000,500,
600059.SH,600059,20251209,93414170,0,1481530,D,B,90800,60000,
600059.SH,600059,20251209,93417830,0,1644863,A,S,91100,200,
600059.SH,600059,20251209,93418820,0,1647669,A,S,91400,2600,
600059.SH,600059,20251209,93419360,0,1649320,A,S,100200,800,
600059.SH,600059,20251209,93420730,0,1653334,A,S,91100,300,
600059.SH,600059,20251209,93422130,0,1493190,D,B,90900,46000,
600059.SH,600059,20251209,93423290,0,1660220,A,S,91100,1200,
600059.SH,600059,20251209,93423290,0,1660226,A,S,91100,1100,
600059.SH,600059,20251209,93423290,0,1660231,A,S,91100,1300,
600059.SH,600059,20251209,93423290,0,1660232,A,S,91100,800,
600059.SH,600059,20251209,93423290,0,1660233,A,S,91100,700,
600059.SH,600059,20251209,93423290,0,1660234,A,S,91100,1300,
600059.SH,600059,20251209,93423290,0,1660236,A,S,91100,1500,
600059.SH,600059,20251209,93423290,0,1660237,A,S,91100,1000,
600059.SH,600059,20251209,93423290,0,1660248,A,S,91100,400,
600059.SH,600059,20251209,93423290,0,1660250,A,S,91100,500,
600059.SH,600059,20251209,93423290,0,1660251,A,S,91100,1900,
600059.SH,600059,20251209,93423290,0,1660285,A,S,91100,1500,
600059.SH,600059,20251209,93423610,0,1661128,A,S,91100,100,
600059.SH,600059,20251209,93423980,0,1662091,A,S,91100,300,
600059.SH,600059,20251209,93424490,0,1663356,A,B,90900,60000,
600059.SH,600059,20251209,93426020,0,486117,D,S,91800,2000,
600059.SH,600059,20251209,93426120,0,1667662,A,B,90200,11200,
600059.SH,600059,20251209,93427000,0,1670036,A,S,91100,300,
600059.SH,600059,20251209,93428580,0,1674075,A,B,91000,500,
600059.SH,600059,20251209,93432260,0,1684209,A,S,91200,2000,
600059.SH,600059,20251209,93432670,0,1685616,A,B,91000,200,
600059.SH,600059,20251209,93433040,0,1686565,A,S,91100,200,
600059.SH,600059,20251209,93433340,0,1687439,A,B,91000,600,
600059.SH,600059,20251209,93435780,0,1694131,A,S,91100,200,
600059.SH,600059,20251209,93436290,0,1695561,A,S,91100,100,
600059.SH,600059,20251209,93436290,0,1695580,A,B,90900,10000,
600059.SH,600059,20251209,93438590,0,1701690,A,B,91000,12400,
600059.SH,600059,20251209,93438770,0,1702169,A,S,91600,2900,
600059.SH,600059,20251209,93439560,0,1704138,A,S,99900,1600,
600059.SH,600059,20251209,93441970,0,344655,D,B,89000,1000,
600059.SH,600059,20251209,93442440,0,1711677,A,S,91100,100,
600059.SH,600059,20251209,93442470,0,1711731,A,S,92000,2300,
600059.SH,600059,20251209,93444780,0,1717868,A,B,91000,1500,
600059.SH,600059,20251209,93446270,0,1721854,A,S,92700,2400,
600059.SH,600059,20251209,93447800,0,1725528,A,S,91100,200,
600059.SH,600059,20251209,93447820,0,1725582,A,S,91100,500,
600059.SH,600059,20251209,93449110,0,1729108,A,S,98000,7100,
600059.SH,600059,20251209,93450300,0,1732346,A,S,93900,1000,
600059.SH,600059,20251209,93450700,0,1733325,A,S,91100,400,
600059.SH,600059,20251209,93451660,0,1735829,A,S,91100,5000,
600059.SH,600059,20251209,93453810,0,1741424,A,S,91100,1200,
600059.SH,600059,20251209,93456800,0,1749384,A,S,91100,200,
600059.SH,600059,20251209,93456800,0,1749385,A,S,91100,300,
600059.SH,600059,20251209,93456800,0,1749386,A,S,91100,200,
600059.SH,600059,20251209,93457070,0,1750168,A,S,94000,500,
600059.SH,600059,20251209,93458430,0,1754561,A,B,90800,1000,
600059.SH,600059,20251209,93500250,0,1760131,A,B,90000,1000,
600059.SH,600059,20251209,93500640,0,1761968,A,S,91100,600,
600059.SH,600059,20251209,93500640,0,1761969,A,S,91100,300,
600059.SH,600059,20251209,93500640,0,1761970,A,S,91100,400,
600059.SH,600059,20251209,93501900,0,1766869,A,B,91000,2000,
600059.SH,600059,20251209,93501970,0,1767119,A,S,100200,1000,
600059.SH,600059,20251209,93502730,0,1769608,A,S,91100,200,
600059.SH,600059,20251209,93503020,0,1761969,D,S,91100,300,
600059.SH,600059,20251209,93503020,0,1761968,D,S,91100,600,
600059.SH,600059,20251209,93503020,0,1761970,D,S,91100,400,
600059.SH,600059,20251209,93503850,0,1773101,A,B,90800,500,
600059.SH,600059,20251209,93503880,0,1773164,A,B,90800,100,
600059.SH,600059,20251209,93504240,0,1774523,A,B,83600,700,
600059.SH,600059,20251209,93504380,0,1775173,A,S,91100,600,
600059.SH,600059,20251209,93504380,0,1775174,A,S,91100,300,
600059.SH,600059,20251209,93504380,0,1775175,A,S,91100,400,
600059.SH,600059,20251209,93504680,0,1074910,D,S,91300,2000,
600059.SH,600059,20251209,93504750,0,1776758,A,S,91100,200,
600059.SH,600059,20251209,93504870,0,1777201,A,B,90900,5700,
600059.SH,600059,20251209,93507140,0,1785624,A,S,91200,1900,
600059.SH,600059,20251209,93507140,0,1785664,A,S,92800,1300,
600059.SH,600059,20251209,93507640,0,1775173,D,S,91100,600,
600059.SH,600059,20251209,93507640,0,1775174,D,S,91100,300,
600059.SH,600059,20251209,93507640,0,1775175,D,S,91100,400,
600059.SH,600059,20251209,93508300,0,1789731,A,B,91000,2400,
600059.SH,600059,20251209,93508690,0,1685616,D,B,91000,200,
600059.SH,600059,20251209,93508810,0,1791441,A,S,93600,1000,
600059.SH,600059,20251209,93509550,0,1794507,A,S,91100,100,
600059.SH,600059,20251209,93510790,0,1798539,A,B,90800,1000,
600059.SH,600059,20251209,93511320,0,1503957,D,B,90900,2000,
600059.SH,600059,20251209,93511750,0,1802117,A,S,91100,200,
600059.SH,600059,20251209,93511770,0,1660220,D,S,91100,1200,
600059.SH,600059,20251209,93511770,0,1660226,D,S,91100,1100,
600059.SH,600059,20251209,93511770,0,1660231,D,S,91100,1300,
600059.SH,600059,20251209,93511770,0,1660233,D,S,91100,700,
600059.SH,600059,20251209,93511770,0,1660232,D,S,91100,800,
600059.SH,600059,20251209,93511770,0,1660234,D,S,91100,1300,
600059.SH,600059,20251209,93511770,0,1660236,D,S,91100,1500,
600059.SH,600059,20251209,93511770,0,1660237,D,S,91100,1000,
600059.SH,600059,20251209,93511770,0,1660248,D,S,91100,400,
600059.SH,600059,20251209,93511770,0,1660250,D,S,91100,500,
600059.SH,600059,20251209,93511770,0,1660251,D,S,91100,1900,
600059.SH,600059,20251209,93511790,0,1660285,D,S,91100,1500,
600059.SH,600059,20251209,93512520,0,1804812,A,B,90400,300,
600059.SH,600059,20251209,93512640,0,1498564,D,B,90900,100,
600059.SH,600059,20251209,93516140,0,1490853,D,B,90900,500,
600059.SH,600059,20251209,93516140,0,1490858,D,B,90900,800,
600059.SH,600059,20251209,93517680,0,1824316,A,B,91000,500,
600059.SH,600059,20251209,93517680,0,1824319,A,B,91000,1200,
600059.SH,600059,20251209,93517730,0,1824434,A,S,91100,400,
600059.SH,600059,20251209,93517730,0,1824437,A,S,91100,600,
600059.SH,600059,20251209,93518560,0,585030,D,B,90700,1700,
600059.SH,600059,20251209,93519230,0,1828818,A,B,91100,73600,
600059.SH,600059,20251209,93519370,0,1490823,D,B,90900,100,
600059.SH,600059,20251209,93519370,0,1603756,D,B,91000,100,
600059.SH,600059,20251209,93519370,0,1829353,A,B,91100,100,
600059.SH,600059,20251209,93519530,0,1572135,D,S,91200,900,
600059.SH,600059,20251209,93519630,0,1829986,A,B,91000,12500,
600059.SH,600059,20251209,93520650,0,1832941,A,B,91100,100,
600059.SH,600059,20251209,93520650,0,1587194,D,B,91000,100,
600059.SH,600059,20251209,93520650,0,1832944,A,B,91100,100,
600059.SH,600059,20251209,93520680,0,1603778,D,B,91000,100,
600059.SH,600059,20251209,93520680,0,1832953,A,B,91100,600,
600059.SH,600059,20251209,93520710,0,1833077,A,S,91200,300,
600059.SH,600059,20251209,93521320,0,1834750,A,S,98000,300,
600059.SH,600059,20251209,93521610,0,1587208,D,B,91000,2400,
600059.SH,600059,20251209,93521610,0,1824316,D,B,91000,500,
600059.SH,600059,20251209,93521610,0,1835725,A,B,91100,100,
600059.SH,600059,20251209,93521610,0,1835737,A,B,91100,100,
600059.SH,600059,20251209,93522240,0,1789731,D,B,91000,2400,
600059.SH,600059,20251209,93522380,0,1837872,A,B,91100,100,
600059.SH,600059,20251209,93522380,0,1837879,A,B,91100,500,
600059.SH,600059,20251209,93522380,0,1837884,A,B,91100,100,
600059.SH,600059,20251209,93522720,0,1587324,D,B,91000,600,
600059.SH,600059,20251209,93522750,0,1838887,A,B,91100,400,
600059.SH,600059,20251209,93523690,0,1841301,A,B,91100,100,
600059.SH,600059,20251209,93523690,0,1633258,D,B,91000,500,
600059.SH,600059,20251209,93526410,0,1848552,A,B,91100,100,
600059.SH,600059,20251209,93526610,0,1849125,A,B,91100,100,
600059.SH,600059,20251209,93526610,0,1849139,A,B,91100,100,
600059.SH,600059,20251209,93526760,0,1849481,A,S,91200,300,
600059.SH,600059,20251209,93527490,0,1851557,A,B,91100,4500,
600059.SH,600059,20251209,93527610,0,1851875,A,B,91100,1500,
600059.SH,600059,20251209,93528590,0,1854865,A,B,90900,500,
600059.SH,600059,20251209,93528940,0,1855748,A,B,90600,5000,
600059.SH,600059,20251209,93529190,0,1663356,D,B,90900,60000,
600059.SH,600059,20251209,93529360,0,1856995,A,B,91100,500,
600059.SH,600059,20251209,93531500,0,1862839,A,B,90900,6000,
600059.SH,600059,20251209,93533280,0,1568052,D,B,90600,700,
600059.SH,600059,20251209,93533970,0,1870748,A,S,91200,100,
600059.SH,600059,20251209,93534140,0,881454,D,B,90800,300,
600059.SH,600059,20251209,93534790,0,1873073,A,S,91600,500,
600059.SH,600059,20251209,93537220,0,1880851,A,B,90800,600,
600059.SH,600059,20251209,93537460,0,1881610,A,S,91600,2000,
600059.SH,600059,20251209,93539870,0,1890001,A,B,91000,60000,
600059.SH,600059,20251209,93542010,0,1898423,A,S,91300,1100,
600059.SH,600059,20251209,93542010,0,1898424,A,S,91300,1100,
600059.SH,600059,20251209,93542010,0,1898426,A,S,91300,1200,
600059.SH,600059,20251209,93542010,0,1898434,A,S,91300,1200,
600059.SH,600059,20251209,93542010,0,1898438,A,S,91300,1100,
600059.SH,600059,20251209,93542010,0,1898439,A,S,91300,1500,
600059.SH,600059,20251209,93542010,0,1898442,A,S,91300,800,
600059.SH,600059,20251209,93542010,0,1898445,A,S,91300,1000,
600059.SH,600059,20251209,93542010,0,1898450,A,S,91300,600,
600059.SH,600059,20251209,93542010,0,1898451,A,S,91300,300,
600059.SH,600059,20251209,93542010,0,1898453,A,S,91300,400,
600059.SH,600059,20251209,93542010,0,1898463,A,S,91300,1300,
600059.SH,600059,20251209,93542010,0,1898464,A,S,91300,200,
600059.SH,600059,20251209,93542010,0,1898466,A,S,91300,1800,
600059.SH,600059,20251209,93542010,0,1898467,A,S,91300,300,
600059.SH,600059,20251209,93542010,0,1898496,A,S,91300,1500,
600059.SH,600059,20251209,93542150,0,1835725,D,B,91100,100,
600059.SH,600059,20251209,93542150,0,1832944,D,B,91100,100,
600059.SH,600059,20251209,93542150,0,1832953,D,B,91100,600,
600059.SH,600059,20251209,93542150,0,1899556,A,S,91300,100,
600059.SH,600059,20251209,93542220,0,1829353,D,B,91100,100,
600059.SH,600059,20251209,93542780,0,1901935,A,S,91200,700,
600059.SH,600059,20251209,93544520,0,1729108,D,S,98000,7100,
600059.SH,600059,20251209,93544620,0,1907981,A,B,91100,100,
600059.SH,600059,20251209,93544620,0,1907994,A,B,91100,600,
600059.SH,600059,20251209,93544620,0,1908038,A,B,91100,100,
600059.SH,600059,20251209,93544620,0,1908042,A,B,91100,100,
600059.SH,600059,20251209,93545980,0,1911977,A,S,91200,200,
600059.SH,600059,20251209,93546510,0,1913625,A,B,91200,1500,
600059.SH,600059,20251209,93546860,0,1603708,D,B,91000,100,
600059.SH,600059,20251209,93546860,0,1837872,D,B,91100,100,
600059.SH,600059,20251209,93546860,0,1603757,D,B,91000,100,
600059.SH,600059,20251209,93546860,0,1604695,D,B,91000,100,
600059.SH,600059,20251209,93546860,0,1630421,D,B,91000,100,
600059.SH,600059,20251209,93546860,0,1824319,D,B,91000,1200,
600059.SH,600059,20251209,93546860,0,1835737,D,B,91100,100,
600059.SH,600059,20251209,93547370,0,1916416,A,B,90700,1000,
600059.SH,600059,20251209,93547730,0,1917780,A,S,91300,700,
600059.SH,600059,20251209,93547730,0,1917822,A,S,91300,700,
600059.SH,600059,20251209,93547730,0,1917823,A,S,91300,500,
600059.SH,600059,20251209,93547730,0,1917832,A,B,91200,1600,
600059.SH,600059,20251209,93547970,0,1919121,A,B,91000,6000,
600059.SH,600059,20251209,93548710,0,1922207,A,S,92000,2900,
600059.SH,600059,20251209,93548710,0,1922239,A,B,91200,300,
600059.SH,600059,20251209,93549890,0,1928228,A,B,91200,1000,
600059.SH,600059,20251209,93552360,0,1935658,A,B,90600,500,
600059.SH,600059,20251209,93553080,0,1890001,D,B,91000,60000,
600059.SH,600059,20251209,93554420,0,1941733,A,S,91300,10000,
600059.SH,600059,20251209,93554890,0,1943012,A,S,91300,1000,
600059.SH,600059,20251209,93556030,0,1946133,A,B,91200,10000,
600059.SH,600059,20251209,93556720,0,1582171,D,B,91000,10400,
600059.SH,600059,20251209,93556770,0,1948161,A,B,91200,600,
600059.SH,600059,20251209,93557560,0,1950104,A,S,91300,5000,
600059.SH,600059,20251209,93557980,0,1951134,A,B,91200,600,
600059.SH,600059,20251209,93558930,0,1953943,A,B,85700,2000,
600059.SH,600059,20251209,93600700,0,1959467,A,B,88800,500,
600059.SH,600059,20251209,93601320,0,1606224,D,B,90900,200,
600059.SH,600059,20251209,93602590,0,1966459,A,B,91200,36600,
600059.SH,600059,20251209,93602770,0,1967058,A,B,91200,100,
600059.SH,600059,20251209,93602770,0,1907981,D,B,91100,100,
600059.SH,600059,20251209,93602770,0,1841301,D,B,91100,100,
600059.SH,600059,20251209,93602770,0,1837884,D,B,91100,100,
600059.SH,600059,20251209,93602770,0,1967062,A,B,91200,1500,
600059.SH,600059,20251209,93602770,0,1837879,D,B,91100,500,
600059.SH,600059,20251209,93602800,0,1838887,D,B,91100,400,
600059.SH,600059,20251209,93603270,0,1898451,D,S,91300,300,
600059.SH,600059,20251209,93603270,0,1898450,D,S,91300,600,
600059.SH,600059,20251209,93603270,0,1898453,D,S,91300,400,
600059.SH,600059,20251209,93603360,0,1968921,A,B,91200,100,
600059.SH,600059,20251209,93603390,0,1968958,A,B,91200,400,
600059.SH,600059,20251209,93603390,0,1968959,A,B,91200,600,
600059.SH,600059,20251209,93603390,0,1851875,D,B,91100,1500,
600059.SH,600059,20251209,93603520,0,1969394,A,B,91200,600,
600059.SH,600059,20251209,93603600,0,1969571,A,B,90000,300,
600059.SH,600059,20251209,93605200,0,1773164,D,B,90800,100,
600059.SH,600059,20251209,93605250,0,1975223,A,B,91000,100,
600059.SH,600059,20251209,93605370,0,1849125,D,B,91100,100,
600059.SH,600059,20251209,93605370,0,1975722,A,B,91200,100,
600059.SH,600059,20251209,93605370,0,1975731,A,B,91200,100,
600059.SH,600059,20251209,93605370,0,1975732,A,B,91200,100,
600059.SH,600059,20251209,93605370,0,1975733,A,B,91200,100,
600059.SH,600059,20251209,93605370,0,1856995,D,B,91100,500,
600059.SH,600059,20251209,93605370,0,1849139,D,B,91100,100,
600059.SH,600059,20251209,93606660,0,1979727,A,S,93100,10000,
600059.SH,600059,20251209,93606860,0,1908038,D,B,91100,100,
600059.SH,600059,20251209,93606860,0,1907994,D,B,91100,600,
600059.SH,600059,20251209,93606860,0,1908042,D,B,91100,100,
600059.SH,600059,20251209,93607260,0,1981384,A,S,91300,1000,
600059.SH,600059,20251209,93607380,0,1981766,A,B,91200,2400,
600059.SH,600059,20251209,93607780,0,1982803,A,B,91100,60000,
600059.SH,600059,20251209,93608280,0,1984184,A,S,91400,3000,
600059.SH,600059,20251209,93608890,0,316146,D,S,92700,3700,
600059.SH,600059,20251209,93608920,0,1898423,D,S,91300,1100,
600059.SH,600059,20251209,93608920,0,1898424,D,S,91300,1100,
600059.SH,600059,20251209,93608920,0,1898426,D,S,91300,1200,
600059.SH,600059,20251209,93608920,0,1898438,D,S,91300,1100,
600059.SH,600059,20251209,93608920,0,1898445,D,S,91300,1000,
600059.SH,600059,20251209,93608920,0,1898434,D,S,91300,1200,
600059.SH,600059,20251209,93608920,0,1898439,D,S,91300,1500,
600059.SH,600059,20251209,93608920,0,1898463,D,S,91300,1300,
600059.SH,600059,20251209,93608920,0,1898464,D,S,91300,200,
600059.SH,600059,20251209,93608920,0,1898442,D,S,91300,800,
600059.SH,600059,20251209,93608920,0,1898466,D,S,91300,1800,
600059.SH,600059,20251209,93608920,0,1898467,D,S,91300,300,
600059.SH,600059,20251209,93608950,0,1898496,D,S,91300,1500,
600059.SH,600059,20251209,93609980,0,1989408,A,B,90900,5000,
600059.SH,600059,20251209,93611240,0,1994131,A,S,93300,900,
600059.SH,600059,20251209,93611380,0,1994619,A,B,91200,100,
600059.SH,600059,20251209,93612730,0,1999069,A,B,91200,1500,
600059.SH,600059,20251209,93613120,0,2000570,A,B,90000,2200,
600059.SH,600059,20251209,93614610,0,2006231,A,B,85100,1800,
600059.SH,600059,20251209,93617610,0,2016359,A,B,91200,100,
600059.SH,600059,20251209,93617670,0,2016483,A,B,91200,100,
600059.SH,600059,20251209,93617730,0,2016685,A,S,91300,200,
600059.SH,600059,20251209,93618120,0,415521,D,S,91500,1000,
600059.SH,600059,20251209,93619030,0,2020733,A,S,91600,5000,
600059.SH,600059,20251209,93620750,0,2026225,A,S,91300,200,
600059.SH,600059,20251209,93620750,0,2026313,A,S,91300,200,
600059.SH,600059,20251209,93621360,0,2016483,D,B,91200,100,
600059.SH,600059,20251209,93622150,0,2030778,A,S,91400,500,
600059.SH,600059,20251209,93622580,0,2031952,A,B,90500,4000,
600059.SH,600059,20251209,93623670,0,2035888,A,S,91300,500,
600059.SH,600059,20251209,93626420,0,2043183,A,B,91200,4200,
600059.SH,600059,20251209,93626730,0,2043944,A,S,91300,200,
600059.SH,600059,20251209,93626730,0,2043945,A,S,91300,200,
600059.SH,600059,20251209,93626730,0,2043946,A,S,91300,200,
600059.SH,600059,20251209,93627690,0,2046598,A,S,91600,600,
600059.SH,600059,20251209,93628540,0,2048748,A,S,95100,500,
600059.SH,600059,20251209,93628570,0,2048840,A,B,90900,500,
600059.SH,600059,20251209,93628680,0,2049186,A,B,91200,400,
600059.SH,600059,20251209,93628730,0,2049271,A,S,91400,4000,
600059.SH,600059,20251209,93629660,0,2051692,A,S,91500,200,
600059.SH,600059,20251209,93630230,0,2053067,A,S,96000,12300,
600059.SH,600059,20251209,93630360,0,2053406,A,B,91200,100,
600059.SH,600059,20251209,93630890,0,2054716,A,S,91300,300,
600059.SH,600059,20251209,93631880,0,2057331,A,B,91200,100,
600059.SH,600059,20251209,93632300,0,2058339,A,S,91500,2000,
600059.SH,600059,20251209,93632410,0,2058788,A,B,91000,300,
600059.SH,600059,20251209,93632720,0,2059570,A,S,91300,200,
600059.SH,600059,20251209,93633700,0,692108,D,S,93600,1000,
600059.SH,600059,20251209,93633740,0,2062078,A,S,91800,1000,
600059.SH,600059,20251209,93634050,0,2062700,A,S,92700,1000,
600059.SH,600059,20251209,93634330,0,2063385,A,B,90800,500,
600059.SH,600059,20251209,93635460,0,2066368,A,S,91300,3600,
600059.SH,600059,20251209,93635690,0,2067108,A,S,91300,1300,
600059.SH,600059,20251209,93635910,0,2067623,A,S,91300,1200,
600059.SH,600059,20251209,93635910,0,2067624,A,S,91300,1100,
600059.SH,600059,20251209,93635910,0,2067628,A,S,91300,1500,
600059.SH,600059,20251209,93635910,0,2067630,A,S,91300,1400,
600059.SH,600059,20251209,93635910,0,2067634,A,S,91300,1300,
600059.SH,600059,20251209,93635910,0,2067635,A,S,91300,1300,
600059.SH,600059,20251209,93635910,0,2067642,A,S,91300,300,
600059.SH,600059,20251209,93635910,0,2067643,A,S,91300,600,
600059.SH,600059,20251209,93635910,0,2067645,A,S,91300,400,
600059.SH,600059,20251209,93635910,0,2067655,A,S,91300,1300,
600059.SH,600059,20251209,93635910,0,2067656,A,S,91300,1100,
600059.SH,600059,20251209,93635910,0,2067657,A,S,91300,900,
600059.SH,600059,20251209,93635910,0,2067658,A,S,91300,1500,
600059.SH,600059,20251209,93635910,0,2067699,A,S,91300,1500,
600059.SH,600059,20251209,93636010,0,2067931,A,S,91300,300,
600059.SH,600059,20251209,93636010,0,2067960,A,S,91300,300,
600059.SH,600059,20251209,93636230,0,2068632,A,S,91300,100,
600059.SH,600059,20251209,93637080,0,2071086,A,S,91400,51700,
600059.SH,600059,20251209,93639610,0,2078093,A,S,91300,100,
600059.SH,600059,20251209,93639720,0,2078341,A,S,96700,1500,
600059.SH,600059,20251209,93641000,0,448089,D,S,91400,500,
600059.SH,600059,20251209,93641520,0,2082708,A,S,100000,600,
600059.SH,600059,20251209,93641620,0,129850,D,S,92000,19500,
600059.SH,600059,20251209,93641730,0,2083572,A,S,91300,500,
600059.SH,600059,20251209,93641730,0,2083585,A,S,91300,500,
600059.SH,600059,20251209,93641730,0,2083586,A,S,91300,700,
600059.SH,600059,20251209,93642170,0,2084630,A,S,92900,3700,
600059.SH,600059,20251209,93643480,0,2088570,A,B,91200,400,
600059.SH,600059,20251209,93643520,0,2088690,A,B,91200,100,
600059.SH,600059,20251209,93644100,0,2090108,A,S,92000,300,
600059.SH,600059,20251209,93644310,0,2090655,A,S,91300,19500,
600059.SH,600059,20251209,93644670,0,2091521,A,S,91600,500,
600059.SH,600059,20251209,93645460,0,2093840,A,S,94200,1000,
600059.SH,600059,20251209,93646420,0,2096416,A,S,91400,7100,
600059.SH,600059,20251209,93646640,0,2096975,A,B,91200,5000,
600059.SH,600059,20251209,93646660,0,2097019,A,S,94400,600,
600059.SH,600059,20251209,93647590,0,1989408,D,B,90900,5000,
600059.SH,600059,20251209,93647790,0,2099921,A,S,91300,200,
600059.SH,600059,20251209,93647790,0,2099924,A,S,91300,200,
600059.SH,600059,20251209,93648830,0,2102799,A,S,91500,1500,
600059.SH,600059,20251209,93649050,0,2103363,A,S,91300,100,
600059.SH,600059,20251209,93650580,0,2107015,A,B,91100,500,
600059.SH,600059,20251209,93652300,0,2111425,A,S,91300,200,
600059.SH,600059,20251209,93652600,0,2112186,A,B,90100,1000,
600059.SH,600059,20251209,93652840,0,2112754,A,B,90800,2000,
600059.SH,600059,20251209,93653220,0,2113703,A,B,91200,2000,
600059.SH,600059,20251209,93653720,0,2114907,A,S,91500,500,
600059.SH,600059,20251209,93653720,0,2114924,A,B,91200,500,
600059.SH,600059,20251209,93654440,0,1701690,D,B,91000,12400,
600059.SH,600059,20251209,93655580,0,2120846,A,S,91300,3000,
600059.SH,600059,20251209,93656530,0,2123674,A,S,91300,1000,
600059.SH,600059,20251209,93657220,0,2125393,A,S,91300,1500,
600059.SH,600059,20251209,93659270,0,2131093,A,B,91200,4500,
600059.SH,600059,20251209,93659810,0,2132466,A,S,91300,200,
600059.SH,600059,20251209,93701920,0,2138890,A,S,91300,1100,
600059.SH,600059,20251209,93701920,0,2138901,A,S,91300,1000,
600059.SH,600059,20251209,93701920,0,2138924,A,S,91300,500,
600059.SH,600059,20251209,93701920,0,2138925,A,S,91300,200,
600059.SH,600059,20251209,93701950,0,2138982,A,S,91800,1500,
600059.SH,600059,20251209,93703020,0,2142816,A,S,93000,500,
600059.SH,600059,20251209,93703050,0,2111425,D,S,91300,200,
600059.SH,600059,20251209,93703650,0,2107015,D,B,91100,500,
600059.SH,600059,20251209,93706350,0,1018660,D,B,90300,2000,
600059.SH,600059,20251209,93706390,0,2153567,A,S,91400,5000,
600059.SH,600059,20251209,93706830,0,2113703,D,B,91200,2000,
600059.SH,600059,20251209,93708050,0,2132466,D,S,91300,200,
600059.SH,600059,20251209,93708500,0,2159662,A,S,92900,200,
600059.SH,600059,20251209,93708770,0,2160375,A,S,91300,100,
600059.SH,600059,20251209,93708940,0,554359,D,B,90600,2300,
600059.SH,600059,20251209,93709300,0,1851557,D,B,91100,4500,
600059.SH,600059,20251209,93709340,0,2161853,A,S,91300,100,
600059.SH,600059,20251209,93709690,0,2162799,A,B,90800,5000,
600059.SH,600059,20251209,93709750,0,2162960,A,S,91300,100,
600059.SH,600059,20251209,93709980,0,2163621,A,S,91600,1000,
600059.SH,600059,20251209,93710730,0,2165623,A,S,91300,100,
600059.SH,600059,20251209,93711190,0,2166829,A,S,100200,500,
600059.SH,600059,20251209,93711720,0,2168303,A,S,91300,400,
600059.SH,600059,20251209,93711720,0,2168317,A,S,91300,400,
600059.SH,600059,20251209,93711720,0,2168321,A,S,91300,300,
600059.SH,600059,20251209,93713090,0,1982803,D,B,91100,60000,
600059.SH,600059,20251209,93713420,0,2172670,A,S,93600,600,
600059.SH,600059,20251209,93713610,0,2173093,A,S,91300,300,
600059.SH,600059,20251209,93713630,0,2088690,D,B,91200,100,
600059.SH,600059,20251209,93713870,0,2173655,A,S,91300,700,
600059.SH,600059,20251209,93713870,0,2173665,A,S,91300,700,
600059.SH,600059,20251209,93713870,0,2173695,A,S,91200,3200,
600059.SH,600059,20251209,93713890,0,2173770,A,S,91200,700,
600059.SH,600059,20251209,93713890,0,2173772,A,S,91200,800,
600059.SH,600059,20251209,93713890,0,2173792,A,S,91200,800,
600059.SH,600059,20251209,93713920,0,2173856,A,S,91200,4100,
600059.SH,600059,20251209,93713940,0,2173897,A,S,91200,400,
600059.SH,600059,20251209,93713940,0,2173901,A,S,91200,4100,
600059.SH,600059,20251209,93714020,0,2174051,A,S,91300,500,
600059.SH,600059,20251209,93714120,0,2174307,A,S,91200,1400,
600059.SH,600059,20251209,93714690,0,2176038,A,S,91200,100,
600059.SH,600059,20251209,93714920,0,2173695,D,S,91200,3200,
600059.SH,600059,20251209,93715020,0,2173856,D,S,91200,4100,
600059.SH,600059,20251209,93715500,0,2178343,A,S,93500,3300,
600059.SH,600059,20251209,93715710,0,2178860,A,S,92500,400,
600059.SH,600059,20251209,93716310,0,2180453,A,S,91300,2500,
600059.SH,600059,20251209,93717740,0,2184723,A,S,91200,600,
600059.SH,600059,20251209,93718000,0,2161853,D,S,91300,100,
600059.SH,600059,20251209,93718030,0,2185523,A,S,91200,300,
600059.SH,600059,20251209,93718160,0,2185950,A,S,91200,100,
