万得代码,交易所代码,自然日,时间,成交编号,成交代码,委托代码,BS标志,成交价格,成交数量,叫卖序号,叫买序号,
000008.SZ,000008,20251209,91502220,208640,C,0, ,0,200,0,208635,
000008.SZ,000008,20251209,91502220,208642,C,0, ,0,200,0,208639,
000008.SZ,000008,20251209,91627600,313671,C,0, ,0,100,0,306721,
000008.SZ,000008,20251209,91708360,325242,C,0, ,0,100,0,306838,
000008.SZ,000008,20251209,91733360,332861,C,0, ,0,100,0,306837,
000008.SZ,000008,20251209,91737840,334223,C,0, ,0,2900,330752,0,
000008.SZ,000008,20251209,91806650,343538,C,0, ,0,3000,326367,0,
000008.SZ,000008,20251209,91821760,348459,C,0, ,0,1600,345466,0,
000008.SZ,000008,20251209,91914710,367089,C,0, ,0,50000,85535,0,
000008.SZ,000008,20251209,91951950,380766,C,0, ,0,100,0,343416,
000008.SZ,000008,20251209,91954370,381669,C,0, ,0,4100,0,65660,
000008.SZ,000008,20251209,92500000,559188,0,0,S,30400,100,450737,41955,
000008.SZ,000008,20251209,92500000,559189,0,0,B,30400,7100,450737,538530,
000008.SZ,000008,20251209,92500000,559190,0,0,B,30400,4900,450737,548189,
000008.SZ,000008,20251209,92500000,559191,0,0,B,30400,400,450737,549323,
000008.SZ,000008,20251209,92500000,559192,0,0,S,30400,3200,450737,311829,
000008.SZ,000008,20251209,92500000,559193,0,0,B,30400,4300,450737,542958,
000008.SZ,000008,20251209,92500000,559194,0,0,B,30400,3600,450737,543060,
000008.SZ,000008,20251209,92500000,559195,0,0,B,30400,2500,450737,543123,
000008.SZ,000008,20251209,92500000,559196,0,0,S,30400,100,450737,450577,
000008.SZ,000008,20251209,92500000,559197,0,0,S,30400,10800,450737,5710,
000008.SZ,000008,20251209,92500000,559198,0,0,S,30400,7000,493514,5710,
000008.SZ,000008,20251209,92500000,559199,0,0,S,30400,4800,493514,312762,
000008.SZ,000008,20251209,92500000,559200,0,0,B,30400,100,291478,312762,
000008.SZ,000008,20251209,92500000,559201,0,0,S,30400,1600,535803,312762,
000008.SZ,000008,20251209,92500000,559202,0,0,S,30400,3500,552547,312762,
000008.SZ,000008,20251209,92500000,559203,0,0,B,30400,500,202575,312762,
000008.SZ,000008,20251209,92500000,559204,0,0,B,30400,100,202575,368782,
000008.SZ,000008,20251209,92500000,559205,0,0,B,30400,1000,202575,369242,
000008.SZ,000008,20251209,92500000,559206,0,0,B,30400,1500,202575,376526,
000008.SZ,000008,20251209,92500000,559207,0,0,B,30400,900,202575,411912,
000008.SZ,000008,20251209,92500000,559208,0,0,S,30400,100,517035,411912,
000008.SZ,000008,20251209,92500000,559209,0,0,B,30400,1200,517035,540847,
000008.SZ,000008,20251209,92500000,559210,0,0,B,30400,3000,538489,540847,
000008.SZ,000008,20251209,92500000,559211,0,0,B,30400,4100,538670,540847,
000008.SZ,000008,20251209,92500000,559212,0,0,B,30400,100,14235,540847,
000008.SZ,000008,20251209,92500000,559213,0,0,B,30400,100,25717,540847,
000008.SZ,000008,20251209,92500000,559214,0,0,B,30400,200,64612,540847,
000008.SZ,000008,20251209,92500000,559215,0,0,B,30400,1200,77749,540847,
000008.SZ,000008,20251209,92500000,559216,0,0,B,30400,1600,268672,540847,
000008.SZ,000008,20251209,92500000,559217,0,0,B,30400,300,276923,540847,
000008.SZ,000008,20251209,92500000,559218,0,0,B,30400,4500,412853,540847,
000008.SZ,000008,20251209,92500000,559219,0,0,S,30400,200,412853,1847,
000008.SZ,000008,20251209,92500000,559220,0,0,S,30400,1000,412853,135266,
000008.SZ,000008,20251209,92500000,559221,0,0,S,30400,600,412853,199401,
000008.SZ,000008,20251209,92500000,559222,0,0,S,30400,200,412853,210760,
000008.SZ,000008,20251209,92500000,559223,0,0,S,30400,200,412853,247282,
000008.SZ,000008,20251209,92500000,559224,0,0,S,30400,1900,412853,256177,
000008.SZ,000008,20251209,92500000,559225,0,0,S,30400,400,412853,307284,
000008.SZ,000008,20251209,92500000,559226,0,0,S,30400,2200,412853,307857,
000008.SZ,000008,20251209,92500000,559227,0,0,B,30400,33600,412853,553676,
000008.SZ,000008,20251209,92500000,559228,0,0,B,30400,58600,412853,555088,
000008.SZ,000008,20251209,92500000,559229,0,0,B,30400,1500,426047,555088,
000008.SZ,000008,20251209,92500000,559230,0,0,S,30400,5200,426047,50857,
000008.SZ,000008,20251209,92500000,559231,0,0,S,30400,8300,426047,207278,
000008.SZ,000008,20251209,92500000,559232,0,0,S,30400,1700,503397,207278,
000008.SZ,000008,20251209,92500000,559233,0,0,S,30400,300,503397,319026,
000008.SZ,000008,20251209,92500000,559234,0,0,S,30400,600,503397,320040,
000008.SZ,000008,20251209,92500000,559235,0,0,S,30400,700,503397,321807,
000008.SZ,000008,20251209,92500000,559236,0,0,S,30400,1200,512274,321807,
000008.SZ,000008,20251209,92500000,559237,0,0,S,30400,100,515910,321807,
000008.SZ,000008,20251209,92500000,559238,0,0,S,30400,1200,549261,321807,
000008.SZ,000008,20251209,93000000,646815,0,0,B,30500,100,253257,646814,
000008.SZ,000008,20251209,93000040,651054,0,0,B,30500,300,253257,651053,
000008.SZ,000008,20251209,93000060,665717,C,0, ,0,10800,529703,0,
000008.SZ,000008,20251209,93000060,666825,0,0,S,30400,500,666824,321807,
000008.SZ,000008,20251209,93000080,674708,0,0,B,30500,2500,253257,674707,
000008.SZ,000008,20251209,93000090,679642,C,0, ,0,43900,0,110496,
000008.SZ,000008,20251209,93000090,679799,0,0,S,30400,700,679798,321807,
000008.SZ,000008,20251209,93000100,689056,C,0, ,0,16000,0,434720,
000008.SZ,000008,20251209,93000140,709545,C,0, ,0,200,15595,0,
000008.SZ,000008,20251209,93000140,713078,0,0,S,30400,300,713077,321807,
000008.SZ,000008,20251209,93000170,725267,0,0,S,30400,100,725266,321807,
000008.SZ,000008,20251209,93000170,726764,0,0,B,30500,1600,253257,726763,
000008.SZ,000008,20251209,93000170,727076,0,0,S,30400,5200,727075,321807,
000008.SZ,000008,20251209,93000170,727077,0,0,S,30400,4800,727075,395698,
000008.SZ,000008,20251209,93000190,735515,0,0,B,30500,100,253257,735514,
000008.SZ,000008,20251209,93000190,736308,0,0,B,30500,700,253257,736307,
000008.SZ,000008,20251209,93000190,736693,0,0,S,30400,5200,736692,395698,
000008.SZ,000008,20251209,93000190,736694,0,0,S,30400,100,736692,469340,
000008.SZ,000008,20251209,93000190,736695,0,0,S,30400,1000,736692,523305,
000008.SZ,000008,20251209,93000190,736696,0,0,S,30400,6100,736692,528948,
000008.SZ,000008,20251209,93000190,736697,0,0,S,30400,5200,736692,670064,
000008.SZ,000008,20251209,93000190,736698,0,0,S,30400,100,736692,676262,
000008.SZ,000008,20251209,93000190,736699,0,0,S,30400,1500,736692,690237,
000008.SZ,000008,20251209,93000190,738740,0,0,B,30400,900,736692,738739,
000008.SZ,000008,20251209,93000200,739945,C,0, ,0,5000,0,71347,
000008.SZ,000008,20251209,93000210,746097,C,0, ,0,6000,461053,0,
000008.SZ,000008,20251209,93000230,750912,0,0,B,30400,9800,736692,750911,
000008.SZ,000008,20251209,93000250,758279,C,0, ,0,1000,0,505291,
000008.SZ,000008,20251209,93000260,763174,0,0,B,30400,11000,736692,763173,
000008.SZ,000008,20251209,93000260,764859,0,0,B,30400,1900,736692,764858,
000008.SZ,000008,20251209,93000260,765358,0,0,B,30400,1800,736692,765357,
000008.SZ,000008,20251209,93000270,765443,0,0,B,30400,2600,736692,765442,
000008.SZ,000008,20251209,93000270,766515,C,0, ,0,50000,0,85536,
000008.SZ,000008,20251209,93000270,767403,0,0,B,30400,5000,736692,767402,
000008.SZ,000008,20251209,93000270,767417,0,0,B,30400,2200,736692,767416,
000008.SZ,000008,20251209,93000310,780508,C,0, ,0,3000,0,129549,
000008.SZ,000008,20251209,93000390,799412,C,0, ,0,10000,0,139974,
000008.SZ,000008,20251209,93000430,804723,0,0,B,30400,2400,736692,804722,
000008.SZ,000008,20251209,93000460,810492,C,0, ,0,4500,502947,0,
000008.SZ,000008,20251209,93000490,816961,0,0,B,30400,500,736692,816960,
000008.SZ,000008,20251209,93000520,821751,0,0,B,30400,600,736692,821750,
000008.SZ,000008,20251209,93000550,827078,C,0, ,0,1000,412923,0,
000008.SZ,000008,20251209,93000700,851391,C,0, ,0,5900,0,415726,
000008.SZ,000008,20251209,93000830,871551,0,0,B,30400,2200,736692,871550,
000008.SZ,000008,20251209,93001020,900335,C,0, ,0,2500,405871,0,
000008.SZ,000008,20251209,93001050,905009,C,0, ,0,500,76231,0,
000008.SZ,000008,20251209,93001100,911487,0,0,B,30400,38300,736692,911486,
000008.SZ,000008,20251209,93001100,911604,0,0,B,30400,600,736692,911603,
000008.SZ,000008,20251209,93001280,929461,0,0,B,30400,1000,736692,929460,
000008.SZ,000008,20251209,93001280,929574,0,0,B,30400,1100,736692,929573,
000008.SZ,000008,20251209,93001340,934215,C,0, ,0,10000,0,139730,
000008.SZ,000008,20251209,93001370,936498,0,0,B,30400,2600,736692,936497,
000008.SZ,000008,20251209,93001570,953590,C,0, ,0,3000,0,247522,
000008.SZ,000008,20251209,93001740,968155,0,0,B,30400,100,736692,968154,
000008.SZ,000008,20251209,93001890,981908,0,0,B,30400,5100,736692,981907,
000008.SZ,000008,20251209,93002040,998739,0,0,B,30400,9500,736692,998738,
000008.SZ,000008,20251209,93002050,1000296,C,0, ,0,1200,0,413867,
000008.SZ,000008,20251209,93002130,1006816,C,0, ,0,1700,253257,0,
000008.SZ,000008,20251209,93002150,1008023,0,0,B,30400,10000,736692,1008022,
000008.SZ,000008,20251209,93002260,1015587,C,0, ,0,10000,0,139729,
000008.SZ,000008,20251209,93002420,1024143,0,0,B,30400,400,736692,1024142,
000008.SZ,000008,20251209,93002420,1024150,0,0,B,30400,100,736692,1024149,
000008.SZ,000008,20251209,93002450,1026608,0,0,B,30400,300,736692,1026607,
000008.SZ,000008,20251209,93002450,1026650,0,0,B,30400,100,736692,1026649,
000008.SZ,000008,20251209,93002460,1026862,0,0,B,30400,100,736692,1026861,
000008.SZ,000008,20251209,93002460,1026907,0,0,B,30400,300,736692,1026906,
000008.SZ,000008,20251209,93002870,1053441,0,0,B,30400,1000,736692,1053440,
000008.SZ,000008,20251209,93002920,1055747,0,0,B,30400,100,736692,1055746,
000008.SZ,000008,20251209,93002920,1055769,0,0,B,30400,200,736692,1055768,
000008.SZ,000008,20251209,93002940,1057775,0,0,B,30400,1100,736692,1057774,
000008.SZ,000008,20251209,93003150,1072816,0,0,B,30400,600,736692,1072815,
000008.SZ,000008,20251209,93003190,1076629,0,0,S,30300,3000,1076628,5693,
000008.SZ,000008,20251209,93003190,1076630,0,0,S,30300,200,1076628,20868,
000008.SZ,000008,20251209,93003310,1082141,0,0,B,30400,100,736692,1082140,
000008.SZ,000008,20251209,93003340,1083061,0,0,B,30400,200,736692,1083060,
000008.SZ,000008,20251209,93003430,1086804,C,0, ,0,5000,0,291527,
000008.SZ,000008,20251209,93003470,1088936,0,0,B,30400,2600,736692,1088935,
000008.SZ,000008,20251209,93003630,1097194,0,0,B,30400,4800,736692,1097193,
000008.SZ,000008,20251209,93003790,1104788,C,0, ,0,16600,1003808,0,
000008.SZ,000008,20251209,93003850,1107932,C,0, ,0,102100,0,478745,
000008.SZ,000008,20251209,93003860,1108418,C,0, ,0,30000,1029700,0,
000008.SZ,000008,20251209,93004050,1119849,C,0, ,0,35700,1004196,0,
000008.SZ,000008,20251209,93004290,1129213,0,0,B,30400,4800,736692,1129212,
000008.SZ,000008,20251209,93004470,1137350,0,0,B,30400,2000,736692,1137349,
000008.SZ,000008,20251209,93004610,1142974,0,0,S,30300,300,1142973,20868,
000008.SZ,000008,20251209,93004630,1144065,0,0,S,30300,2200,1144064,20868,
000008.SZ,000008,20251209,93004720,1147989,C,0, ,0,600,1082262,0,
000008.SZ,000008,20251209,93004880,1153916,0,0,B,30400,2600,736692,1153915,
000008.SZ,000008,20251209,93005450,1173645,C,0, ,0,12900,0,233214,
000008.SZ,000008,20251209,93005630,1177928,0,0,B,30400,1000,736692,1177927,
000008.SZ,000008,20251209,93005810,1182697,0,0,B,30400,200,736692,1182696,
000008.SZ,000008,20251209,93006150,1194698,0,0,S,30300,19500,1194697,20868,
000008.SZ,000008,20251209,93006150,1194699,0,0,S,30300,12800,1194697,23821,
000008.SZ,000008,20251209,93006150,1194713,0,0,S,30300,2200,1194712,23821,
000008.SZ,000008,20251209,93006150,1194714,0,0,S,30300,15000,1194712,29375,
000008.SZ,000008,20251209,93006150,1194715,0,0,S,30300,3900,1194712,35668,
000008.SZ,000008,20251209,93006150,1194716,0,0,S,30300,1500,1194712,91656,
000008.SZ,000008,20251209,93006150,1194717,0,0,S,30300,4600,1194712,102811,
000008.SZ,000008,20251209,93006150,1194839,0,0,B,30400,500,736692,1194838,
000008.SZ,000008,20251209,93006210,1195819,0,0,B,30400,1200,736692,1195818,
000008.SZ,000008,20251209,93006270,1197942,0,0,S,30300,600,1197941,102811,
000008.SZ,000008,20251209,93007040,1221308,0,0,B,30400,900,736692,1221307,
000008.SZ,000008,20251209,93007080,1222805,0,0,B,30400,1000,736692,1222804,
000008.SZ,000008,20251209,93007940,1243561,C,0, ,0,2000,348815,0,
000008.SZ,000008,20251209,93008440,1252415,C,0, ,0,156900,1103513,0,
000008.SZ,000008,20251209,93008680,1256089,0,0,S,30300,4800,1256088,102811,
000008.SZ,000008,20251209,93008680,1256090,0,0,S,30300,1900,1256088,156784,
000008.SZ,000008,20251209,93009060,1262730,0,0,B,30400,1900,736692,1262729,
000008.SZ,000008,20251209,93009150,1264234,0,0,S,30300,21200,1264233,156784,
000008.SZ,000008,20251209,93009150,1264235,0,0,S,30300,6400,1264233,165595,
000008.SZ,000008,20251209,93009150,1264236,0,0,S,30300,1000,1264233,196762,
000008.SZ,000008,20251209,93009150,1264237,0,0,S,30300,10900,1264233,272295,
000008.SZ,000008,20251209,93009150,1264238,0,0,S,30300,3700,1264233,282158,
000008.SZ,000008,20251209,93009150,1264239,0,0,S,30300,700,1264233,295911,
000008.SZ,000008,20251209,93009150,1264240,0,0,S,30300,20000,1264233,308397,
000008.SZ,000008,20251209,93009150,1264241,0,0,S,30300,3000,1264233,314407,
000008.SZ,000008,20251209,93009150,1264242,0,0,S,30300,1700,1264233,321266,
000008.SZ,000008,20251209,93009150,1264243,0,0,S,30300,25000,1264233,342909,
000008.SZ,000008,20251209,93009150,1264244,0,0,S,30300,30000,1264233,349127,
000008.SZ,000008,20251209,93009150,1264245,0,0,S,30300,4200,1264233,378797,
000008.SZ,000008,20251209,93009150,1264246,0,0,S,30300,3000,1264233,408276,
000008.SZ,000008,20251209,93009150,1264247,0,0,S,30300,1000,1264233,421984,
000008.SZ,000008,20251209,93009150,1264248,0,0,S,30300,2000,1264233,440811,
000008.SZ,000008,20251209,93009150,1264249,0,0,S,30300,50000,1264233,447460,
000008.SZ,000008,20251209,93009150,1264250,0,0,S,30300,100000,1264233,482030,
000008.SZ,000008,20251209,93009150,1264251,0,0,S,30300,18000,1264233,524001,
000008.SZ,000008,20251209,93009150,1264252,0,0,S,30300,20000,1264233,743946,
000008.SZ,000008,20251209,93009150,1264253,0,0,S,30300,2000,1264233,762021,
000008.SZ,000008,20251209,93009150,1264254,0,0,S,30300,20000,1264233,776137,
000008.SZ,000008,20251209,93009150,1264255,0,0,S,30300,3000,1264233,831708,
000008.SZ,000008,20251209,93009150,1264256,0,0,S,30300,100,1264233,839903,
000008.SZ,000008,20251209,93009150,1264257,0,0,S,30300,1100,1264233,868480,
000008.SZ,000008,20251209,93009150,1264258,0,0,S,30300,500,1264233,882477,
000008.SZ,000008,20251209,93009150,1264259,0,0,S,30300,10000,1264233,934651,
000008.SZ,000008,20251209,93009150,1264260,0,0,S,30300,2100,1264233,944665,
000008.SZ,000008,20251209,93009150,1264261,0,0,S,30300,100,1264233,1079213,
000008.SZ,000008,20251209,93009150,1264262,0,0,S,30300,400,1264233,1085907,
000008.SZ,000008,20251209,93009150,1264263,0,0,S,30300,2200,1264233,1086854,
000008.SZ,000008,20251209,93009150,1264264,0,0,S,30300,2200,1264233,1093928,
000008.SZ,000008,20251209,93009150,1264265,0,0,S,30300,500,1264233,1094563,
000008.SZ,000008,20251209,93009150,1264266,0,0,S,30300,300,1264233,1094936,
000008.SZ,000008,20251209,93009150,1264267,0,0,S,30300,400,1264233,1094984,
000008.SZ,000008,20251209,93009150,1264268,0,0,S,30300,400,1264233,1095138,
000008.SZ,000008,20251209,93009150,1264269,0,0,S,30300,500,1264233,1095186,
000008.SZ,000008,20251209,93009150,1264270,0,0,S,30300,1000,1264233,1095393,
000008.SZ,000008,20251209,93009150,1264271,0,0,S,30300,100,1264233,1097845,
000008.SZ,000008,20251209,93009150,1264272,0,0,S,30300,100,1264233,1195062,
000008.SZ,000008,20251209,93009150,1264273,0,0,S,30300,800,1264233,1195543,
000008.SZ,000008,20251209,93009150,1264274,0,0,S,30300,100,1264233,1195645,
000008.SZ,000008,20251209,93009150,1264275,0,0,S,30300,300,1264233,1195659,
000008.SZ,000008,20251209,93009150,1264276,0,0,S,30300,500,1264233,1195681,
000008.SZ,000008,20251209,93009150,1264277,0,0,S,30300,100,1264233,1195685,
000008.SZ,000008,20251209,93009150,1264278,0,0,S,30300,300,1264233,1195712,
000008.SZ,000008,20251209,93009150,1264279,0,0,S,30300,300,1264233,1195767,
000008.SZ,000008,20251209,93009150,1264280,0,0,S,30300,100,1264233,1195768,
000008.SZ,000008,20251209,93009150,1264281,0,0,S,30300,700,1264233,1195790,
000008.SZ,000008,20251209,93009150,1264282,0,0,S,30300,1100,1264233,1195793,
000008.SZ,000008,20251209,93009150,1264283,0,0,S,30300,700,1264233,1195795,
000008.SZ,000008,20251209,93009150,1264284,0,0,S,30300,400,1264233,1195852,
000008.SZ,000008,20251209,93009150,1264285,0,0,S,30300,100,1264233,1195971,
000008.SZ,000008,20251209,93009150,1264286,0,0,S,30300,300,1264233,1196321,
000008.SZ,000008,20251209,93009150,1264287,0,0,S,30300,1400,1264233,1197108,
000008.SZ,000008,20251209,93009150,1264288,0,0,S,30300,400,1264233,1197125,
000008.SZ,000008,20251209,93009150,1264289,0,0,S,30300,300,1264233,1198907,
000008.SZ,000008,20251209,93009150,1264290,0,0,S,30300,1300,1264233,1198922,
000008.SZ,000008,20251209,93009150,1264291,0,0,S,30300,100,1264233,1199684,
000008.SZ,000008,20251209,93009150,1264292,0,0,S,30300,100,1264233,1201478,
000008.SZ,000008,20251209,93009150,1264293,0,0,S,30300,200,1264233,1203345,
000008.SZ,000008,20251209,93009150,1264294,0,0,S,30300,100,1264233,1226078,
000008.SZ,000008,20251209,93009150,1264295,0,0,S,30300,300,1264233,1227623,
000008.SZ,000008,20251209,93009150,1264296,0,0,S,30300,10000,1264233,1229166,
000008.SZ,000008,20251209,93009150,1264297,0,0,S,30300,300,1264233,1230307,
000008.SZ,000008,20251209,93009150,1264298,0,0,S,30300,500,1264233,1235398,
000008.SZ,000008,20251209,93009150,1264299,0,0,S,30300,500,1264233,1250328,
000008.SZ,000008,20251209,93009150,1264300,0,0,S,30300,100,1264233,1250331,
000008.SZ,000008,20251209,93009150,1264301,0,0,S,30300,400,1264233,1250344,
000008.SZ,000008,20251209,93009150,1264302,0,0,S,30300,100,1264233,1250347,
000008.SZ,000008,20251209,93009150,1264303,0,0,S,30300,100,1264233,1250363,
000008.SZ,000008,20251209,93009150,1264304,0,0,S,30300,600,1264233,1256152,
000008.SZ,000008,20251209,93009150,1264305,0,0,S,30300,100,1264233,1256908,
000008.SZ,000008,20251209,93009150,1264306,0,0,S,30300,700,1264233,1256913,
000008.SZ,000008,20251209,93009150,1264307,0,0,S,30300,10000,1264233,1259025,
000008.SZ,000008,20251209,93009500,1272054,C,0, ,0,700,295914,0,
000008.SZ,000008,20251209,93009810,1279752,C,0, ,0,154000,736692,0,
000008.SZ,000008,20251209,93010340,1289295,C,0, ,0,600,682542,0,
000008.SZ,000008,20251209,93011120,1302627,C,0, ,0,3800,986329,0,
000008.SZ,000008,20251209,93011710,1309365,0,0,S,30300,400,1309364,1276806,
000008.SZ,000008,20251209,93011710,1309366,0,0,S,30300,400,1309364,1276903,
000008.SZ,000008,20251209,93011710,1309367,0,0,S,30300,800,1309364,1280500,
000008.SZ,000008,20251209,93011710,1309368,0,0,S,30300,600,1309364,1280910,
000008.SZ,000008,20251209,93011720,1309402,C,0, ,0,300,929918,0,
000008.SZ,000008,20251209,93011780,1309944,C,0, ,0,5500,892793,0,
000008.SZ,000008,20251209,93011980,1311889,C,0, ,0,200,892585,0,
000008.SZ,000008,20251209,93012050,1312840,C,0, ,0,5600,929345,0,
000008.SZ,000008,20251209,93012060,1312892,C,0, ,0,1900,1222708,0,
000008.SZ,000008,20251209,93012150,1313890,0,0,B,30300,1000,1309364,1313889,
000008.SZ,000008,20251209,93012150,1313944,0,0,B,30300,300,1309364,1313943,
000008.SZ,000008,20251209,93012160,1314490,0,0,B,30300,800,1309364,1314489,
000008.SZ,000008,20251209,93012200,1316004,C,0, ,0,2100,757086,0,
000008.SZ,000008,20251209,93012260,1317147,0,0,S,30300,1000,1317146,1314489,
000008.SZ,000008,20251209,93012330,1318199,C,0, ,0,2200,803932,0,
000008.SZ,000008,20251209,93012450,1321748,0,0,S,30300,300,1321747,1314489,
000008.SZ,000008,20251209,93012450,1321749,0,0,S,30300,700,1321747,1315595,
000008.SZ,000008,20251209,93012460,1321760,C,0, ,0,2300,1230961,0,
000008.SZ,000008,20251209,93012590,1323898,0,0,S,30300,600,1323897,1315595,
000008.SZ,000008,20251209,93012590,1323899,0,0,S,30300,500,1323897,1316013,
000008.SZ,000008,20251209,93012590,1323900,0,0,S,30300,100,1323897,1322113,
000008.SZ,000008,20251209,93012590,1323901,0,0,S,30300,100,1323897,1323858,
000008.SZ,000008,20251209,93012700,1326326,C,0, ,0,100,1256513,0,
000008.SZ,000008,20251209,93012860,1329237,0,0,B,30300,100,1323897,1329236,
000008.SZ,000008,20251209,93012960,1330480,C,0, ,0,500,1218923,0,
000008.SZ,000008,20251209,93012960,1330490,C,0, ,0,16300,1218942,0,
000008.SZ,000008,20251209,93012970,1330639,C,0, ,0,18900,1260477,0,
000008.SZ,000008,20251209,93013060,1331817,0,0,S,30300,1900,1331816,1329236,
000008.SZ,000008,20251209,93013070,1331928,C,0, ,0,8400,1222613,0,
000008.SZ,000008,20251209,93013070,1331939,C,0, ,0,2800,1222608,0,
000008.SZ,000008,20251209,93013070,1331940,C,0, ,0,8400,1262819,0,
000008.SZ,000008,20251209,93013070,1331941,C,0, ,0,16800,1222607,0,
000008.SZ,000008,20251209,93013150,1332944,C,0, ,0,2600,884255,0,
000008.SZ,000008,20251209,93013210,1333874,C,0, ,0,2500,757199,0,
000008.SZ,000008,20251209,93013210,1333958,0,0,S,30300,500,1333957,1329236,
000008.SZ,000008,20251209,93013210,1333959,0,0,S,30300,1100,1333957,1330179,
000008.SZ,000008,20251209,93013210,1333960,0,0,S,30300,500,1333957,1331143,
000008.SZ,000008,20251209,93013230,1334558,C,0, ,0,2500,828716,0,
000008.SZ,000008,20251209,93013300,1335720,C,0, ,0,2300,804557,0,
000008.SZ,000008,20251209,93013300,1335731,C,0, ,0,2500,805099,0,
000008.SZ,000008,20251209,93013300,1335748,C,0, ,0,2600,804482,0,
000008.SZ,000008,20251209,93013300,1335754,C,0, ,0,700,804497,0,
000008.SZ,000008,20251209,93013310,1335868,C,0, ,0,2500,839397,0,
000008.SZ,000008,20251209,93013310,1335869,C,0, ,0,2500,836929,0,
000008.SZ,000008,20251209,93013330,1336528,0,0,S,30300,100,1336527,1331143,
000008.SZ,000008,20251209,93013330,1336529,0,0,S,30300,400,1336527,1332514,
000008.SZ,000008,20251209,93013330,1336530,0,0,S,30300,300,1336527,1333002,
000008.SZ,000008,20251209,93013380,1337531,0,0,B,30300,600,1336527,1337530,
000008.SZ,000008,20251209,93013460,1338970,0,0,B,30300,100,1336527,1338969,
000008.SZ,000008,20251209,93013680,1344092,C,0, ,0,3000,877282,0,
000008.SZ,000008,20251209,93014070,1349132,C,0, ,0,6100,1313015,0,
000008.SZ,000008,20251209,93014070,1349138,C,0, ,0,6500,1313016,0,
000008.SZ,000008,20251209,93014350,1352508,C,0, ,0,100,942943,0,
000008.SZ,000008,20251209,93014430,1353479,C,0, ,0,300,1135334,0,
000008.SZ,000008,20251209,93014530,1354497,C,0, ,0,2400,962749,0,
000008.SZ,000008,20251209,93014690,1356346,0,0,S,30200,700,1356345,12652,
000008.SZ,000008,20251209,93014690,1356347,0,0,S,30200,17500,1356345,14611,
000008.SZ,000008,20251209,93014840,1357843,0,0,B,30300,700,1336527,1357842,
000008.SZ,000008,20251209,93014840,1357844,0,0,B,30300,300,1344607,1357842,
000008.SZ,000008,20251209,93014840,1357845,0,0,B,30300,1000,1350142,1357842,
000008.SZ,000008,20251209,93015150,1361332,0,0,B,30300,1500,1350142,1361331,
000008.SZ,000008,20251209,93015150,1361333,0,0,B,30300,1700,1350770,1361331,
000008.SZ,000008,20251209,93015150,1361373,0,0,B,30300,300,1350770,1361372,
000008.SZ,000008,20251209,93015150,1361380,0,0,B,30300,400,1350770,1361379,
000008.SZ,000008,20251209,93015150,1361388,0,0,B,30300,100,1350770,1361387,
000008.SZ,000008,20251209,93015150,1361389,0,0,B,30300,300,1351158,1361387,
000008.SZ,000008,20251209,93015160,1361468,0,0,B,30300,700,1351158,1361467,
000008.SZ,000008,20251209,93015160,1361470,0,0,B,30300,500,1351158,1361469,
000008.SZ,000008,20251209,93015160,1361472,0,0,B,30300,100,1351158,1361471,
000008.SZ,000008,20251209,93015160,1361518,0,0,B,30300,900,1351158,1361517,
000008.SZ,000008,20251209,93015160,1361519,0,0,B,30300,2100,1351934,1361517,
000008.SZ,000008,20251209,93015160,1361521,0,0,B,30300,200,1351934,1361520,
000008.SZ,000008,20251209,93015160,1361542,0,0,B,30300,200,1351934,1361541,
000008.SZ,000008,20251209,93015160,1361543,0,0,B,30300,300,1351939,1361541,
000008.SZ,000008,20251209,93015190,1361829,0,0,B,30300,400,1351939,1361828,
000008.SZ,000008,20251209,93015190,1361833,0,0,B,30300,300,1351939,1361832,
000008.SZ,000008,20251209,93015190,1361835,0,0,B,30300,700,1351939,1361834,
000008.SZ,000008,20251209,93015190,1361837,0,0,B,30300,600,1351939,1361836,
000008.SZ,000008,20251209,93015330,1365978,C,0, ,0,1200,1296505,0,
000008.SZ,000008,20251209,93015560,1372886,0,0,B,30300,2500,1351993,1372885,
000008.SZ,000008,20251209,93015560,1372887,0,0,B,30300,2500,1352060,1372885,
000008.SZ,000008,20251209,93015560,1372888,0,0,B,30300,2400,1352138,1372885,
000008.SZ,000008,20251209,93015560,1372889,0,0,B,30300,2600,1356254,1372885,
000008.SZ,000008,20251209,93016160,1383611,C,0, ,0,1900,1144972,0,
000008.SZ,000008,20251209,93016510,1392365,C,0, ,0,63600,156644,0,
000008.SZ,000008,20251209,93016570,1393199,C,0, ,0,400,1206744,0,
000008.SZ,000008,20251209,93016760,1396909,C,0, ,0,400,1213634,0,
000008.SZ,000008,20251209,93016950,1399064,C,0, ,0,2400,1218505,0,
000008.SZ,000008,20251209,93017080,1400688,C,0, ,0,36800,502380,0,
000008.SZ,000008,20251209,93017140,1401291,C,0, ,0,2200,1132143,0,
000008.SZ,000008,20251209,93017140,1401295,C,0, ,0,1700,1151489,0,
000008.SZ,000008,20251209,93017140,1401301,C,0, ,0,6700,1141512,0,
000008.SZ,000008,20251209,93017140,1401322,C,0, ,0,1000,1146104,0,
000008.SZ,000008,20251209,93017160,1401744,C,0, ,0,1000,1142501,0,
000008.SZ,000008,20251209,93017440,1405275,C,0, ,0,200,1203675,0,
000008.SZ,000008,20251209,93017510,1405961,C,0, ,0,900,1204879,0,
000008.SZ,000008,20251209,93017960,1410789,0,0,B,30300,400,1356254,1410788,
000008.SZ,000008,20251209,93017960,1410790,0,0,B,30300,200,1359206,1410788,
000008.SZ,000008,20251209,93017960,1410791,0,0,B,30300,100,1361356,1410788,
000008.SZ,000008,20251209,93017960,1410792,0,0,B,30300,100,1361367,1410788,
000008.SZ,000008,20251209,93017960,1410793,0,0,B,30300,100,1361422,1410788,
000008.SZ,000008,20251209,93017960,1410794,0,0,B,30300,400,1365982,1410788,
000008.SZ,000008,20251209,93018150,1412959,0,0,B,30300,100,1365982,1412958,
000008.SZ,000008,20251209,93018150,1413016,0,0,B,30300,200,1365982,1413015,
000008.SZ,000008,20251209,93018260,1415419,C,0, ,0,2100,1226082,0,
000008.SZ,000008,20251209,93018370,1417139,C,0, ,0,200,915983,0,
000008.SZ,000008,20251209,93018570,1421865,C,0, ,0,300,1035443,0,
000008.SZ,000008,20251209,93018630,1423111,C,0, ,0,1400,949500,0,
000008.SZ,000008,20251209,93018740,1425009,C,0, ,0,2900,1256952,0,
000008.SZ,000008,20251209,93019490,1436650,C,0, ,0,100,1193668,0,
000008.SZ,000008,20251209,93020280,1447416,0,0,S,30200,4500,1447415,14611,
000008.SZ,000008,20251209,93020280,1447417,0,0,S,30200,300,1447415,47467,
000008.SZ,000008,20251209,93020790,1453243,C,0, ,0,500,0,1021728,
000008.SZ,000008,20251209,93021210,1457925,0,0,B,30300,100,1366320,1457924,
000008.SZ,000008,20251209,93021210,1457926,0,0,B,30300,300,1367762,1457924,
000008.SZ,000008,20251209,93022260,1477463,C,0, ,0,2500,1295240,0,
000008.SZ,000008,20251209,93023040,1489743,0,0,S,30200,1400,1489742,47467,
000008.SZ,000008,20251209,93024170,1501347,0,0,B,30300,400,1367762,1501346,
000008.SZ,000008,20251209,93024780,1512004,0,0,S,30200,200,1512003,47467,
000008.SZ,000008,20251209,93025300,1519156,C,0, ,0,8100,658192,0,
000008.SZ,000008,20251209,93025440,1521354,0,0,S,30200,2100,1521353,47467,
000008.SZ,000008,20251209,93025440,1521355,0,0,S,30200,200,1521353,71349,
000008.SZ,000008,20251209,93026280,1532302,0,0,S,30200,700,1532301,71349,
000008.SZ,000008,20251209,93027070,1540107,0,0,B,30300,1100,1367762,1540106,
000008.SZ,000008,20251209,93027150,1541203,0,0,B,30300,600,1367762,1541202,
000008.SZ,000008,20251209,93027150,1541204,0,0,B,30300,300,1367932,1541202,
000008.SZ,000008,20251209,93027150,1541205,0,0,B,30300,100,1376628,1541202,
000008.SZ,000008,20251209,93027150,1541206,0,0,B,30300,500,1382447,1541202,
000008.SZ,000008,20251209,93027150,1541209,0,0,B,30300,600,1382447,1541208,
000008.SZ,000008,20251209,93028070,1555823,0,0,B,30300,400,1382447,1555822,
000008.SZ,000008,20251209,93028070,1555825,0,0,B,30300,800,1382447,1555824,
000008.SZ,000008,20251209,93028260,1558809,C,0, ,0,200,0,1541115,
000008.SZ,000008,20251209,93028460,1562502,C,0, ,0,10800,514971,0,
000008.SZ,000008,20251209,93028840,1568002,0,0,B,30300,200,1382447,1568001,
000008.SZ,000008,20251209,93030060,1583570,0,0,S,30200,500,1583569,71349,
000008.SZ,000008,20251209,93030150,1585089,0,0,B,30300,1000,1382447,1585088,
000008.SZ,000008,20251209,93030220,1586563,0,0,S,30200,100,1586562,71349,
000008.SZ,000008,20251209,93030220,1586564,0,0,S,30200,2500,1586562,135745,
000008.SZ,000008,20251209,93030220,1586565,0,0,S,30200,100000,1586562,155447,
000008.SZ,000008,20251209,93030220,1586566,0,0,S,30200,51400,1586562,160216,
000008.SZ,000008,20251209,93031270,1605513,C,0, ,0,10000,6082,0,
000008.SZ,000008,20251209,93032020,1617654,C,0, ,0,11500,1402807,0,
000008.SZ,000008,20251209,93032350,1621578,C,0, ,0,3000,802699,0,
000008.SZ,000008,20251209,93033030,1628761,0,0,S,30200,100,1628760,160216,
000008.SZ,000008,20251209,93033040,1628908,C,0, ,0,1800,1262236,0,
000008.SZ,000008,20251209,93034330,1650210,0,0,B,30300,2100,1382447,1650209,
000008.SZ,000008,20251209,93034330,1650211,0,0,B,30300,2800,1412116,1650209,
000008.SZ,000008,20251209,93034330,1650212,0,0,B,30300,7100,1412119,1650209,
000008.SZ,000008,20251209,93034330,1650213,0,0,B,30300,100,1413602,1650209,
000008.SZ,000008,20251209,93034330,1650214,0,0,B,30300,7600,1414014,1650209,
000008.SZ,000008,20251209,93034610,1655254,0,0,B,30300,2700,1414014,1655253,
000008.SZ,000008,20251209,93034620,1655350,0,0,B,30300,500,1414014,1655349,
000008.SZ,000008,20251209,93034620,1655564,0,0,B,30300,800,1414014,1655563,
000008.SZ,000008,20251209,93034620,1655585,0,0,B,30300,500,1414014,1655584,
000008.SZ,000008,20251209,93034630,1655681,0,0,B,30300,400,1414014,1655680,
000008.SZ,000008,20251209,93034630,1655697,0,0,B,30300,1200,1414014,1655696,
000008.SZ,000008,20251209,93034630,1655699,0,0,B,30300,200,1414014,1655698,
000008.SZ,000008,20251209,93034630,1655705,0,0,B,30300,500,1414014,1655704,
000008.SZ,000008,20251209,93034630,1655708,0,0,B,30300,200,1414014,1655707,
000008.SZ,000008,20251209,93034630,1655749,0,0,B,30300,300,1414014,1655748,
000008.SZ,000008,20251209,93034910,1661262,0,0,B,30300,1000,1414014,1661261,
000008.SZ,000008,20251209,93035230,1666222,0,0,B,30300,100,1414014,1666221,
000008.SZ,000008,20251209,93035230,1666228,0,0,B,30300,300,1414014,1666227,
000008.SZ,000008,20251209,93035250,1666550,0,0,B,30300,100,1414014,1666549,
000008.SZ,000008,20251209,93035270,1666766,0,0,B,30300,200,1414014,1666765,
000008.SZ,000008,20251209,93035280,1666830,0,0,B,30300,100,1414014,1666829,
000008.SZ,000008,20251209,93035280,1666860,0,0,B,30300,100,1414014,1666859,
000008.SZ,000008,20251209,93035280,1666926,0,0,B,30300,100,1414014,1666925,
000008.SZ,000008,20251209,93035280,1666967,0,0,B,30300,100,1414014,1666966,
000008.SZ,000008,20251209,93035290,1667005,0,0,B,30300,100,1414014,1667004,
000008.SZ,000008,20251209,93035350,1667886,0,0,B,30300,100,1414014,1667885,
000008.SZ,000008,20251209,93035350,1667888,0,0,B,30300,200,1414014,1667887,
000008.SZ,000008,20251209,93035580,1671306,0,0,B,30300,100,1414014,1671305,
000008.SZ,000008,20251209,93035710,1673670,0,0,S,30200,10100,1673669,160216,
000008.SZ,000008,20251209,93036050,1679856,0,0,S,30200,1700,1679855,160216,
000008.SZ,000008,20251209,93036150,1681382,0,0,B,30300,200,1414014,1681381,
000008.SZ,000008,20251209,93036150,1681385,0,0,B,30300,1400,1414014,1681384,
000008.SZ,000008,20251209,93036150,1681388,0,0,B,30300,900,1414014,1681387,
000008.SZ,000008,20251209,93036150,1681389,0,0,B,30300,800,1418417,1681387,
000008.SZ,000008,20251209,93036360,1686638,0,0,S,30200,11500,1686637,160216,
000008.SZ,000008,20251209,93036610,1692446,C,0, ,0,2300,1654179,0,
000008.SZ,000008,20251209,93038240,1719903,0,0,S,30200,3000,1719902,160216,
000008.SZ,000008,20251209,93038470,1724358,0,0,S,30200,3300,1724357,160216,
000008.SZ,000008,20251209,93038530,1725283,0,0,S,30200,18800,1725282,160216,
000008.SZ,000008,20251209,93038530,1725284,0,0,S,30200,4500,1725282,160228,
000008.SZ,000008,20251209,93039150,1735905,0,0,B,30300,1500,1418417,1735904,
000008.SZ,000008,20251209,93039150,1735906,0,0,B,30300,100,1423989,1735904,
000008.SZ,000008,20251209,93039260,1738231,0,0,S,30200,21100,1738230,160228,
000008.SZ,000008,20251209,93039780,1747532,C,0, ,0,3700,892208,0,
000008.SZ,000008,20251209,93040720,1765486,0,0,B,30300,500,1428260,1765485,
000008.SZ,000008,20251209,93040720,1765487,0,0,B,30300,4500,1428261,1765485,
000008.SZ,000008,20251209,93040990,1769841,C,0, ,0,7700,0,192104,
000008.SZ,000008,20251209,93041770,1784077,C,0, ,0,3900,823046,0,
000008.SZ,000008,20251209,93043930,1822510,C,0, ,0,10000,739191,0,
000008.SZ,000008,20251209,93044550,1830862,C,0, ,0,122800,0,879665,
000008.SZ,000008,20251209,93044850,1834342,C,0, ,0,13200,2111,0,
000008.SZ,000008,20251209,93045360,1841624,C,0, ,0,2500,203600,0,
000008.SZ,000008,20251209,93047020,1866293,0,0,S,30200,3000,1866292,160228,
000008.SZ,000008,20251209,93047850,1876733,C,0, ,0,67000,1704560,0,
000008.SZ,000008,20251209,93048210,1881120,0,0,B,30300,800,1428261,1881119,
000008.SZ,000008,20251209,93049960,1904958,0,0,B,30300,100,1428261,1904957,
000008.SZ,000008,20251209,93050490,1911631,C,0, ,0,3000,0,1048473,
000008.SZ,000008,20251209,93051150,1919024,0,0,B,30300,500,1428261,1919023,
000008.SZ,000008,20251209,93051150,1919038,0,0,B,30300,500,1428261,1919037,
000008.SZ,000008,20251209,93052480,1936646,0,0,S,30200,800,1936645,160228,
000008.SZ,000008,20251209,93053010,1942578,0,0,S,30200,2200,1942577,160228,
000008.SZ,000008,20251209,93053010,1942589,0,0,S,30200,2200,1942588,160228,
000008.SZ,000008,20251209,93053080,1943316,C,0, ,0,9600,0,496074,
000008.SZ,000008,20251209,93054150,1955744,0,0,B,30300,600,1428261,1955743,
000008.SZ,000008,20251209,93055150,1968194,0,0,S,30200,100,1968193,160228,
000008.SZ,000008,20251209,93058510,2009747,C,0, ,0,10000,983937,0,
000008.SZ,000008,20251209,93059250,2017906,0,0,S,30200,13700,2017905,160228,
000008.SZ,000008,20251209,93100060,2027011,0,0,S,30200,500,2027010,160228,
000008.SZ,000008,20251209,93103140,2073758,C,0, ,0,300000,0,1732969,
000008.SZ,000008,20251209,93103380,2079097,0,0,S,30200,3700,2079096,160228,
000008.SZ,000008,20251209,93104170,2092023,0,0,S,30200,1200,2092022,160228,
000008.SZ,000008,20251209,93104240,2093332,C,0, ,0,3800,0,879158,
000008.SZ,000008,20251209,93104630,2100116,C,0, ,0,67000,0,1555433,
000008.SZ,000008,20251209,93104830,2102605,C,0, ,0,100,152351,0,
000008.SZ,000008,20251209,93104860,2102950,0,0,S,30200,10000,2102949,160228,
000008.SZ,000008,20251209,93105150,2106560,0,0,S,30200,3000,2106559,160228,
000008.SZ,000008,20251209,93106960,2134215,0,0,S,30200,100,2134214,160228,
000008.SZ,000008,20251209,93107750,2146117,0,0,B,30300,1000,1428261,2146116,
000008.SZ,000008,20251209,93108570,2157149,C,0, ,0,28200,1536694,0,
000008.SZ,000008,20251209,93108570,2157198,C,0, ,0,35900,1832430,0,
000008.SZ,000008,20251209,93108590,2157472,C,0, ,0,25300,1496422,0,
000008.SZ,000008,20251209,93108590,2157474,C,0, ,0,37000,1099931,0,
000008.SZ,000008,20251209,93111660,2198243,0,0,B,30300,2000,1428261,2198242,
000008.SZ,000008,20251209,93112150,2204102,0,0,B,30300,400,1428261,2204101,
000008.SZ,000008,20251209,93113540,2224845,0,0,B,30300,500,1428261,2224844,
000008.SZ,000008,20251209,93114030,2231136,0,0,S,30200,200,2231135,160228,
000008.SZ,000008,20251209,93114580,2237285,0,0,S,30200,11000,2237284,160228,
000008.SZ,000008,20251209,93116250,2259144,C,0, ,0,1800,1648389,0,
000008.SZ,000008,20251209,93116250,2259165,C,0, ,0,2800,1648394,0,
000008.SZ,000008,20251209,93116250,2259166,C,0, ,0,2600,1648402,0,
000008.SZ,000008,20251209,93116260,2259227,C,0, ,0,2800,1648941,0,
000008.SZ,000008,20251209,93117560,2276910,C,0, ,0,36800,1498099,0,
000008.SZ,000008,20251209,93120270,2309558,C,0, ,0,700,1648699,0,
000008.SZ,000008,20251209,93120270,2309578,C,0, ,0,2900,1648684,0,
000008.SZ,000008,20251209,93120290,2309685,C,0, ,0,800,1651189,0,
000008.SZ,000008,20251209,93120290,2309726,C,0, ,0,3100,1650624,0,
000008.SZ,000008,20251209,93120290,2309755,C,0, ,0,3200,1648556,0,
000008.SZ,000008,20251209,93120300,2309773,C,0, ,0,4100,1648574,0,
000008.SZ,000008,20251209,93120300,2309776,C,0, ,0,2200,1648568,0,
000008.SZ,000008,20251209,93120340,2310200,C,0, ,0,4300,1650756,0,
000008.SZ,000008,20251209,93120340,2310204,C,0, ,0,10500,1649052,0,
000008.SZ,000008,20251209,93120340,2310220,C,0, ,0,4900,1648982,0,
000008.SZ,000008,20251209,93120630,2313295,C,0, ,0,1500,1649996,0,
000008.SZ,000008,20251209,93121150,2318587,0,0,S,30200,2800,2318586,160228,
000008.SZ,000008,20251209,93123020,2340653,0,0,S,30200,1000,2340652,160228,
000008.SZ,000008,20251209,93123200,2342905,C,0, ,0,15100,45278,0,
000008.SZ,000008,20251209,93125930,2373900,C,0, ,0,2900,339451,0,
000008.SZ,000008,20251209,93129000,2409224,0,0,S,30200,500,2409223,160228,
000008.SZ,000008,20251209,93130060,2419945,0,0,S,30200,500,2419944,160228,
000008.SZ,000008,20251209,93130250,2422510,0,0,B,30300,500,1428261,2422509,
000008.SZ,000008,20251209,93132470,2450051,0,0,B,30300,3200,1428261,2450050,
000008.SZ,000008,20251209,93132480,2450164,0,0,B,30300,1900,1428261,2450163,
000008.SZ,000008,20251209,93133150,2456831,0,0,B,30300,2000,1428261,2456830,
000008.SZ,000008,20251209,93133160,2456941,0,0,B,30300,600,1428261,2456940,
000008.SZ,000008,20251209,93135400,2483597,0,0,S,30200,1200,2483596,160228,
000008.SZ,000008,20251209,93135890,2488388,0,0,S,30200,3000,2488387,160228,
000008.SZ,000008,20251209,93139260,2526553,C,0, ,0,5000,0,721158,
000008.SZ,000008,20251209,93140520,2542300,0,0,S,30200,13000,2542299,160228,
000008.SZ,000008,20251209,93141140,2549794,0,0,S,30200,600,2549793,160228,
000008.SZ,000008,20251209,93141140,2549795,0,0,S,30200,3300,2549793,173427,
000008.SZ,000008,20251209,93141140,2549796,0,0,S,30200,1400,2549793,178434,
000008.SZ,000008,20251209,93141800,2556901,0,0,B,30300,200,1428261,2556900,
000008.SZ,000008,20251209,93142180,2560510,0,0,S,30200,2900,2560509,178434,
000008.SZ,000008,20251209,93142180,2560511,0,0,S,30200,3000,2560509,180461,
000008.SZ,000008,20251209,93142180,2560512,0,0,S,30200,1600,2560509,187857,
000008.SZ,000008,20251209,93142180,2560513,0,0,S,30200,400,2560509,207279,
000008.SZ,000008,20251209,93142380,2563253,0,0,B,30300,1800,1428261,2563252,
000008.SZ,000008,20251209,93142380,2563254,0,0,B,30300,5300,1428823,2563252,
000008.SZ,000008,20251209,93142670,2566476,0,0,S,30200,19500,2566475,207279,
000008.SZ,000008,20251209,93143650,2578532,0,0,S,30200,200,2578531,207279,
000008.SZ,000008,20251209,93143650,2578533,0,0,S,30200,200,2578531,239396,
000008.SZ,000008,20251209,93143650,2578534,0,0,S,30200,2000,2578531,316675,
000008.SZ,000008,20251209,93143650,2578535,0,0,S,30200,1300,2578531,326382,
000008.SZ,000008,20251209,93144680,2590784,0,0,S,30200,1000,2590783,326382,
000008.SZ,000008,20251209,93144680,2590785,0,0,S,30200,2200,2590783,433339,
000008.SZ,000008,20251209,93144680,2590786,0,0,S,30200,4000,2590783,434241,
000008.SZ,000008,20251209,93144680,2590787,0,0,S,30200,3000,2590783,449674,
000008.SZ,000008,20251209,93144680,2590788,0,0,S,30200,400,2590783,467264,
000008.SZ,000008,20251209,93145180,2595585,0,0,B,30300,200,1428823,2595584,
000008.SZ,000008,20251209,93145190,2595789,0,0,S,30200,7900,2595788,467264,
000008.SZ,000008,20251209,93145340,2598014,0,0,S,30200,1500,2598013,467264,
000008.SZ,000008,20251209,93145550,2600770,0,0,S,30200,200,2600769,467264,
000008.SZ,000008,20251209,93145550,2600771,0,0,S,30200,100,2600769,650159,
000008.SZ,000008,20251209,93146180,2609908,0,0,S,30200,4200,2609907,650159,
000008.SZ,000008,20251209,93146180,2609909,0,0,S,30200,1000,2609907,672298,
000008.SZ,000008,20251209,93146180,2609910,0,0,S,30200,200,2609907,733644,
000008.SZ,000008,20251209,93146180,2609911,0,0,S,30200,400,2609907,744651,
000008.SZ,000008,20251209,93146180,2609912,0,0,S,30200,10000,2609907,772934,
000008.SZ,000008,20251209,93146180,2609913,0,0,S,30200,4900,2609907,779627,
000008.SZ,000008,20251209,93146180,2609914,0,0,S,30200,500,2609907,785659,
000008.SZ,000008,20251209,93146180,2609915,0,0,S,30200,1000,2609907,797232,
000008.SZ,000008,20251209,93146180,2609916,0,0,S,30200,1100,2609907,802938,
000008.SZ,000008,20251209,93146670,2616784,0,0,S,30200,100,2616783,802938,
000008.SZ,000008,20251209,93148160,2632329,0,0,B,30300,200,1428823,2632328,
000008.SZ,000008,20251209,93148180,2632862,0,0,S,30200,900,2632861,802938,
000008.SZ,000008,20251209,93148180,2632863,0,0,S,30200,1800,2632861,832944,
000008.SZ,000008,20251209,93148830,2640948,C,0, ,0,1000,0,2092120,
000008.SZ,000008,20251209,93149760,2651258,C,0, ,0,3000,1216299,0,
000008.SZ,000008,20251209,93150660,2659898,0,0,S,30200,500,2659897,832944,
000008.SZ,000008,20251209,93151110,2663912,C,0, ,0,10000,0,1957078,
000008.SZ,000008,20251209,93151170,2664603,0,0,B,30300,10000,1428823,2664602,
000008.SZ,000008,20251209,93153940,2694448,C,0, ,0,700,896637,0,
000008.SZ,000008,20251209,93155300,2710225,0,0,S,30200,700,2710224,832944,
000008.SZ,000008,20251209,93155300,2710226,0,0,S,30200,1000,2710224,849347,
000008.SZ,000008,20251209,93155300,2710227,0,0,S,30200,1300,2710224,946833,
000008.SZ,000008,20251209,93156580,2722859,C,0, ,0,1900,815544,0,
000008.SZ,000008,20251209,93156690,2723883,C,0, ,0,5000,0,2409917,
000008.SZ,000008,20251209,93157740,2734747,C,0, ,0,2000,0,1846971,
000008.SZ,000008,20251209,93158410,2741511,C,0, ,0,5000,1942865,0,
000008.SZ,000008,20251209,93158680,2744416,0,0,S,30200,500,2744415,946833,
000008.SZ,000008,20251209,93158680,2744417,0,0,S,30200,1800,2744415,991133,
000008.SZ,000008,20251209,93159150,2749037,0,0,S,30200,700,2749036,991133,
000008.SZ,000008,20251209,93159310,2750505,C,0, ,0,19900,0,2303346,
000008.SZ,000008,20251209,93200060,2757451,0,0,S,30200,500,2757450,991133,
000008.SZ,000008,20251209,93200580,2766088,0,0,B,30300,1300,1428823,2766087,
000008.SZ,000008,20251209,93200590,2766176,0,0,B,30300,500,1428823,2766175,
000008.SZ,000008,20251209,93200600,2766309,0,0,B,30300,300,1428823,2766308,
000008.SZ,000008,20251209,93200640,2767237,C,0, ,0,200,0,1362334,
000008.SZ,000008,20251209,93200760,2769171,0,0,B,30300,200,1428823,2769170,
000008.SZ,000008,20251209,93202050,2786166,0,0,S,30200,2000,2786165,991133,
000008.SZ,000008,20251209,93202050,2786167,0,0,S,30200,500,2786165,1007553,
000008.SZ,000008,20251209,93202050,2786168,0,0,S,30200,3900,2786165,1038342,
000008.SZ,000008,20251209,93202230,2788209,0,0,S,30200,3500,2788208,1038342,
000008.SZ,000008,20251209,93203810,2806815,0,0,S,30200,200,2806814,1038342,
000008.SZ,000008,20251209,93203810,2806816,0,0,S,30200,2000,2806814,1054526,
000008.SZ,000008,20251209,93203810,2806817,0,0,S,30200,1000,2806814,1259758,
000008.SZ,000008,20251209,93203810,2806818,0,0,S,30200,700,2806814,1277694,
000008.SZ,000008,20251209,93203810,2806819,0,0,S,30200,1200,2806814,1328960,
000008.SZ,000008,20251209,93203980,2808594,C,0, ,0,700,1277691,0,
000008.SZ,000008,20251209,93204000,2808836,C,0, ,0,200,1266828,0,
000008.SZ,000008,20251209,93204760,2819108,C,0, ,0,4700,0,2181895,
000008.SZ,000008,20251209,93205660,2828290,0,0,S,30200,4200,2828289,1328960,
000008.SZ,000008,20251209,93205830,2829698,0,0,S,30200,5000,2829697,1328960,
000008.SZ,000008,20251209,93206800,2840484,0,0,S,30200,33000,2840483,1328960,
000008.SZ,000008,20251209,93206910,2841514,C,0, ,0,100,1265682,0,
000008.SZ,000008,20251209,93207910,2853717,C,0, ,0,1000,0,2768188,
000008.SZ,000008,20251209,93209360,2869598,0,0,S,30200,1900,2869597,1328960,
000008.SZ,000008,20251209,93209600,2872073,0,0,S,30200,7200,2872072,1328960,
000008.SZ,000008,20251209,93212160,2901911,0,0,B,30300,300,1428823,2901910,
000008.SZ,000008,20251209,93212760,2910161,C,0, ,0,600,1203471,0,
000008.SZ,000008,20251209,93214900,2940218,C,0, ,0,3000,0,2298616,
000008.SZ,000008,20251209,93214920,2940546,0,0,S,30200,2600,2940545,1328960,
000008.SZ,000008,20251209,93215270,2944935,0,0,S,30200,11100,2944934,1328960,
000008.SZ,000008,20251209,93215780,2951928,C,0, ,0,4700,0,2805470,
000008.SZ,000008,20251209,93217250,2969766,0,0,S,30200,300,2969765,1328960,
000008.SZ,000008,20251209,93217250,2969767,0,0,S,30200,500,2969765,1361430,
000008.SZ,000008,20251209,93218300,2981181,0,0,S,30200,5900,2981180,1361430,
000008.SZ,000008,20251209,93218340,2981608,0,0,S,30200,4900,2981607,1361430,
000008.SZ,000008,20251209,93218340,2981609,0,0,S,30200,100,2981607,1361549,
000008.SZ,000008,20251209,93218340,2981610,0,0,S,30200,1100,2981607,1361991,
000008.SZ,000008,20251209,93218340,2981611,0,0,S,30200,300,2981607,1362008,
000008.SZ,000008,20251209,93218340,2981612,0,0,S,30200,400,2981607,1363167,
000008.SZ,000008,20251209,93218340,2981613,0,0,S,30200,700,2981607,1379032,
000008.SZ,000008,20251209,93218340,2981614,0,0,S,30200,3300,2981607,1405097,
000008.SZ,000008,20251209,93218340,2981615,0,0,S,30200,10300,2981607,1412945,
000008.SZ,000008,20251209,93218340,2981616,0,0,S,30200,900,2981607,1458020,
000008.SZ,000008,20251209,93218480,2983547,C,0, ,0,30000,0,1463506,
000008.SZ,000008,20251209,93218480,2983568,0,0,S,30200,100,2983567,1458020,
000008.SZ,000008,20251209,93218670,2986085,C,0, ,0,3500,5696,0,
000008.SZ,000008,20251209,93219010,2989797,0,0,S,30200,500,2989796,1458020,
000008.SZ,000008,20251209,93219640,2997364,C,0, ,0,4500,716540,0,
000008.SZ,000008,20251209,93220240,3003482,C,0, ,0,10000,924655,0,
000008.SZ,000008,20251209,93221210,3012211,C,0, ,0,200,0,2212581,
000008.SZ,000008,20251209,93222050,3021539,0,0,B,30300,1300,1428823,3021538,
000008.SZ,000008,20251209,93222050,3021540,0,0,B,30300,2300,1429628,3021538,
000008.SZ,000008,20251209,93223090,3032484,C,0, ,0,100,0,2686364,
000008.SZ,000008,20251209,93223720,3038301,C,0, ,0,10000,0,1831988,
000008.SZ,000008,20251209,93223760,3038686,0,0,S,30200,600,3038685,1458020,
000008.SZ,000008,20251209,93224210,3042468,0,0,S,30200,5800,3042467,1458020,
000008.SZ,000008,20251209,93224210,3042470,0,0,S,30200,2300,3042469,1458020,
000008.SZ,000008,20251209,93224210,3042471,0,0,S,30200,100,3042469,1466557,
000008.SZ,000008,20251209,93224210,3042472,0,0,S,30200,1000,3042469,1471007,
000008.SZ,000008,20251209,93224210,3042473,0,0,S,30200,100,3042469,1502065,
000008.SZ,000008,20251209,93224210,3042474,0,0,S,30200,100,3042469,1502627,
000008.SZ,000008,20251209,93224210,3042475,0,0,S,30200,500,3042469,1502661,
000008.SZ,000008,20251209,93224210,3042476,0,0,S,30200,100,3042469,1503203,
000008.SZ,000008,20251209,93224210,3042477,0,0,S,30200,100,3042469,1503630,
000008.SZ,000008,20251209,93224210,3042478,0,0,S,30200,100,3042469,1503900,
000008.SZ,000008,20251209,93224210,3042479,0,0,S,30200,1400,3042469,1529131,
000008.SZ,000008,20251209,93224210,3042497,0,0,B,30300,200,1429628,3042496,
000008.SZ,000008,20251209,93224550,3046340,C,0, ,0,5000,0,2923397,
000008.SZ,000008,20251209,93225880,3059613,0,0,S,30200,3100,3059612,1529131,
000008.SZ,000008,20251209,93225900,3059772,0,0,S,30200,4300,3059771,1529131,
000008.SZ,000008,20251209,93225900,3059773,0,0,S,30200,9900,3059771,1541272,
000008.SZ,000008,20251209,93225900,3059774,0,0,S,30200,800,3059771,1585197,
000008.SZ,000008,20251209,93225900,3059775,0,0,S,30200,100,3059771,1591524,
000008.SZ,000008,20251209,93225900,3059776,0,0,S,30200,100,3059771,1591564,
000008.SZ,000008,20251209,93225900,3059777,0,0,S,30200,1700,3059771,1594096,
000008.SZ,000008,20251209,93225900,3059778,0,0,S,30200,700,3059771,1595105,
000008.SZ,000008,20251209,93225940,3060069,0,0,S,30200,2300,3060068,1595105,
000008.SZ,000008,20251209,93225940,3060070,0,0,S,30200,1200,3060068,1609790,
000008.SZ,000008,20251209,93225940,3060071,0,0,S,30200,4500,3060068,1622913,
000008.SZ,000008,20251209,93225960,3060255,0,0,S,30200,5500,3060254,1622913,
000008.SZ,000008,20251209,93225960,3060256,0,0,S,30200,10000,3060254,1625956,
000008.SZ,000008,20251209,93225960,3060257,0,0,S,30200,1600,3060254,1630194,
000008.SZ,000008,20251209,93225960,3060258,0,0,S,30200,1100,3060254,1630231,
000008.SZ,000008,20251209,93225960,3060259,0,0,S,30200,1500,3060254,1630244,
000008.SZ,000008,20251209,93225960,3060260,0,0,S,30200,800,3060254,1630245,
000008.SZ,000008,20251209,93225960,3060261,0,0,S,30200,400,3060254,1630275,
000008.SZ,000008,20251209,93225960,3060262,0,0,S,30200,12900,3060254,1667436,
000008.SZ,000008,20251209,93225960,3060263,0,0,S,30200,1000,3060254,1680555,
000008.SZ,000008,20251209,93225960,3060264,0,0,S,30200,1400,3060254,1681379,
000008.SZ,000008,20251209,93225960,3060265,0,0,S,30200,700,3060254,1681383,
000008.SZ,000008,20251209,93225960,3060266,0,0,S,30200,2100,3060254,1681747,
000008.SZ,000008,20251209,93225960,3060267,0,0,S,30200,4700,3060254,1698141,
000008.SZ,000008,20251209,93225960,3060353,0,0,S,30200,3900,3060352,1698141,
000008.SZ,000008,20251209,93225960,3060354,0,0,S,30200,1000,3060352,1723991,
000008.SZ,000008,20251209,93225960,3060355,0,0,S,30200,1900,3060352,1735893,
000008.SZ,000008,20251209,93225960,3060356,0,0,S,30200,20000,3060352,1770203,
000008.SZ,000008,20251209,93225960,3060357,0,0,S,30200,1400,3060352,1881122,
000008.SZ,000008,20251209,93225960,3060358,0,0,S,30200,4000,3060352,1881123,
000008.SZ,000008,20251209,93225960,3060359,0,0,S,30200,7400,3060352,1907223,
000008.SZ,000008,20251209,93225960,3060361,0,0,S,30200,8400,3060360,1907223,
000008.SZ,000008,20251209,93225960,3060362,0,0,S,30200,4000,3060360,1915827,
000008.SZ,000008,20251209,93225960,3060363,0,0,S,30200,2000,3060360,2016338,
000008.SZ,000008,20251209,93225960,3060364,0,0,S,30200,44000,3060360,2020136,
000008.SZ,000008,20251209,93225960,3060365,0,0,S,30200,12600,3060360,2026775,
000008.SZ,000008,20251209,93225960,3060366,0,0,S,30200,23000,3060360,2032213,
000008.SZ,000008,20251209,93225960,3060367,0,0,S,30200,4000,3060360,2042931,
000008.SZ,000008,20251209,93225960,3060368,0,0,S,30200,100,3060360,2057152,
000008.SZ,000008,20251209,93225960,3060369,0,0,S,30200,100,3060360,2057154,
000008.SZ,000008,20251209,93225960,3060370,0,0,S,30200,300,3060360,2058184,
000008.SZ,000008,20251209,93225960,3060371,0,0,S,30200,300,3060360,2058185,
000008.SZ,000008,20251209,93225960,3060372,0,0,S,30200,200,3060360,2058192,
000008.SZ,000008,20251209,93225960,3060373,0,0,S,30200,100,3060360,2058194,
000008.SZ,000008,20251209,93225960,3060374,0,0,S,30200,4300,3060360,2060013,
000008.SZ,000008,20251209,93225960,3060375,0,0,S,30200,400,3060360,2062898,
000008.SZ,000008,20251209,93225960,3060376,0,0,S,30200,600,3060360,2062900,
000008.SZ,000008,20251209,93225960,3060377,0,0,S,30200,100,3060360,2062901,
000008.SZ,000008,20251209,93225960,3060378,0,0,S,30200,100,3060360,2062939,
000008.SZ,000008,20251209,93225960,3060379,0,0,S,30200,300,3060360,2065286,
000008.SZ,000008,20251209,93225960,3060380,0,0,S,30200,200,3060360,2065289,
000008.SZ,000008,20251209,93225960,3060381,0,0,S,30200,500,3060360,2068716,
000008.SZ,000008,20251209,93225960,3060382,0,0,S,30200,500,3060360,2080018,
000008.SZ,000008,20251209,93225960,3060383,0,0,S,30200,1500,3060360,2099826,
000008.SZ,000008,20251209,93225960,3060384,0,0,S,30200,2600,3060360,2104089,
000008.SZ,000008,20251209,93225960,3060385,0,0,S,30200,1800,3060360,2104385,
000008.SZ,000008,20251209,93225960,3060386,0,0,S,30200,2200,3060360,2106604,
000008.SZ,000008,20251209,93225960,3060387,0,0,S,30200,4000,3060360,2123320,
000008.SZ,000008,20251209,93225960,3060388,0,0,S,30200,3000,3060360,2123640,
000008.SZ,000008,20251209,93225960,3060389,0,0,S,30200,3000,3060360,2136363,
000008.SZ,000008,20251209,93225960,3060390,0,0,S,30200,100,3060360,2164953,
000008.SZ,000008,20251209,93225960,3060391,0,0,S,30200,15700,3060360,2179087,
000008.SZ,000008,20251209,93225970,3060462,0,0,S,30200,3400,3060461,2179087,
000008.SZ,000008,20251209,93225980,3060490,0,0,S,30200,200,3060489,2179087,
000008.SZ,000008,20251209,93225980,3060541,0,0,S,30200,100,3060540,2179087,
000008.SZ,000008,20251209,93225980,3060543,0,0,S,30200,100,3060542,2179087,
000008.SZ,000008,20251209,93225980,3060545,0,0,S,30200,100,3060544,2179087,
000008.SZ,000008,20251209,93225980,3060547,0,0,S,30200,400,3060546,2179087,
000008.SZ,000008,20251209,93226000,3060666,0,0,S,30200,19100,3060665,2179087,
000008.SZ,000008,20251209,93226000,3060685,0,0,S,30200,23200,3060684,2179087,
000008.SZ,000008,20251209,93226000,3060711,0,0,S,30200,21800,3060710,2179087,
000008.SZ,000008,20251209,93226020,3060865,0,0,S,30200,4500,3060864,2179087,
000008.SZ,000008,20251209,93226090,3061453,0,0,S,30200,2400,3061452,2179087,
000008.SZ,000008,20251209,93226090,3061510,0,0,B,30300,100,1429628,3061509,
000008.SZ,000008,20251209,93226260,3063234,0,0,S,30200,11400,3063233,2179087,
000008.SZ,000008,20251209,93226260,3063235,0,0,S,30200,100,3063233,2179313,
000008.SZ,000008,20251209,93226260,3063236,0,0,S,30200,5000,3063233,2179565,
000008.SZ,000008,20251209,93226260,3063237,0,0,S,30200,5300,3063233,2185733,
000008.SZ,000008,20251209,93227050,3070157,0,0,S,30200,1100,3070156,2185733,
000008.SZ,000008,20251209,93227050,3070158,0,0,S,30200,300,3070156,2188368,
000008.SZ,000008,20251209,93227050,3070159,0,0,S,30200,200,3070156,2188369,
000008.SZ,000008,20251209,93227050,3070160,0,0,S,30200,300,3070156,2188370,
000008.SZ,000008,20251209,93227050,3070161,0,0,S,30200,100,3070156,2188371,
000008.SZ,000008,20251209,93227050,3070162,0,0,S,30200,100,3070156,2188372,
000008.SZ,000008,20251209,93227050,3070163,0,0,S,30200,100,3070156,2188373,
000008.SZ,000008,20251209,93227050,3070164,0,0,S,30200,3000,3070156,2190813,
000008.SZ,000008,20251209,93227050,3070165,0,0,S,30200,800,3070156,2190981,
000008.SZ,000008,20251209,93227060,3070334,0,0,S,30200,6000,3070333,2190981,
000008.SZ,000008,20251209,93227210,3071569,0,0,B,30300,1400,1429628,3071568,
000008.SZ,000008,20251209,93227220,3071709,0,0,S,30200,2500,3071708,2190981,
000008.SZ,000008,20251209,93227220,3071710,0,0,S,30200,1200,3071708,2192852,
000008.SZ,000008,20251209,93227220,3071713,0,0,S,30200,1200,3071712,2192852,
000008.SZ,000008,20251209,93227220,3071714,0,0,S,30200,1000,3071712,2192991,
000008.SZ,000008,20251209,93227220,3071715,0,0,S,30200,100,3071712,2195421,
000008.SZ,000008,20251209,93227220,3071716,0,0,S,30200,1900,3071712,2195490,
000008.SZ,000008,20251209,93227220,3071718,0,0,S,30200,1500,3071717,2195490,
000008.SZ,000008,20251209,93227220,3071719,0,0,S,30200,9300,3071717,2201831,
000008.SZ,000008,20251209,93227220,3071720,0,0,S,30200,3800,3071717,2203306,
000008.SZ,000008,20251209,93227220,3071721,0,0,S,30200,200,3071717,2204103,
000008.SZ,000008,20251209,93227220,3071722,0,0,S,30200,100,3071717,2219416,
000008.SZ,000008,20251209,93227220,3071723,0,0,S,30200,5900,3071717,2227630,
000008.SZ,000008,20251209,93227220,3071724,0,0,S,30200,1000,3071717,2238629,
000008.SZ,000008,20251209,93227220,3071725,0,0,S,30200,1000,3071717,2244227,
000008.SZ,000008,20251209,93227220,3071726,0,0,S,30200,3000,3071717,2258337,
000008.SZ,000008,20251209,93227220,3071727,0,0,S,30200,100,3071717,2282118,
000008.SZ,000008,20251209,93227220,3071728,0,0,S,30200,5000,3071717,2282292,
000008.SZ,000008,20251209,93227220,3071729,0,0,S,30200,8900,3071717,2308659,
000008.SZ,000008,20251209,93227220,3071732,0,0,S,30200,1200,3071731,2308659,
000008.SZ,000008,20251209,93227220,3071733,0,0,S,30200,200,3071731,2337522,
000008.SZ,000008,20251209,93227220,3071734,0,0,S,30200,100,3071731,2359441,
000008.SZ,000008,20251209,93227220,3071735,0,0,S,30200,300,3071731,2365908,
000008.SZ,000008,20251209,93227220,3071736,0,0,S,30200,1800,3071731,2376190,
000008.SZ,000008,20251209,93227220,3071743,0,0,S,30200,3500,3071742,2376190,
000008.SZ,000008,20251209,93227220,3071753,0,0,S,30200,1500,3071752,2376190,
000008.SZ,000008,20251209,93227220,3071755,0,0,S,30200,3100,3071754,2376190,
000008.SZ,000008,20251209,93227220,3071763,0,0,S,30200,5800,3071762,2376190,
000008.SZ,000008,20251209,93227220,3071766,0,0,S,30200,5800,3071765,2376190,
000008.SZ,000008,20251209,93227220,3071783,0,0,S,30200,2900,3071782,2376190,
000008.SZ,000008,20251209,93227220,3071808,0,0,S,30200,4500,3071807,2376190,
000008.SZ,000008,20251209,93227250,3072160,0,0,S,30200,3600,3072159,2376190,
000008.SZ,000008,20251209,93227310,3072760,0,0,S,30200,100,3072759,2376190,
000008.SZ,000008,20251209,93227750,3077034,0,0,S,30200,200,3077033,2376190,
000008.SZ,000008,20251209,93227950,3078703,0,0,B,30300,8400,1429628,3078702,
000008.SZ,000008,20251209,93227960,3078851,C,0, ,0,2300,1149249,0,
000008.SZ,000008,20251209,93228000,3079305,0,0,S,30200,1800,3079304,2376190,
000008.SZ,000008,20251209,93228550,3084842,C,0, ,0,5000,0,3028024,
000008.SZ,000008,20251209,93230060,3099495,0,0,S,30200,500,3099494,2376190,
000008.SZ,000008,20251209,93230080,3099692,C,0, ,0,1700,0,2940879,
000008.SZ,000008,20251209,93230210,3100932,0,0,B,30300,400,1429628,3100931,
000008.SZ,000008,20251209,93231450,3114304,C,0, ,0,1700,0,2930726,
000008.SZ,000008,20251209,93232920,3127569,C,0, ,0,800,0,42885,
000008.SZ,000008,20251209,93233710,3135745,0,0,S,30200,4300,3135744,2376190,
000008.SZ,000008,20251209,93235220,3149556,C,0, ,0,10100,295903,0,
000008.SZ,000008,20251209,93236030,3156566,C,0, ,0,6200,0,3091905,
000008.SZ,000008,20251209,93236810,3164090,0,0,S,30200,1000,3164089,2376190,
000008.SZ,000008,20251209,93237770,3173815,0,0,S,30200,3800,3173814,2376190,
000008.SZ,000008,20251209,93238130,3177448,0,0,S,30200,600,3177447,2376190,
000008.SZ,000008,20251209,93238160,3177767,0,0,S,30200,400,3177766,2376190,
000008.SZ,000008,20251209,93239440,3189934,0,0,S,30200,300,3189933,2376190,
000008.SZ,000008,20251209,93240390,3199323,0,0,S,30200,20000,3199322,2376190,
000008.SZ,000008,20251209,93240400,3199419,0,0,S,30200,34500,3199418,2376190,
000008.SZ,000008,20251209,93240400,3199420,0,0,S,30200,16100,3199418,2378553,
000008.SZ,000008,20251209,93240400,3199421,0,0,S,30200,100,3199418,2407256,
000008.SZ,000008,20251209,93240400,3199422,0,0,S,30200,200,3199418,2448982,
000008.SZ,000008,20251209,93240400,3199423,0,0,S,30200,700,3199418,2455891,
000008.SZ,000008,20251209,93240400,3199424,0,0,S,30200,300,3199418,2457432,
000008.SZ,000008,20251209,93240400,3199425,0,0,S,30200,300,3199418,2460702,
000008.SZ,000008,20251209,93240400,3199426,0,0,S,30200,300,3199418,2464547,
000008.SZ,000008,20251209,93240400,3199427,0,0,S,30200,100,3199418,2465152,
000008.SZ,000008,20251209,93240400,3199428,0,0,S,30200,200,3199418,2473284,
000008.SZ,000008,20251209,93240400,3199429,0,0,S,30200,200,3199418,2480805,
000008.SZ,000008,20251209,93240400,3199430,0,0,S,30200,100,3199418,2481131,
000008.SZ,000008,20251209,93240400,3199431,0,0,S,30200,2300,3199418,2482812,
000008.SZ,000008,20251209,93240400,3199432,0,0,S,30200,100,3199418,2483613,
000008.SZ,000008,20251209,93240400,3199433,0,0,S,30200,4000,3199418,2488154,
000008.SZ,000008,20251209,93240400,3199434,0,0,S,30200,100,3199418,2505597,
000008.SZ,000008,20251209,93240400,3199435,0,0,S,30200,20000,3199418,2526620,
000008.SZ,000008,20251209,93240400,3199436,0,0,S,30200,2000,3199418,2527398,
000008.SZ,000008,20251209,93240400,3199437,0,0,S,30200,6300,3199418,2540491,
000008.SZ,000008,20251209,93240400,3199438,0,0,S,30200,2000,3199418,2540970,
000008.SZ,000008,20251209,93240400,3199439,0,0,S,30200,100,3199418,2565791,
000008.SZ,000008,20251209,93240400,3199467,0,0,S,30200,4900,3199466,2565791,
000008.SZ,000008,20251209,93240400,3199468,0,0,S,30200,18500,3199466,2577260,
000008.SZ,000008,20251209,93240400,3199469,0,0,S,30200,2800,3199466,2586363,
000008.SZ,000008,20251209,93240400,3199470,0,0,S,30200,10000,3199466,2590057,
000008.SZ,000008,20251209,93240400,3199471,0,0,S,30200,5000,3199466,2619335,
000008.SZ,000008,20251209,93240400,3199472,0,0,S,30200,1000,3199466,2621438,
000008.SZ,000008,20251209,93240400,3199473,0,0,S,30200,2000,3199466,2630263,
000008.SZ,000008,20251209,93240400,3199474,0,0,S,30200,2400,3199466,2646086,
000008.SZ,000008,20251209,93240400,3199475,0,0,S,30200,100,3199466,2646227,
000008.SZ,000008,20251209,93240400,3199476,0,0,S,30200,100,3199466,2646287,
000008.SZ,000008,20251209,93240400,3199477,0,0,S,30200,100,3199466,2646294,
000008.SZ,000008,20251209,93240400,3199478,0,0,S,30200,1100,3199466,2657955,
000008.SZ,000008,20251209,93240400,3199479,0,0,S,30200,10000,3199466,2683395,
000008.SZ,000008,20251209,93240400,3199480,0,0,S,30200,400,3199466,2692675,
000008.SZ,000008,20251209,93240400,3199481,0,0,S,30200,4000,3199466,2698832,
000008.SZ,000008,20251209,93240400,3199482,0,0,S,30200,900,3199466,2700035,
000008.SZ,000008,20251209,93240400,3199483,0,0,S,30200,1000,3199466,2705604,
000008.SZ,000008,20251209,93240400,3199484,0,0,S,30200,1300,3199466,2705662,
000008.SZ,000008,20251209,93240410,3199488,0,0,S,30200,11800,3199487,2705662,
000008.SZ,000008,20251209,93240410,3199489,0,0,S,30200,800,3199487,2708281,
000008.SZ,000008,20251209,93240410,3199490,0,0,S,30200,3200,3199487,2717663,
000008.SZ,000008,20251209,93240410,3199491,0,0,S,30200,400,3199487,2730361,
000008.SZ,000008,20251209,93240410,3199492,0,0,S,30200,800,3199487,2792337,
000008.SZ,000008,20251209,93240410,3199493,0,0,S,30200,700,3199487,2809422,
000008.SZ,000008,20251209,93240410,3199495,0,0,S,30200,6700,3199494,2809422,
000008.SZ,000008,20251209,93240620,3201811,0,0,S,30200,2500,3201810,2809422,
000008.SZ,000008,20251209,93240620,3201812,0,0,S,30200,200,3201810,2824697,
000008.SZ,000008,20251209,93240620,3201813,0,0,S,30200,100,3201810,2833629,
000008.SZ,000008,20251209,93240620,3201814,0,0,S,30200,100,3201810,2836139,
000008.SZ,000008,20251209,93240620,3201815,0,0,S,30200,100,3201810,2856337,
000008.SZ,000008,20251209,93240620,3201816,0,0,S,30200,2000,3201810,2857065,
000008.SZ,000008,20251209,93240620,3201817,0,0,S,30200,3500,3201810,2882298,
000008.SZ,000008,20251209,93240620,3201818,0,0,S,30200,100,3201810,2882468,
000008.SZ,000008,20251209,93240620,3201819,0,0,S,30200,100,3201810,2923634,
000008.SZ,000008,20251209,93240620,3201820,0,0,S,30200,100,3201810,2923638,
000008.SZ,000008,20251209,93240620,3201821,0,0,S,30200,100,3201810,2923639,
000008.SZ,000008,20251209,93240620,3201822,0,0,S,30200,1100,3201810,2930111,
000008.SZ,000008,20251209,93242150,3216895,0,0,S,30200,3600,3216894,2930111,
000008.SZ,000008,20251209,93242150,3216911,0,0,S,30200,3200,3216910,2930111,
000008.SZ,000008,20251209,93242150,3216915,0,0,S,30200,3100,3216914,2930111,
000008.SZ,000008,20251209,93242150,3216921,0,0,S,30200,1700,3216920,2930111,
000008.SZ,000008,20251209,93242190,3217306,0,0,S,30200,9800,3217305,2930111,
000008.SZ,000008,20251209,93242190,3217307,0,0,S,30200,3000,3217305,2946526,
000008.SZ,000008,20251209,93242190,3217308,0,0,S,30200,700,3217305,2978058,
000008.SZ,000008,20251209,93242190,3217317,0,0,S,30200,5600,3217316,2978058,
000008.SZ,000008,20251209,93242200,3217399,0,0,S,30200,300,3217398,2978058,
000008.SZ,000008,20251209,93242250,3217865,0,0,B,30300,800,1429628,3217864,
000008.SZ,000008,20251209,93242670,3222420,0,0,S,30200,3400,3222419,2978058,
000008.SZ,000008,20251209,93242670,3222421,0,0,S,30200,2000,3222419,2984635,
000008.SZ,000008,20251209,93242670,3222422,0,0,S,30200,30000,3222419,2996318,
000008.SZ,000008,20251209,93242670,3222423,0,0,S,30200,10000,3222419,3000207,
000008.SZ,000008,20251209,93242670,3222424,0,0,S,30200,4700,3222419,3010509,
000008.SZ,000008,20251209,93242670,3222425,0,0,S,30200,1800,3222419,3015092,
000008.SZ,000008,20251209,93242670,3222426,0,0,S,30200,200,3222419,3042460,
000008.SZ,000008,20251209,93242670,3222427,0,0,S,30200,2000,3222419,3046742,
000008.SZ,000008,20251209,93242670,3222428,0,0,S,30200,100,3222419,3060774,
000008.SZ,000008,20251209,93242670,3222429,0,0,S,30200,9000,3222419,3078590,
000008.SZ,000008,20251209,93242670,3222430,0,0,S,30200,1800,3222419,3141762,
000008.SZ,000008,20251209,93246030,3255542,0,0,S,30200,2000,3255541,3141762,
000008.SZ,000008,20251209,93246030,3255543,0,0,S,30200,1000,3255541,3151520,
000008.SZ,000008,20251209,93246030,3255544,0,0,S,30200,100,3255541,3169688,
000008.SZ,000008,20251209,93246030,3255545,0,0,S,30200,20000,3255541,3184357,
000008.SZ,000008,20251209,93246030,3255546,0,0,S,30200,100,3255541,3186935,
000008.SZ,000008,20251209,93246030,3255547,0,0,S,30200,300,3255541,3194747,
000008.SZ,000008,20251209,93246030,3255548,0,0,S,30200,6500,3255541,3228484,
000008.SZ,000008,20251209,93246300,3258337,0,0,S,30200,2000,3258336,3228484,
000008.SZ,000008,20251209,93246320,3258557,0,0,S,30200,100,3258556,3228484,
000008.SZ,000008,20251209,93249270,3285382,0,0,S,30200,100,3285381,3228484,
000008.SZ,000008,20251209,93249270,3285385,0,0,S,30200,100,3285384,3228484,
000008.SZ,000008,20251209,93249280,3285497,0,0,S,30200,300,3285496,3228484,
000008.SZ,000008,20251209,93249280,3285499,0,0,S,30200,500,3285498,3228484,
000008.SZ,000008,20251209,93249280,3285506,0,0,S,30200,100,3285505,3228484,
000008.SZ,000008,20251209,93250000,3292121,C,0, ,0,12900,0,2466304,
000008.SZ,000008,20251209,93250000,3292233,0,0,S,30200,600,3292232,3228484,
000008.SZ,000008,20251209,93250000,3292242,0,0,S,30200,200,3292241,3228484,
000008.SZ,000008,20251209,93250000,3292258,0,0,S,30200,300,3292257,3228484,
000008.SZ,000008,20251209,93250930,3300256,C,0, ,0,123300,0,1953318,
000008.SZ,000008,20251209,93252800,3319728,0,0,S,30200,6500,3319727,3228484,
000008.SZ,000008,20251209,93252800,3319730,0,0,S,30200,1200,3319729,3228484,
000008.SZ,000008,20251209,93252800,3319731,0,0,S,30200,2000,3319729,3233947,
000008.SZ,000008,20251209,93252800,3319732,0,0,S,30200,100,3319729,3234208,
000008.SZ,000008,20251209,93252800,3319733,0,0,S,30200,1400,3319729,3245057,
000008.SZ,000008,20251209,93252800,3319736,0,0,S,30200,100,3319735,3245057,
000008.SZ,000008,20251209,93252810,3319810,0,0,S,30200,100,3319809,3245057,
000008.SZ,000008,20251209,93253190,3322765,0,0,S,30200,2300,3322764,3245057,
000008.SZ,000008,20251209,93253190,3322773,0,0,S,30200,600,3322772,3245057,
000008.SZ,000008,20251209,93254580,3334563,0,0,S,30200,100,3334562,3245057,
000008.SZ,000008,20251209,93257120,3357621,0,0,B,30300,500,1429628,3357620,
000008.SZ,000008,20251209,93257130,3357692,C,0, ,0,300,3064746,0,
000008.SZ,000008,20251209,93259600,3381587,C,0, ,0,20000,446184,0,
000008.SZ,000008,20251209,93300060,3385599,0,0,S,30200,500,3385598,3245057,
000008.SZ,000008,20251209,93300150,3386376,0,0,S,30200,2900,3386375,3245057,
000008.SZ,000008,20251209,93300940,3395876,0,0,S,30200,2000,3395875,3245057,
000008.SZ,000008,20251209,93300950,3396007,0,0,S,30200,600,3396006,3245057,
000008.SZ,000008,20251209,93303150,3416781,C,0, ,0,5200,2028211,0,
000008.SZ,000008,20251209,93306360,3447839,C,0, ,0,18900,798795,0,
000008.SZ,000008,20251209,93306370,3447937,C,0, ,0,700,0,382513,
000008.SZ,000008,20251209,93306620,3450856,0,0,S,30200,700,3450855,3245057,
000008.SZ,000008,20251209,93309500,3479933,0,0,S,30200,3300,3479932,3245057,
000008.SZ,000008,20251209,93310460,3489828,C,0, ,0,7900,3213574,0,
000008.SZ,000008,20251209,93311010,3494746,C,0, ,0,5000,0,1397890,
000008.SZ,000008,20251209,93314740,3530711,C,0, ,0,3200,420223,0,
000008.SZ,000008,20251209,93314760,3530827,0,0,S,30200,2500,3530826,3245057,
000008.SZ,000008,20251209,93314770,3530901,0,0,S,30200,900,3530900,3245057,
000008.SZ,000008,20251209,93314770,3530902,0,0,S,30200,6700,3530900,3247487,
000008.SZ,000008,20251209,93314770,3530903,0,0,S,30200,10200,3530900,3271322,
000008.SZ,000008,20251209,93314770,3530904,0,0,S,30200,500,3530900,3282409,
000008.SZ,000008,20251209,93314770,3530905,0,0,S,30200,3000,3530900,3294184,
000008.SZ,000008,20251209,93314770,3530906,0,0,S,30200,100,3530900,3302599,
000008.SZ,000008,20251209,93314770,3530907,0,0,S,30200,10000,3530900,3322685,
000008.SZ,000008,20251209,93314770,3530908,0,0,S,30200,2200,3530900,3328187,
000008.SZ,000008,20251209,93314770,3530909,0,0,S,30200,100,3530900,3357225,
000008.SZ,000008,20251209,93314770,3530910,0,0,S,30200,500,3530900,3367393,
000008.SZ,000008,20251209,93314770,3530911,0,0,S,30200,2800,3530900,3385103,
000008.SZ,000008,20251209,93314770,3530912,0,0,S,30200,6600,3530900,3390566,
000008.SZ,000008,20251209,93314770,3530913,0,0,S,30200,2300,3530900,3392133,
000008.SZ,000008,20251209,93314770,3530914,0,0,S,30200,3000,3530900,3393684,
000008.SZ,000008,20251209,93314770,3530915,0,0,S,30200,300,3530900,3409432,
000008.SZ,000008,20251209,93314770,3530916,0,0,S,30200,3400,3530900,3414313,
000008.SZ,000008,20251209,93314770,3530917,0,0,S,30200,5600,3530900,3414697,
000008.SZ,000008,20251209,93314770,3530918,0,0,S,30200,2900,3530900,3421117,
000008.SZ,000008,20251209,93314770,3530919,0,0,S,30200,200,3530900,3424314,
000008.SZ,000008,20251209,93314770,3530920,0,0,S,30200,1600,3530900,3429118,
000008.SZ,000008,20251209,93314770,3530921,0,0,S,30200,1900,3530900,3468348,
000008.SZ,000008,20251209,93314770,3530922,0,0,S,30200,2000,3530900,3475851,
000008.SZ,000008,20251209,93314770,3530923,0,0,S,30200,1800,3530900,3485603,
000008.SZ,000008,20251209,93314770,3530924,0,0,S,30200,1000,3530900,3486770,
000008.SZ,000008,20251209,93314770,3530925,0,0,S,30200,1000,3530900,3491191,
000008.SZ,000008,20251209,93314770,3530926,0,0,S,30200,500,3530900,3505360,
000008.SZ,000008,20251209,93314770,3530927,0,0,S,30200,3100,3530900,3523475,
000008.SZ,000008,20251209,93314830,3531369,C,0, ,0,100,1012769,0,
000008.SZ,000008,20251209,93314830,3531370,C,0, ,0,2000,1012771,0,
000008.SZ,000008,20251209,93314830,3531397,C,0, ,0,1100,1013222,0,
000008.SZ,000008,20251209,93315000,3532845,0,0,B,30200,300,3530900,3532844,
000008.SZ,000008,20251209,93315000,3532847,0,0,B,30200,200,3530900,3532846,
000008.SZ,000008,20251209,93315000,3532851,0,0,B,30200,400,3530900,3532850,
000008.SZ,000008,20251209,93315000,3532853,0,0,B,30200,200,3530900,3532852,
000008.SZ,000008,20251209,93315000,3532857,0,0,B,30200,600,3530900,3532856,
000008.SZ,000008,20251209,93315010,3532953,0,0,B,30200,800,3530900,3532952,
000008.SZ,000008,20251209,93315030,3533156,0,0,B,30200,500,3531179,3533155,
000008.SZ,000008,20251209,93315050,3533328,0,0,B,30200,700,3531179,3533327,
000008.SZ,000008,20251209,93315060,3533492,0,0,B,30200,1200,3531179,3533491,
000008.SZ,000008,20251209,93315060,3533493,0,0,B,30200,200,3531431,3533491,
000008.SZ,000008,20251209,93315060,3533494,0,0,B,30200,700,3531492,3533491,
000008.SZ,000008,20251209,93315220,3534892,C,0, ,0,6900,2204120,0,
000008.SZ,000008,20251209,93315220,3534893,C,0, ,0,5200,2664381,0,
000008.SZ,000008,20251209,93315220,3534894,C,0, ,0,12000,3042443,0,
000008.SZ,000008,20251209,93315220,3534895,C,0, ,0,8300,3071730,0,
000008.SZ,000008,20251209,93315220,3534901,0,0,B,30200,200,3531492,3534900,
000008.SZ,000008,20251209,93315270,3535443,C,0, ,0,1000,2992895,0,
000008.SZ,000008,20251209,93315270,3535454,C,0, ,0,1100,1267149,0,
000008.SZ,000008,20251209,93315280,3535459,C,0, ,0,300,1461369,0,
000008.SZ,000008,20251209,93315320,3535912,C,0, ,0,1100,1226015,0,
000008.SZ,000008,20251209,93315320,3535913,C,0, ,0,1300,1197488,0,
000008.SZ,000008,20251209,93315440,3537224,C,0, ,0,6300,3026008,0,
000008.SZ,000008,20251209,93315440,3537225,C,0, ,0,1900,1619857,0,
000008.SZ,000008,20251209,93315440,3537227,C,0, ,0,2200,1619923,0,
000008.SZ,000008,20251209,93315440,3537229,C,0, ,0,7200,3026025,0,
000008.SZ,000008,20251209,93315440,3537233,C,0, ,0,1700,1619909,0,
000008.SZ,000008,20251209,93315440,3537240,C,0, ,0,6800,1619644,0,
000008.SZ,000008,20251209,93315440,3537241,C,0, ,0,200,3015142,0,
000008.SZ,000008,20251209,93315440,3537242,C,0, ,0,1000,1619927,0,
000008.SZ,000008,20251209,93315440,3537243,C,0, ,0,1000,2982922,0,
000008.SZ,000008,20251209,93315440,3537244,C,0, ,0,21500,3055385,0,
000008.SZ,000008,20251209,93315440,3537245,C,0, ,0,1500,3170316,0,
000008.SZ,000008,20251209,93315440,3537246,C,0, ,0,5500,3026021,0,
000008.SZ,000008,20251209,93315440,3537253,C,0, ,0,1000,1619958,0,
000008.SZ,000008,20251209,93315440,3537256,C,0, ,0,3100,3055381,0,
000008.SZ,000008,20251209,93315450,3537260,C,0, ,0,2000,3114221,0,
000008.SZ,000008,20251209,93315450,3537310,C,0, ,0,2300,1270150,0,
000008.SZ,000008,20251209,93315450,3537311,C,0, ,0,1400,1203676,0,
000008.SZ,000008,20251209,93315470,3537538,0,0,B,30200,1700,3531492,3537537,
000008.SZ,000008,20251209,93315470,3537539,0,0,B,30200,6300,3532609,3537537,
000008.SZ,000008,20251209,93315510,3537859,C,0, ,0,900,3016030,0,
000008.SZ,000008,20251209,93315570,3538377,C,0, ,0,400,3016764,0,
000008.SZ,000008,20251209,93315580,3538446,C,0, ,0,1200,2984670,0,
000008.SZ,000008,20251209,93315780,3540504,C,0, ,0,400,3018963,0,
000008.SZ,000008,20251209,93315790,3540622,C,0, ,0,17900,3058782,0,
000008.SZ,000008,20251209,93315790,3540623,C,0, ,0,5600,1497310,0,
000008.SZ,000008,20251209,93315960,3542337,C,0, ,0,1000,2989317,0,
000008.SZ,000008,20251209,93315960,3542346,C,0, ,0,1400,3396087,0,
000008.SZ,000008,20251209,93316010,3542850,0,0,B,30200,2500,3532609,3542849,
000008.SZ,000008,20251209,93316010,3542852,0,0,B,30200,3000,3532609,3542851,
000008.SZ,000008,20251209,93316010,3542900,0,0,B,30200,400,3532609,3542899,
000008.SZ,000008,20251209,93316010,3542908,0,0,B,30200,400,3532609,3542907,
000008.SZ,000008,20251209,93316010,3542910,0,0,B,30200,300,3532609,3542909,
000008.SZ,000008,20251209,93316010,3542912,0,0,B,30200,500,3532609,3542911,
000008.SZ,000008,20251209,93316010,3542930,0,0,B,30200,400,3532609,3542929,
000008.SZ,000008,20251209,93316010,3542936,0,0,B,30200,500,3532609,3542935,
000008.SZ,000008,20251209,93316010,3542943,0,0,B,30200,700,3532609,3542942,
000008.SZ,000008,20251209,93316010,3542946,0,0,B,30200,500,3532609,3542945,
000008.SZ,000008,20251209,93316010,3542949,0,0,B,30200,400,3532609,3542948,
000008.SZ,000008,20251209,93316020,3542953,0,0,B,30200,200,3532609,3542952,
000008.SZ,000008,20251209,93316020,3542955,0,0,B,30200,500,3532609,3542954,
000008.SZ,000008,20251209,93316020,3542957,0,0,B,30200,200,3532609,3542956,
000008.SZ,000008,20251209,93316020,3542959,0,0,B,30200,300,3532609,3542958,
000008.SZ,000008,20251209,93316020,3542962,0,0,B,30200,200,3532609,3542961,
000008.SZ,000008,20251209,93316020,3542965,0,0,B,30200,200,3532609,3542964,
000008.SZ,000008,20251209,93316020,3542969,0,0,B,30200,400,3532609,3542968,
000008.SZ,000008,20251209,93316020,3542972,0,0,B,30200,500,3532609,3542971,
000008.SZ,000008,20251209,93316020,3542974,0,0,B,30200,300,3532609,3542973,
000008.SZ,000008,20251209,93316020,3542980,0,0,B,30200,300,3532609,3542979,
000008.SZ,000008,20251209,93316020,3542981,0,0,B,30200,100,3535742,3542979,
000008.SZ,000008,20251209,93316020,3542985,0,0,B,30200,300,3535742,3542984,
000008.SZ,000008,20251209,93316030,3543132,0,0,B,30200,100,3535742,3543131,
000008.SZ,000008,20251209,93316030,3543133,0,0,B,30200,100,3541266,3543131,
000008.SZ,000008,20251209,93316080,3543716,C,0, ,0,6500,1429628,0,
000008.SZ,000008,20251209,93316080,3543718,C,0, ,0,9600,1429630,0,
000008.SZ,000008,20251209,93316080,3543723,C,0, ,0,14500,1429629,0,
000008.SZ,000008,20251209,93316080,3543764,C,0, ,0,1600,2990383,0,
000008.SZ,000008,20251209,93316130,3544165,C,0, ,0,3900,1556491,0,
000008.SZ,000008,20251209,93316260,3545613,C,0, ,0,1200,1442075,0,
000008.SZ,000008,20251209,93316520,3548491,C,0, ,0,9600,0,3537540,
000008.SZ,000008,20251209,93316530,3548595,0,0,S,30200,100,3548594,3543131,
000008.SZ,000008,20251209,93316530,3548596,0,0,S,30200,100,3548594,3547716,
000008.SZ,000008,20251209,93316530,3548597,0,0,S,30200,1700,3548594,3548522,
000008.SZ,000008,20251209,93316550,3548776,0,0,S,30200,100,3548775,3548522,
000008.SZ,000008,20251209,93316550,3548778,0,0,S,30200,2000,3548777,3548522,
000008.SZ,000008,20251209,93316550,3548785,0,0,S,30200,400,3548784,3548522,
000008.SZ,000008,20251209,93316550,3548786,0,0,S,30200,100,3548784,3548748,
000008.SZ,000008,20251209,93316560,3548930,0,0,B,30200,100,3548784,3548929,
000008.SZ,000008,20251209,93316570,3549069,0,0,B,30200,100,3548784,3549068,
000008.SZ,000008,20251209,93316570,3549099,0,0,B,30200,100,3548784,3549098,
000008.SZ,000008,20251209,93316570,3549105,0,0,B,30200,100,3548784,3549104,
000008.SZ,000008,20251209,93316570,3549107,0,0,B,30200,100,3548784,3549106,
000008.SZ,000008,20251209,93316570,3549115,0,0,B,30200,100,3548784,3549114,
000008.SZ,000008,20251209,93316570,3549118,C,0, ,0,100,3452015,0,
000008.SZ,000008,20251209,93316580,3549211,0,0,B,30200,100,3549119,3549210,
000008.SZ,000008,20251209,93316670,3550069,0,0,S,30200,100,3550068,3549486,
000008.SZ,000008,20251209,93316670,3550070,0,0,S,30200,100,3550068,3549527,
000008.SZ,000008,20251209,93316720,3550471,0,0,B,30200,200,3550068,3550470,
000008.SZ,000008,20251209,93317060,3553771,0,0,B,30200,1000,3550068,3553770,
000008.SZ,000008,20251209,93317130,3554351,0,0,B,30200,400,3550068,3554350,
000008.SZ,000008,20251209,93317270,3555684,0,0,B,30200,2000,3550068,3555683,
000008.SZ,000008,20251209,93317340,3556342,0,0,B,30200,100,3550068,3556341,
000008.SZ,000008,20251209,93317340,3556344,0,0,B,30200,100,3550068,3556343,
000008.SZ,000008,20251209,93318150,3563469,0,0,S,30100,3000,3563468,9788,
000008.SZ,000008,20251209,93318150,3563470,0,0,S,30100,2200,3563468,26173,
000008.SZ,000008,20251209,93319000,3571261,0,0,B,30200,1800,3550068,3571260,
000008.SZ,000008,20251209,93319010,3571340,0,0,B,30200,700,3550068,3571339,
000008.SZ,000008,20251209,93322400,3602715,0,0,S,30100,9000,3602714,26173,
000008.SZ,000008,20251209,93322400,3602716,0,0,S,30100,1000,3602714,31158,
000008.SZ,000008,20251209,93323050,3608331,0,0,B,30200,300,3550068,3608330,
000008.SZ,000008,20251209,93323050,3608332,0,0,B,30200,200,3550071,3608330,
000008.SZ,000008,20251209,93323300,3610595,C,0, ,0,11500,2652764,0,
000008.SZ,000008,20251209,93324640,3622869,C,0, ,0,10800,672083,0,
000008.SZ,000008,20251209,93325860,3634282,0,0,B,30200,600,3550071,3634281,
000008.SZ,000008,20251209,93327050,3644104,0,0,S,30100,3000,3644103,31158,
000008.SZ,000008,20251209,93327050,3644105,0,0,S,30100,13500,3644103,59163,
000008.SZ,000008,20251209,93328910,3660537,0,0,B,30200,1400,3550071,3660536,
000008.SZ,000008,20251209,93328910,3660538,0,0,B,30200,2600,3551475,3660536,
000008.SZ,000008,20251209,93329460,3664958,0,0,B,30200,2000,3551475,3664957,
000008.SZ,000008,20251209,93330070,3669749,0,0,S,30100,500,3669748,59163,
000008.SZ,000008,20251209,93330150,3670316,0,0,B,30200,700,3551475,3670315,
000008.SZ,000008,20251209,93330520,3673616,0,0,B,30200,300,3551475,3673615,
000008.SZ,000008,20251209,93330520,3673617,0,0,B,30200,900,3551581,3673615,
000008.SZ,000008,20251209,93331720,3684434,0,0,B,30200,500,3551581,3684433,
000008.SZ,000008,20251209,93331760,3684821,C,0, ,0,100,0,3531390,
000008.SZ,000008,20251209,93332100,3687476,C,0, ,0,8100,1711834,0,
000008.SZ,000008,20251209,93332670,3691830,0,0,B,30200,1500,3551581,3691829,
000008.SZ,000008,20251209,93332680,3691947,0,0,B,30200,500,3551581,3691946,
000008.SZ,000008,20251209,93332680,3691951,0,0,B,30200,700,3551581,3691950,
000008.SZ,000008,20251209,93332680,3691953,0,0,B,30200,1000,3551581,3691952,
000008.SZ,000008,20251209,93333150,3695503,0,0,B,30200,3200,3551581,3695502,
000008.SZ,000008,20251209,93333360,3697412,C,0, ,0,3200,474356,0,
000008.SZ,000008,20251209,93333450,3698402,C,0, ,0,10800,537521,0,
000008.SZ,000008,20251209,93334120,3704812,0,0,S,30100,2500,3704811,59163,
000008.SZ,000008,20251209,93334530,3709022,C,0, ,0,1500,0,3424781,
000008.SZ,000008,20251209,93336110,3722821,C,0, ,0,9100,0,3691831,
000008.SZ,000008,20251209,93336110,3722826,C,0, ,0,4900,2525843,0,
000008.SZ,000008,20251209,93336150,3723240,0,0,B,30200,700,3551581,3723239,
000008.SZ,000008,20251209,93337090,3732496,C,0, ,0,13800,3420917,0,
000008.SZ,000008,20251209,93338460,3745824,0,0,B,30200,200,3551581,3745823,
000008.SZ,000008,20251209,93338760,3748126,0,0,S,30100,5000,3748125,59163,
000008.SZ,000008,20251209,93338900,3749103,0,0,B,30200,700,3551581,3749102,
000008.SZ,000008,20251209,93339160,3751409,0,0,B,30200,200,3551581,3751408,
000008.SZ,000008,20251209,93339780,3757532,C,0, ,0,3000,0,3609675,
000008.SZ,000008,20251209,93341960,3778340,C,0, ,0,4000,0,2856206,
000008.SZ,000008,20251209,93342310,3782434,C,0, ,0,2800,0,2874581,
000008.SZ,000008,20251209,93342430,3783796,C,0, ,0,500,0,3572393,
000008.SZ,000008,20251209,93344580,3804880,0,0,S,30100,3700,3804879,59163,
000008.SZ,000008,20251209,93345730,3815745,C,0, ,0,500,870086,0,
000008.SZ,000008,20251209,93346640,3825099,C,0, ,0,10100,3275210,0,
000008.SZ,000008,20251209,93347790,3834776,0,0,S,30100,2000,3834775,59163,
000008.SZ,000008,20251209,93347870,3835472,0,0,B,30200,500,3551581,3835471,
000008.SZ,000008,20251209,93348270,3838983,0,0,B,30200,900,3551581,3838982,
000008.SZ,000008,20251209,93348540,3842296,0,0,B,30200,100,3551581,3842295,
000008.SZ,000008,20251209,93348550,3842532,0,0,S,30100,800,3842531,59163,
000008.SZ,000008,20251209,93348550,3842533,0,0,S,30100,1200,3842531,69716,
000008.SZ,000008,20251209,93348830,3845255,C,0, ,0,1500,0,3636691,
000008.SZ,000008,20251209,93349720,3853591,C,0, ,0,10000,0,513046,
000008.SZ,000008,20251209,93349790,3854208,0,0,B,30200,3500,3551581,3854207,
000008.SZ,000008,20251209,93350110,3856490,C,0, ,0,23200,1519723,0,
000008.SZ,000008,20251209,93350740,3861581,0,0,S,30100,7600,3861580,69716,
000008.SZ,000008,20251209,93351380,3867047,C,0, ,0,10100,181329,0,
000008.SZ,000008,20251209,93352420,3877544,C,0, ,0,10000,0,3817118,
000008.SZ,000008,20251209,93353110,3884062,C,0, ,0,3000,0,1063993,
000008.SZ,000008,20251209,93353170,3884543,0,0,B,30200,3000,3551581,3884542,
000008.SZ,000008,20251209,93353630,3888763,0,0,S,30100,2200,3888762,69716,
000008.SZ,000008,20251209,93354150,3892736,0,0,B,30200,1000,3551581,3892735,
000008.SZ,000008,20251209,93354150,3892738,0,0,B,30200,100,3551581,3892737,
000008.SZ,000008,20251209,93356310,3912518,0,0,B,30200,2000,3551581,3912517,
000008.SZ,000008,20251209,93358570,3932583,C,0, ,0,4700,1286831,0,
000008.SZ,000008,20251209,93358690,3933600,C,0, ,0,600,1106861,0,
000008.SZ,000008,20251209,93359110,3936838,C,0, ,0,5600,0,1979247,
000008.SZ,000008,20251209,93359570,3940495,0,0,S,30100,6000,3940494,69716,
000008.SZ,000008,20251209,93359570,3940496,0,0,S,30100,4000,3940494,122506,
000008.SZ,000008,20251209,93400070,3943901,0,0,S,30100,500,3943900,122506,
000008.SZ,000008,20251209,93400090,3944114,0,0,S,30100,30000,3944113,122506,
000008.SZ,000008,20251209,93400680,3950626,0,0,B,30200,1100,3551581,3950625,
000008.SZ,000008,20251209,93402510,3970009,C,0, ,0,1000,1075791,0,
000008.SZ,000008,20251209,93402620,3971076,C,0, ,0,100,3436748,0,
000008.SZ,000008,20251209,93402710,3971744,0,0,S,30100,3300,3971743,122506,
000008.SZ,000008,20251209,93404250,3986726,C,0, ,0,100,3530804,0,
000008.SZ,000008,20251209,93404250,3986728,C,0, ,0,100,3495004,0,
000008.SZ,000008,20251209,93404250,3986729,C,0, ,0,100,3456717,0,
000008.SZ,000008,20251209,93404250,3986730,C,0, ,0,300,3427161,0,
000008.SZ,000008,20251209,93404250,3986737,C,0, ,0,100,3530816,0,
000008.SZ,000008,20251209,93404250,3986738,C,0, ,0,100,3495042,0,
000008.SZ,000008,20251209,93404250,3986739,C,0, ,0,100,3445369,0,
000008.SZ,000008,20251209,93404250,3986740,C,0, ,0,100,3456791,0,
000008.SZ,000008,20251209,93404250,3986742,C,0, ,0,200,3427201,0,
000008.SZ,000008,20251209,93404260,3986826,C,0, ,0,700,3517836,0,
000008.SZ,000008,20251209,93404260,3986870,C,0, ,0,800,3427649,0,
000008.SZ,000008,20251209,93407200,4013730,0,0,S,30100,100,4013729,122506,
000008.SZ,000008,20251209,93407370,4015561,0,0,B,30200,3000,3551581,4015560,
000008.SZ,000008,20251209,93409400,4033130,C,0, ,0,3000,2502248,0,
000008.SZ,000008,20251209,93409540,4034498,0,0,B,30200,300,3551581,4034497,
000008.SZ,000008,20251209,93409920,4037769,C,0, ,0,4000,1008457,0,
000008.SZ,000008,20251209,93409940,4037979,0,0,S,30100,1800,4037978,122506,
000008.SZ,000008,20251209,93410030,4038709,0,0,S,30100,300,4038708,122506,
000008.SZ,000008,20251209,93410030,4038710,0,0,S,30100,200,4038708,152871,
000008.SZ,000008,20251209,93410170,4040249,0,0,S,30100,1400,4040248,152871,
000008.SZ,000008,20251209,93410170,4040250,0,0,S,30100,8600,4040248,160229,
000008.SZ,000008,20251209,93410320,4041805,0,0,B,30200,9200,3551581,4041804,
000008.SZ,000008,20251209,93410390,4042273,0,0,B,30200,2400,3551581,4042272,
000008.SZ,000008,20251209,93410460,4042873,0,0,S,30100,12000,4042872,160229,
000008.SZ,000008,20251209,93411670,4053246,0,0,B,30200,200,3551581,4053245,
000008.SZ,000008,20251209,93411670,4053247,0,0,B,30200,800,3553128,4053245,
000008.SZ,000008,20251209,93412620,4061785,C,0, ,0,6000,3963592,0,
000008.SZ,000008,20251209,93413540,4069822,C,0, ,0,4400,0,441074,
000008.SZ,000008,20251209,93413990,4073602,0,0,B,30200,200,3553128,4073601,
000008.SZ,000008,20251209,93413990,4073603,0,0,B,30200,300,3553157,4073601,
000008.SZ,000008,20251209,93414020,4073904,0,0,B,30200,1400,3553157,4073903,
000008.SZ,000008,20251209,93416290,4091920,C,0, ,0,15900,0,3974770,
000008.SZ,000008,20251209,93418150,4106456,0,0,S,30100,5200,4106455,160229,
000008.SZ,000008,20251209,93421210,4132600,0,0,S,30100,5200,4132599,160229,
000008.SZ,000008,20251209,93421610,4136179,0,0,S,30100,1600,4136178,160229,
000008.SZ,000008,20251209,93421870,4138276,0,0,B,30200,1000,3553161,4138275,
000008.SZ,000008,20251209,93421870,4138277,0,0,B,30200,1000,3554387,4138275,
000008.SZ,000008,20251209,93425120,4164914,C,0, ,0,10000,0,704253,
000008.SZ,000008,20251209,93427160,4179230,0,0,S,30100,1100,4179229,160229,
000008.SZ,000008,20251209,93428210,4187715,0,0,S,30100,66200,4187714,160229,
000008.SZ,000008,20251209,93428210,4187716,0,0,S,30100,94000,4187714,160230,
000008.SZ,000008,20251209,93428930,4193216,0,0,S,30100,5900,4193215,160230,
000008.SZ,000008,20251209,93428930,4193217,0,0,S,30100,4800,4193215,168492,
000008.SZ,000008,20251209,93428930,4193224,0,0,S,30100,6600,4193223,168492,
000008.SZ,000008,20251209,93429270,4195786,C,0, ,0,1200,3671379,0,
000008.SZ,000008,20251209,93430070,4201151,0,0,S,30100,500,4201150,168492,
000008.SZ,000008,20251209,93430150,4201684,C,0, ,0,3500,3058895,0,
000008.SZ,000008,20251209,93430150,4201703,C,0, ,0,400,1881121,0,
000008.SZ,000008,20251209,93430150,4201738,C,0, ,0,2600,3670317,0,
000008.SZ,000008,20251209,93430170,4201880,C,0, ,0,1200,1075303,0,
000008.SZ,000008,20251209,93430270,4202930,0,0,S,30100,1200,4202929,168492,
000008.SZ,000008,20251209,93431190,4210248,C,0, ,0,1800,0,3225802,
000008.SZ,000008,20251209,93431900,4216144,0,0,B,30200,100,3554387,4216143,
000008.SZ,000008,20251209,93433150,4226339,0,0,S,30100,400,4226338,168492,
000008.SZ,000008,20251209,93433150,4226355,C,0, ,0,800,1457954,0,
000008.SZ,000008,20251209,93433150,4226360,0,0,S,30100,2600,4226359,168492,
000008.SZ,000008,20251209,93433150,4226361,C,0, ,0,2400,2282968,0,
000008.SZ,000008,20251209,93433160,4226396,0,0,S,30100,1200,4226395,168492,
000008.SZ,000008,20251209,93433190,4226654,C,0, ,0,1200,1881515,0,
000008.SZ,000008,20251209,93433190,4226655,C,0, ,0,1800,2073932,0,
000008.SZ,000008,20251209,93433190,4226660,C,0, ,0,700,2560368,0,
000008.SZ,000008,20251209,93435800,4248530,C,0, ,0,2600,0,3636505,
000008.SZ,000008,20251209,93436210,4251840,C,0, ,0,400,1790869,0,
000008.SZ,000008,20251209,93436210,4251861,0,0,S,30100,800,4251860,168492,
000008.SZ,000008,20251209,93436210,4251872,0,0,S,30100,2400,4251871,168492,
000008.SZ,000008,20251209,93436210,4251922,0,0,S,30100,700,4251921,168492,
000008.SZ,000008,20251209,93436210,4251925,0,0,S,30100,1200,4251924,168492,
000008.SZ,000008,20251209,93436210,4251927,0,0,S,30100,1800,4251926,168492,
000008.SZ,000008,20251209,93439150,4276137,0,0,S,30100,400,4276136,168492,
000008.SZ,000008,20251209,93439150,4276157,C,0, ,0,1500,3723232,0,
000008.SZ,000008,20251209,93439200,4276513,C,0, ,0,1800,1073197,0,
000008.SZ,000008,20251209,93441120,4292159,0,0,B,30200,2800,3554387,4292158,
000008.SZ,000008,20251209,93441120,4292160,0,0,B,30200,100,3558413,4292158,
000008.SZ,000008,20251209,93441120,4292161,0,0,B,30200,200,3561319,4292158,
000008.SZ,000008,20251209,93441120,4292162,0,0,B,30200,400,3563835,4292158,
000008.SZ,000008,20251209,93441120,4292163,0,0,B,30200,300,3564434,4292158,
000008.SZ,000008,20251209,93441120,4292164,0,0,B,30200,1900,3570947,4292158,
000008.SZ,000008,20251209,93441120,4292165,0,0,B,30200,7500,3590645,4292158,
000008.SZ,000008,20251209,93442140,4299062,C,0, ,0,23000,3517631,0,
000008.SZ,000008,20251209,93442150,4299141,C,0, ,0,100,2979360,0,
000008.SZ,000008,20251209,93442150,4299149,C,0, ,0,2600,2943331,0,
000008.SZ,000008,20251209,93442150,4299150,C,0, ,0,2100,2282962,0,
000008.SZ,000008,20251209,93442150,4299153,C,0, ,0,2000,1956367,0,
000008.SZ,000008,20251209,93442150,4299156,0,0,S,30100,1500,4299155,168492,
000008.SZ,000008,20251209,93442170,4299355,C,0, ,0,1300,407655,0,
000008.SZ,000008,20251209,93442200,4299568,0,0,S,30100,1800,4299567,168492,
000008.SZ,000008,20251209,93442330,4300932,C,0, ,0,15900,0,4243888,
000008.SZ,000008,20251209,93444080,4315156,C,0, ,0,2000,3866276,0,
000008.SZ,000008,20251209,93444430,4317812,0,0,S,30100,10400,4317811,168492,
000008.SZ,000008,20251209,93444640,4319449,0,0,S,30100,300,4319448,168492,
000008.SZ,000008,20251209,93445150,4323517,0,0,S,30100,100,4323516,168492,
000008.SZ,000008,20251209,93445150,4323518,C,0, ,0,1700,2073917,0,
000008.SZ,000008,20251209,93445150,4323519,C,0, ,0,300,3216876,0,
000008.SZ,000008,20251209,93445150,4323526,C,0, ,0,400,1264000,0,
000008.SZ,000008,20251209,93445150,4323531,0,0,S,30100,2600,4323530,168492,
000008.SZ,000008,20251209,93445150,4323537,0,0,S,30100,2100,4323536,168492,
000008.SZ,000008,20251209,93445150,4323541,0,0,S,30100,2000,4323540,168492,
000008.SZ,000008,20251209,93445150,4323584,C,0, ,0,400,2244159,0,
000008.SZ,000008,20251209,93445200,4323938,C,0, ,0,400,3476729,0,
000008.SZ,000008,20251209,93445240,4324269,C,0, ,0,3200,2314065,0,
000008.SZ,000008,20251209,93445250,4324295,C,0, ,0,4000,3752322,0,
000008.SZ,000008,20251209,93445250,4324296,C,0, ,0,3400,3752328,0,
000008.SZ,000008,20251209,93445250,4324318,C,0, ,0,4900,2313936,0,
000008.SZ,000008,20251209,93445250,4324350,C,0, ,0,100,3378972,0,
000008.SZ,000008,20251209,93445260,4324409,C,0, ,0,100,3378129,0,
000008.SZ,000008,20251209,93445260,4324411,C,0, ,0,1200,3378133,0,
000008.SZ,000008,20251209,93445260,4324415,C,0, ,0,900,3378130,0,
000008.SZ,000008,20251209,93445260,4324419,C,0, ,0,1400,3378582,0,
000008.SZ,000008,20251209,93445260,4324428,C,0, ,0,100,3378624,0,
000008.SZ,000008,20251209,93445260,4324429,C,0, ,0,10500,2313916,0,
000008.SZ,000008,20251209,93445260,4324434,C,0, ,0,2800,2261737,0,
000008.SZ,000008,20251209,93445260,4324435,C,0, ,0,100,3378333,0,
000008.SZ,000008,20251209,93445260,4324439,C,0, ,0,2600,2261739,0,
000008.SZ,000008,20251209,93445260,4324456,C,0, ,0,1500,2314598,0,
000008.SZ,000008,20251209,93445260,4324497,C,0, ,0,1800,2262053,0,
000008.SZ,000008,20251209,93445270,4324592,C,0, ,0,4100,2314096,0,
000008.SZ,000008,20251209,93445280,4324595,C,0, ,0,2200,2314094,0,
000008.SZ,000008,20251209,93445280,4324623,C,0, ,0,1500,3378790,0,
000008.SZ,000008,20251209,93445280,4324627,C,0, ,0,100,3378377,0,
000008.SZ,000008,20251209,93445290,4324656,C,0, ,0,2900,2315867,0,
000008.SZ,000008,20251209,93445290,4324693,C,0, ,0,1300,3378251,0,
000008.SZ,000008,20251209,93445290,4324703,C,0, ,0,100,3378258,0,
000008.SZ,000008,20251209,93445290,4324709,C,0, ,0,700,2315876,0,
000008.SZ,000008,20251209,93445290,4324732,C,0, ,0,1000,3378429,0,
000008.SZ,000008,20251209,93445290,4324734,C,0, ,0,2800,2259654,0,
000008.SZ,000008,20251209,93445300,4324759,C,0, ,0,3100,2314251,0,
000008.SZ,000008,20251209,93445300,4324762,C,0, ,0,800,2314252,0,
000008.SZ,000008,20251209,93445300,4324770,C,0, ,0,400,3378789,0,
000008.SZ,000008,20251209,93445300,4324798,C,0, ,0,4300,2314409,0,
000008.SZ,000008,20251209,93445510,4326708,C,0, ,0,2000,0,2281974,
000008.SZ,000008,20251209,93446390,4334033,0,0,B,30200,500,3590645,4334032,
000008.SZ,000008,20251209,93447260,4340520,C,0, ,0,10000,873309,0,
000008.SZ,000008,20251209,93448160,4346679,0,0,S,30100,1700,4346678,168492,
000008.SZ,000008,20251209,93448170,4346728,0,0,S,30100,400,4346727,168492,
000008.SZ,000008,20251209,93448180,4346754,0,0,S,30100,400,4346753,168492,
000008.SZ,000008,20251209,93448190,4346828,0,0,S,30100,300,4346827,168492,
000008.SZ,000008,20251209,93448190,4346833,0,0,S,30100,400,4346832,168492,
000008.SZ,000008,20251209,93449620,4358434,C,0, ,0,3200,0,3750454,
000008.SZ,000008,20251209,93449770,4359322,0,0,S,30100,10000,4359321,168492,
000008.SZ,000008,20251209,93450450,4363921,C,0, ,0,200,2824724,0,
000008.SZ,000008,20251209,93450450,4363922,C,0, ,0,1200,2119723,0,
000008.SZ,000008,20251209,93450640,4365227,0,0,B,30200,1700,3590645,4365226,
000008.SZ,000008,20251209,93450640,4365228,0,0,B,30200,500,3592177,4365226,
000008.SZ,000008,20251209,93450640,4365229,0,0,B,30200,1800,3598075,4365226,
000008.SZ,000008,20251209,93450640,4365230,0,0,B,30200,2100,3599597,4365226,
000008.SZ,000008,20251209,93450640,4365231,0,0,B,30200,100,3606006,4365226,
000008.SZ,000008,20251209,93450640,4365232,0,0,B,30200,2100,3624402,4365226,
000008.SZ,000008,20251209,93450640,4365233,0,0,B,30200,3500,3625505,4365226,
000008.SZ,000008,20251209,93450640,4365234,0,0,B,30200,900,3626018,4365226,
000008.SZ,000008,20251209,93450640,4365235,0,0,B,30200,2500,3627088,4365226,
000008.SZ,000008,20251209,93450640,4365236,0,0,B,30200,700,3653517,4365226,
000008.SZ,000008,20251209,93450900,4366804,0,0,S,30100,7900,4366803,168492,
000008.SZ,000008,20251209,93451020,4367557,0,0,S,30100,5000,4367556,168492,
000008.SZ,000008,20251209,93454220,4392827,C,0, ,0,2000,95704,0,
000008.SZ,000008,20251209,93456040,4407034,0,0,B,30200,5400,3653517,4407033,
000008.SZ,000008,20251209,93456040,4407035,0,0,B,30200,3500,3653596,4407033,
000008.SZ,000008,20251209,93456040,4407036,0,0,B,30200,1100,3660487,4407033,
000008.SZ,000008,20251209,93456910,4413447,C,0, ,0,1000,0,3300090,
000008.SZ,000008,20251209,93458090,4423056,C,0, ,0,1000,0,203891,
000008.SZ,000008,20251209,93500220,4438959,C,0, ,0,3200,826141,0,
000008.SZ,000008,20251209,93501980,4458351,0,0,B,30200,200,3660487,4458350,
000008.SZ,000008,20251209,93502020,4458652,C,0, ,0,2300,3916613,0,
000008.SZ,000008,20251209,93502510,4462497,C,0, ,0,35300,846008,0,
000008.SZ,000008,20251209,93503990,4475927,0,0,S,30100,500,4475926,168492,
000008.SZ,000008,20251209,93504010,4476205,C,0, ,0,2400,4340179,0,
000008.SZ,000008,20251209,93504030,4476386,C,0, ,0,700,4363918,0,
000008.SZ,000008,20251209,93504040,4476528,C,0, ,0,4600,4187854,0,
000008.SZ,000008,20251209,93506070,4499427,0,0,B,30200,400,3660487,4499426,
000008.SZ,000008,20251209,93506070,4499428,0,0,B,30200,100,3671067,4499426,
000008.SZ,000008,20251209,93507020,4508866,0,0,B,30200,400,3671067,4508865,
000008.SZ,000008,20251209,93507020,4508867,0,0,B,30200,1900,3677847,4508865,
000008.SZ,000008,20251209,93507020,4508868,0,0,B,30200,7700,3710160,4508865,
000008.SZ,000008,20251209,93507060,4509211,0,0,B,30200,1400,3710160,4509210,
000008.SZ,000008,20251209,93507060,4509214,0,0,B,30200,1400,3710160,4509213,
000008.SZ,000008,20251209,93507070,4509297,C,0, ,0,12600,4193258,0,
000008.SZ,000008,20251209,93507500,4513493,0,0,S,30100,1000,4513492,168492,
000008.SZ,000008,20251209,93508800,4526104,C,0, ,0,900,1082459,0,
000008.SZ,000008,20251209,93510240,4540518,C,0, ,0,1700,3414323,0,
000008.SZ,000008,20251209,93510240,4540519,C,0, ,0,100,3421129,0,
000008.SZ,000008,20251209,93510240,4540520,C,0, ,0,100,3427295,0,
000008.SZ,000008,20251209,93510240,4540521,C,0, ,0,1700,3414357,0,
000008.SZ,000008,20251209,93510240,4540522,C,0, ,0,100,3427193,0,
000008.SZ,000008,20251209,93510240,4540523,C,0, ,0,100,3451633,0,
000008.SZ,000008,20251209,93510240,4540524,C,0, ,0,100,3421128,0,
000008.SZ,000008,20251209,93510240,4540525,C,0, ,0,100,3451597,0,
000008.SZ,000008,20251209,93510240,4540526,C,0, ,0,100,3457001,0,
000008.SZ,000008,20251209,93510240,4540529,C,0, ,0,100,3456919,0,
000008.SZ,000008,20251209,93510240,4540535,C,0, ,0,400,3414321,0,
000008.SZ,000008,20251209,93510240,4540540,C,0, ,0,100,3427189,0,
000008.SZ,000008,20251209,93511360,4551963,C,0, ,0,3700,1200221,0,
000008.SZ,000008,20251209,93511940,4557552,0,0,S,30100,300,4557551,168492,
000008.SZ,000008,20251209,93512170,4559681,0,0,B,30200,200,3710160,4559680,
000008.SZ,000008,20251209,93513870,4577536,C,0, ,0,100,0,4161547,
000008.SZ,000008,20251209,93514380,4583266,C,0, ,0,1700,3494051,0,
000008.SZ,000008,20251209,93514380,4583268,C,0, ,0,100,3505327,0,
000008.SZ,000008,20251209,93514380,4583269,C,0, ,0,100,3512138,0,
000008.SZ,000008,20251209,93514720,4586817,0,0,B,30200,100,3710160,4586816,
000008.SZ,000008,20251209,93514870,4588586,0,0,S,30100,1200,4588585,168492,
000008.SZ,000008,20251209,93515160,4591837,0,0,B,30200,100,3710160,4591836,
000008.SZ,000008,20251209,93515160,4591852,0,0,B,30200,100,3710160,4591851,
000008.SZ,000008,20251209,93515380,4594752,0,0,B,30200,100,3710160,4594751,
000008.SZ,000008,20251209,93515400,4594921,0,0,B,30200,100,3710160,4594920,
000008.SZ,000008,20251209,93515500,4596407,0,0,S,30100,300,4596406,168492,
000008.SZ,000008,20251209,93515930,4601161,0,0,B,30200,300,3710160,4601160,
000008.SZ,000008,20251209,93515930,4601162,0,0,B,30200,1400,3720547,4601160,
000008.SZ,000008,20251209,93516610,4608360,0,0,B,30200,100,3720547,4608359,
000008.SZ,000008,20251209,93517500,4616024,0,0,S,30100,18600,4616023,168492,
000008.SZ,000008,20251209,93522020,4654485,0,0,S,30100,100,4654484,168492,
000008.SZ,000008,20251209,93522030,4654572,0,0,B,30200,300,3720547,4654571,
000008.SZ,000008,20251209,93522030,4654575,0,0,B,30200,400,3720547,4654574,
000008.SZ,000008,20251209,93522920,4661785,C,0, ,0,13800,3835407,0,
000008.SZ,000008,20251209,93525060,4677850,0,0,B,30200,1800,3720547,4677849,
000008.SZ,000008,20251209,93526340,4688063,0,0,B,30200,100,3720547,4688062,
000008.SZ,000008,20251209,93526340,4688064,0,0,B,30200,400,3724261,4688062,
000008.SZ,000008,20251209,93526530,4689258,0,0,B,30200,8100,3785253,4689257,
000008.SZ,000008,20251209,93526530,4689259,0,0,B,30200,600,3811024,4689257,
000008.SZ,000008,20251209,93526530,4689260,0,0,B,30200,400,3893707,4689257,
000008.SZ,000008,20251209,93527150,4693289,0,0,B,30200,100,3893707,4693288,
000008.SZ,000008,20251209,93528060,4700685,0,0,B,30200,100,3893707,4700684,
000008.SZ,000008,20251209,93528060,4700686,0,0,B,30200,1600,3898494,4700684,
000008.SZ,000008,20251209,93528180,4701759,C,0, ,0,10300,0,4660789,
000008.SZ,000008,20251209,93529300,4710757,0,0,S,30100,200,4710756,168492,
000008.SZ,000008,20251209,93529530,4712432,0,0,B,30200,200,3898494,4712431,
000008.SZ,000008,20251209,93530800,4722562,C,0, ,0,2000,129612,0,
000008.SZ,000008,20251209,93531220,4726166,0,0,B,30200,1000,3898494,4726165,
000008.SZ,000008,20251209,93532610,4737652,0,0,B,30200,300,3898494,4737651,
000008.SZ,000008,20251209,93532770,4738716,0,0,B,30200,300,3898494,4738715,
000008.SZ,000008,20251209,93532780,4738773,C,0, ,0,2000,0,4425763,
000008.SZ,000008,20251209,93534760,4756011,C,0, ,0,1000,129608,0,
000008.SZ,000008,20251209,93535280,4759981,C,0, ,0,3000,1216035,0,
000008.SZ,000008,20251209,93536540,4770375,0,0,S,30100,2700,4770374,168492,
000008.SZ,000008,20251209,93536560,4770530,0,0,B,30200,3100,3898494,4770529,
000008.SZ,000008,20251209,93536560,4770531,0,0,B,30200,1900,3923137,4770529,
000008.SZ,000008,20251209,93536640,4771337,0,0,S,30100,3600,4771336,168492,
000008.SZ,000008,20251209,93536640,4771338,0,0,S,30100,3600,4771336,172381,
000008.SZ,000008,20251209,93536640,4771339,0,0,S,30100,1800,4771336,175830,
000008.SZ,000008,20251209,93536640,4771340,0,0,S,30100,1000,4771336,179477,
000008.SZ,000008,20251209,93537060,4775112,0,0,B,30200,1700,3923137,4775111,
000008.SZ,000008,20251209,93538270,4784739,0,0,S,30100,100,4784738,179477,
000008.SZ,000008,20251209,93539890,4798705,0,0,B,30200,100,3923137,4798704,
000008.SZ,000008,20251209,93540060,4801062,0,0,B,30200,1700,3923137,4801061,
000008.SZ,000008,20251209,93540640,4807366,0,0,S,30100,500,4807365,179477,
000008.SZ,000008,20251209,93540640,4807367,0,0,S,30100,200,4807365,214870,
000008.SZ,000008,20251209,93540640,4807368,0,0,S,30100,1000,4807365,217347,
000008.SZ,000008,20251209,93540640,4807369,0,0,S,30100,200,4807365,239397,
000008.SZ,000008,20251209,93540640,4807370,0,0,S,30100,1100,4807365,261203,
000008.SZ,000008,20251209,93540920,4809361,0,0,S,30100,3900,4809360,261203,
000008.SZ,000008,20251209,93540920,4809362,0,0,S,30100,1600,4809360,282632,
000008.SZ,000008,20251209,93540920,4809363,0,0,S,30100,200,4809360,282801,
000008.SZ,000008,20251209,93544050,4838615,0,0,S,30100,1500,4838614,282801,
000008.SZ,000008,20251209,93546260,4859857,0,0,S,30100,300,4859856,282801,
000008.SZ,000008,20251209,93546260,4859858,0,0,S,30100,3800,4859856,286045,
000008.SZ,000008,20251209,93546260,4859859,0,0,S,30100,900,4859856,294090,
