万得代码,交易所代码,自然日,时间,委托编号,交易所委托号,委托类型,委托代码,委托价格,委托数量,
000008.SZ,000008,20251209,91500040,0,291,0,S,31900,284400,
000008.SZ,000008,20251209,91500040,0,348,0,S,33400,200,
000008.SZ,000008,20251209,91500050,0,1232,0,S,30900,13700,
000008.SZ,000008,20251209,91500050,0,1558,0,S,33600,100,
000008.SZ,000008,20251209,91500060,0,1847,0,B,30500,200,
000008.SZ,000008,20251209,91500060,0,2111,0,S,30700,13200,
000008.SZ,000008,20251209,91500060,0,3230,0,S,33000,2100,
000008.SZ,000008,20251209,91500060,0,3311,0,S,33600,10000,
000008.SZ,000008,20251209,91500070,0,5446,0,S,33000,15000,
000008.SZ,000008,20251209,91500070,0,5660,0,S,32300,10000,
000008.SZ,000008,20251209,91500070,0,5693,0,B,30300,3000,
000008.SZ,000008,20251209,91500070,0,5696,0,S,30700,3500,
000008.SZ,000008,20251209,91500070,0,5710,0,B,30600,17800,
000008.SZ,000008,20251209,91500070,0,6082,0,S,33600,10000,
000008.SZ,000008,20251209,91500070,0,7197,0,B,29200,500,
000008.SZ,000008,20251209,91500070,0,7198,0,B,29400,500,
000008.SZ,000008,20251209,91500070,0,7200,0,B,29600,500,
000008.SZ,000008,20251209,91500070,0,7201,0,B,29800,500,
000008.SZ,000008,20251209,91500070,0,7204,0,B,30000,500,
000008.SZ,000008,20251209,91500070,0,8286,0,S,30800,900,
000008.SZ,000008,20251209,91500070,0,8354,0,S,31600,3000,
000008.SZ,000008,20251209,91500080,0,9350,0,B,28000,10000,
000008.SZ,000008,20251209,91500080,0,9549,0,B,27700,10000,
000008.SZ,000008,20251209,91500080,0,9788,0,B,30100,3000,
000008.SZ,000008,20251209,91500080,0,10237,0,B,29000,15000,
000008.SZ,000008,20251209,91500080,0,10505,0,S,30800,3800,
000008.SZ,000008,20251209,91500080,0,11113,0,B,30000,22000,
000008.SZ,000008,20251209,91500080,0,11607,0,S,33500,5000,
000008.SZ,000008,20251209,91500080,0,12056,0,S,33600,10000,
000008.SZ,000008,20251209,91500080,0,12133,0,S,33000,5000,
000008.SZ,000008,20251209,91500080,0,12135,0,S,33600,15000,
000008.SZ,000008,20251209,91500080,0,12652,0,B,30200,700,
000008.SZ,000008,20251209,91500080,0,12736,0,S,33600,200,
000008.SZ,000008,20251209,91500080,0,12748,0,S,31400,1500,
000008.SZ,000008,20251209,91500090,0,13264,0,S,30800,20000,
000008.SZ,000008,20251209,91500090,0,13320,0,B,29800,3000,
000008.SZ,000008,20251209,91500090,0,13327,0,B,29000,3000,
000008.SZ,000008,20251209,91500090,0,13549,0,S,33400,13800,
000008.SZ,000008,20251209,91500090,0,13550,0,S,31900,14500,
000008.SZ,000008,20251209,91500090,0,14235,0,S,30400,100,
000008.SZ,000008,20251209,91500090,0,14611,0,B,30200,22000,
000008.SZ,000008,20251209,91500090,0,15584,0,B,27500,100,
000008.SZ,000008,20251209,91500090,0,15587,0,S,33600,100,
000008.SZ,000008,20251209,91500090,0,15595,0,S,33600,200,
000008.SZ,000008,20251209,91500090,0,15938,0,S,32200,2000,
000008.SZ,000008,20251209,91500100,0,17167,0,S,30600,1600,
000008.SZ,000008,20251209,91500100,0,18944,0,S,31200,17400,
000008.SZ,000008,20251209,91500100,0,19083,0,S,33200,40000,
000008.SZ,000008,20251209,91500110,0,20868,0,B,30300,22200,
000008.SZ,000008,20251209,91500110,0,20958,0,S,33000,3000,
000008.SZ,000008,20251209,91500110,0,21484,0,S,33600,5000,
000008.SZ,000008,20251209,91500110,0,21516,0,S,31000,20000,
000008.SZ,000008,20251209,91500110,0,21517,0,S,32500,20000,
000008.SZ,000008,20251209,91500110,0,21518,0,S,32700,20000,
000008.SZ,000008,20251209,91500110,0,22188,0,S,33600,3800,
000008.SZ,000008,20251209,91500120,0,23821,0,B,30300,15000,
000008.SZ,000008,20251209,91500120,0,24911,0,S,33600,3000,
000008.SZ,000008,20251209,91500120,0,24920,0,S,33500,3000,
000008.SZ,000008,20251209,91500120,0,24921,0,S,33400,3000,
000008.SZ,000008,20251209,91500120,0,25576,0,S,30600,10000,
000008.SZ,000008,20251209,91500120,0,25692,0,S,30700,10000,
000008.SZ,000008,20251209,91500120,0,25693,0,S,30800,10000,
000008.SZ,000008,20251209,91500120,0,25696,0,S,30900,10000,
000008.SZ,000008,20251209,91500120,0,25697,0,S,31000,10000,
000008.SZ,000008,20251209,91500120,0,25717,0,S,30400,100,
000008.SZ,000008,20251209,91500120,0,25772,0,S,33600,5900,
000008.SZ,000008,20251209,91500130,0,26173,0,B,30100,11200,
000008.SZ,000008,20251209,91500130,0,26546,0,S,30800,2500,
000008.SZ,000008,20251209,91500130,0,26547,0,S,33600,2500,
000008.SZ,000008,20251209,91500130,0,26548,0,B,28000,5000,
000008.SZ,000008,20251209,91500130,0,26904,0,S,32100,1000,
000008.SZ,000008,20251209,91500130,0,27398,0,B,29100,24900,
000008.SZ,000008,20251209,91500130,0,27804,0,B,30000,100,
000008.SZ,000008,20251209,91500130,0,28775,0,S,31600,500,
000008.SZ,000008,20251209,91500130,0,29368,0,S,30900,700,
000008.SZ,000008,20251209,91500130,0,29375,0,B,30300,15000,
000008.SZ,000008,20251209,91500130,0,29580,0,S,31400,1000,
000008.SZ,000008,20251209,91500130,0,29581,0,S,31600,1700,
000008.SZ,000008,20251209,91500130,0,29583,0,S,31900,1700,
000008.SZ,000008,20251209,91500130,0,29649,0,S,32200,3600,
000008.SZ,000008,20251209,91500130,0,29700,0,S,32000,2000,
000008.SZ,000008,20251209,91500130,0,29754,0,S,32200,100,
000008.SZ,000008,20251209,91500140,0,31158,0,B,30100,4000,
000008.SZ,000008,20251209,91500140,0,31159,0,S,30800,4000,
000008.SZ,000008,20251209,91500140,0,31977,0,B,29900,3000,
000008.SZ,000008,20251209,91500150,0,34507,0,B,29800,10000,
000008.SZ,000008,20251209,91500150,0,34534,0,S,30600,18000,
000008.SZ,000008,20251209,91500150,0,35136,0,B,29900,4100,
000008.SZ,000008,20251209,91500150,0,35471,0,S,31400,3000,
000008.SZ,000008,20251209,91500150,0,35472,0,S,31900,3000,
000008.SZ,000008,20251209,91500150,0,35473,0,S,32400,3000,
000008.SZ,000008,20251209,91500150,0,35512,0,B,30000,30900,
000008.SZ,000008,20251209,91500150,0,35513,0,B,29900,30000,
000008.SZ,000008,20251209,91500150,0,35668,0,B,30300,3900,
000008.SZ,000008,20251209,91500150,0,36439,0,B,27500,1000,
000008.SZ,000008,20251209,91500150,0,36513,0,S,31000,3000,
000008.SZ,000008,20251209,91500150,0,37125,0,S,31300,2200,
000008.SZ,000008,20251209,91500160,0,37691,0,S,30800,100,
000008.SZ,000008,20251209,91500160,0,38242,0,S,32800,6000,
000008.SZ,000008,20251209,91500160,0,38243,0,S,33600,6000,
000008.SZ,000008,20251209,91500160,0,38274,0,S,33300,15000,
000008.SZ,000008,20251209,91500160,0,38536,0,S,30800,10000,
000008.SZ,000008,20251209,91500160,0,39046,0,S,33600,11200,
000008.SZ,000008,20251209,91500160,0,39358,0,S,31700,5100,
000008.SZ,000008,20251209,91500160,0,39901,0,S,30800,10000,
000008.SZ,000008,20251209,91500160,0,40127,0,S,31300,20000,
000008.SZ,000008,20251209,91500160,0,40344,0,S,33400,3300,
000008.SZ,000008,20251209,91500170,0,41131,0,B,29800,6400,
000008.SZ,000008,20251209,91500170,0,41955,0,B,33600,100,
000008.SZ,000008,20251209,91500170,0,42514,0,S,32700,500,
000008.SZ,000008,20251209,91500170,0,42868,0,B,29700,1500,
000008.SZ,000008,20251209,91500170,0,42885,0,B,29600,800,
000008.SZ,000008,20251209,91500170,0,43113,0,S,33300,500,
000008.SZ,000008,20251209,91500170,0,43114,0,B,30000,200,
000008.SZ,000008,20251209,91500170,0,43195,0,S,30800,100,
000008.SZ,000008,20251209,91500170,0,43196,0,S,30900,100,
000008.SZ,000008,20251209,91500170,0,43197,0,S,31200,100,
000008.SZ,000008,20251209,91500170,0,43399,0,S,31600,1100,
000008.SZ,000008,20251209,91500170,0,43424,0,S,32600,1100,
000008.SZ,000008,20251209,91500170,0,43648,0,S,33300,1000,
000008.SZ,000008,20251209,91500180,0,45278,0,S,31500,15100,
000008.SZ,000008,20251209,91500180,0,45306,0,S,32200,16700,
000008.SZ,000008,20251209,91500190,0,47467,0,B,30200,4000,
000008.SZ,000008,20251209,91500190,0,48855,0,S,32900,3000,
000008.SZ,000008,20251209,91500200,0,50857,0,B,30400,5200,
000008.SZ,000008,20251209,91500200,0,52058,0,S,33600,5100,
000008.SZ,000008,20251209,91500210,0,52249,0,S,33000,13000,
000008.SZ,000008,20251209,91500210,0,52852,0,S,31800,2300,
000008.SZ,000008,20251209,91500210,0,52853,0,S,33400,4000,
000008.SZ,000008,20251209,91500210,0,53295,0,S,31900,16000,
000008.SZ,000008,20251209,91500210,0,53593,0,S,31200,10000,
000008.SZ,000008,20251209,91500210,0,53961,0,S,30800,28300,
000008.SZ,000008,20251209,91500220,0,54364,0,S,33500,400,
000008.SZ,000008,20251209,91500220,0,54365,0,B,28800,400,
000008.SZ,000008,20251209,91500220,0,54695,0,S,30900,500,
000008.SZ,000008,20251209,91500220,0,56196,0,S,32500,4300,
000008.SZ,000008,20251209,91500230,0,57980,0,S,33600,300,
000008.SZ,000008,20251209,91500240,0,59037,0,B,29600,1400,
000008.SZ,000008,20251209,91500240,0,59042,0,S,33000,5200,
000008.SZ,000008,20251209,91500240,0,59044,0,S,33600,10000,
000008.SZ,000008,20251209,91500240,0,59163,0,B,30100,28000,
000008.SZ,000008,20251209,91500240,0,59772,0,S,31900,2000,
000008.SZ,000008,20251209,91500240,0,59773,0,B,30000,800,
000008.SZ,000008,20251209,91500260,0,62675,0,S,31300,77700,
000008.SZ,000008,20251209,91500260,0,63261,0,S,30800,15000,
000008.SZ,000008,20251209,91500270,0,64612,0,S,30400,200,
000008.SZ,000008,20251209,91500280,0,65205,0,S,31000,1000,
000008.SZ,000008,20251209,91500280,0,65263,0,S,32000,1000,
000008.SZ,000008,20251209,91500280,0,65660,0,B,30000,4100,
000008.SZ,000008,20251209,91500280,0,65846,0,S,32000,5000,
000008.SZ,000008,20251209,91500290,0,66784,0,B,30000,6500,
000008.SZ,000008,20251209,91500290,0,67479,0,S,33500,5000,
000008.SZ,000008,20251209,91500290,0,67673,0,B,30000,5000,
000008.SZ,000008,20251209,91500300,0,68229,0,S,33600,1000,
000008.SZ,000008,20251209,91500300,0,69716,0,B,30100,17000,
000008.SZ,000008,20251209,91500300,0,69982,0,S,32000,1700,
000008.SZ,000008,20251209,91500310,0,70224,0,S,33000,1000,
000008.SZ,000008,20251209,91500310,0,70641,0,S,30800,20000,
000008.SZ,000008,20251209,91500310,0,70928,0,S,32200,28800,
000008.SZ,000008,20251209,91500310,0,70930,0,S,33600,36600,
000008.SZ,000008,20251209,91500310,0,71347,0,B,30000,5000,
000008.SZ,000008,20251209,91500310,0,71348,0,S,30600,2500,
000008.SZ,000008,20251209,91500310,0,71349,0,B,30200,1500,
000008.SZ,000008,20251209,91500310,0,71350,0,S,30600,1500,
000008.SZ,000008,20251209,91500310,0,72041,0,S,30600,3200,
000008.SZ,000008,20251209,91500320,0,72246,0,S,30800,11300,
000008.SZ,000008,20251209,91500320,0,72393,0,S,32400,1000,
000008.SZ,000008,20251209,91500320,0,72394,0,B,29000,2000,
000008.SZ,000008,20251209,91500320,0,73563,0,S,33500,4100,
000008.SZ,000008,20251209,91500330,0,73846,0,B,28800,28000,
000008.SZ,000008,20251209,91500330,0,74563,0,S,30700,7600,
000008.SZ,000008,20251209,91500330,0,74637,0,B,30000,8000,
000008.SZ,000008,20251209,91500330,0,75049,0,B,29900,2500,
000008.SZ,000008,20251209,91500330,0,75204,0,S,31500,28800,
000008.SZ,000008,20251209,91500330,0,75244,0,S,32900,29900,
000008.SZ,000008,20251209,91500340,0,76231,0,S,30800,500,
000008.SZ,000008,20251209,91500340,0,76384,0,S,33600,10600,
000008.SZ,000008,20251209,91500350,0,77749,0,S,30400,1200,
000008.SZ,000008,20251209,91500370,0,80268,0,S,31600,10400,
000008.SZ,000008,20251209,91500370,0,80676,0,S,31600,5000,
000008.SZ,000008,20251209,91500380,0,82249,0,B,30000,5000,
000008.SZ,000008,20251209,91500390,0,82450,0,S,31200,800,
000008.SZ,000008,20251209,91500400,0,83892,0,S,30900,20000,
000008.SZ,000008,20251209,91500400,0,83893,0,S,31000,20000,
000008.SZ,000008,20251209,91500400,0,83894,0,S,31100,20000,
000008.SZ,000008,20251209,91500400,0,83895,0,S,31200,20000,
000008.SZ,000008,20251209,91500400,0,84237,0,S,32400,12200,
000008.SZ,000008,20251209,91500410,0,85113,0,S,33600,1000,
000008.SZ,000008,20251209,91500410,0,85487,0,S,30700,900,
000008.SZ,000008,20251209,91500410,0,85535,0,S,30600,50000,
000008.SZ,000008,20251209,91500410,0,85536,0,B,30200,50000,
000008.SZ,000008,20251209,91500410,0,85756,0,S,33600,1100,
000008.SZ,000008,20251209,91500410,0,86048,0,S,32000,1100,
000008.SZ,000008,20251209,91500410,0,86153,0,S,33300,2000,
000008.SZ,000008,20251209,91500430,0,87667,0,S,30800,1300,
000008.SZ,000008,20251209,91500430,0,88102,0,S,33600,5000,
000008.SZ,000008,20251209,91500430,0,88103,0,B,29600,5000,
000008.SZ,000008,20251209,91500440,0,88899,0,S,33000,800,
000008.SZ,000008,20251209,91500440,0,88927,0,S,33400,800,
000008.SZ,000008,20251209,91500440,0,88981,0,S,32200,52900,
000008.SZ,000008,20251209,91500440,0,89046,0,B,29000,1000,
000008.SZ,000008,20251209,91500450,0,90673,0,S,30600,10000,
000008.SZ,000008,20251209,91500450,0,90749,0,S,33400,20000,
000008.SZ,000008,20251209,91500460,0,91656,0,B,30300,1500,
000008.SZ,000008,20251209,91500470,0,92400,0,S,33600,6700,
000008.SZ,000008,20251209,91500470,0,93103,0,B,30000,1200,
000008.SZ,000008,20251209,91500480,0,93185,0,S,33600,3600,
000008.SZ,000008,20251209,91500480,0,93434,0,S,33600,5000,
000008.SZ,000008,20251209,91500500,0,95704,0,S,33600,2000,
000008.SZ,000008,20251209,91500500,0,96463,0,S,33500,15500,
000008.SZ,000008,20251209,91500510,0,97469,0,B,29700,800,
000008.SZ,000008,20251209,91500530,0,99725,0,B,29800,100,
000008.SZ,000008,20251209,91500530,0,99988,0,S,32800,1200,
000008.SZ,000008,20251209,91500540,0,100683,0,S,32900,2600,
000008.SZ,000008,20251209,91500550,0,101971,0,S,33600,1400,
000008.SZ,000008,20251209,91500560,0,102444,0,S,31800,1200,
000008.SZ,000008,20251209,91500560,0,102811,0,B,30300,10000,
000008.SZ,000008,20251209,91500560,0,103250,0,B,30000,1000,
000008.SZ,000008,20251209,91500560,0,103252,0,B,29800,1300,
000008.SZ,000008,20251209,91500580,0,104848,0,B,27500,1400,
000008.SZ,000008,20251209,91500580,0,105159,0,S,33600,500,
000008.SZ,000008,20251209,91500590,0,105796,0,B,29100,20000,
000008.SZ,000008,20251209,91500600,0,106426,0,S,31500,10000,
000008.SZ,000008,20251209,91500600,0,106486,0,S,30800,20000,
000008.SZ,000008,20251209,91500600,0,106487,0,S,30900,20000,
000008.SZ,000008,20251209,91500600,0,106488,0,S,31000,20000,
000008.SZ,000008,20251209,91500600,0,106489,0,S,31100,20000,
000008.SZ,000008,20251209,91500600,0,106490,0,S,31200,20000,
000008.SZ,000008,20251209,91500600,0,106491,0,S,31300,20000,
000008.SZ,000008,20251209,91500600,0,106492,0,S,31400,20000,
000008.SZ,000008,20251209,91500600,0,106493,0,S,31500,20000,
000008.SZ,000008,20251209,91500600,0,106494,0,B,29800,100000,
000008.SZ,000008,20251209,91500600,0,106943,0,S,32000,3000,
000008.SZ,000008,20251209,91500610,0,107487,0,S,33600,16900,
000008.SZ,000008,20251209,91500610,0,107721,0,B,28100,100,
000008.SZ,000008,20251209,91500620,0,108909,0,S,31000,3000,
000008.SZ,000008,20251209,91500630,0,109486,0,S,31100,8700,
000008.SZ,000008,20251209,91500630,0,109911,0,S,33600,1400,
000008.SZ,000008,20251209,91500640,0,110496,0,B,30000,43900,
000008.SZ,000008,20251209,91500670,0,114025,0,B,28600,7000,
000008.SZ,000008,20251209,91500670,0,114334,0,S,33000,200,
000008.SZ,000008,20251209,91500670,0,114360,0,S,30800,900,
000008.SZ,000008,20251209,91500680,0,114536,0,S,30600,148000,
000008.SZ,000008,20251209,91500690,0,115670,0,S,32000,10000,
000008.SZ,000008,20251209,91500690,0,115671,0,S,31500,6900,
000008.SZ,000008,20251209,91500690,0,115720,0,S,33600,20000,
000008.SZ,000008,20251209,91500710,0,117044,0,B,29900,2700,
000008.SZ,000008,20251209,91500710,0,117379,0,S,33000,8000,
000008.SZ,000008,20251209,91500710,0,117380,0,S,33600,10000,
000008.SZ,000008,20251209,91500740,0,119526,0,B,29500,3400,
000008.SZ,000008,20251209,91500740,0,120144,0,S,32100,400,
000008.SZ,000008,20251209,91500750,0,120699,0,S,32900,10000,
000008.SZ,000008,20251209,91500750,0,120707,0,S,31600,1800,
000008.SZ,000008,20251209,91500750,0,121144,0,S,33600,2400,
000008.SZ,000008,20251209,91500760,0,121459,0,S,31000,1000,
000008.SZ,000008,20251209,91500760,0,121460,0,S,32000,1000,
000008.SZ,000008,20251209,91500760,0,121480,0,S,33000,1000,
000008.SZ,000008,20251209,91500760,0,121483,0,B,29000,1000,
000008.SZ,000008,20251209,91500760,0,121617,0,B,29500,6000,
000008.SZ,000008,20251209,91500760,0,121630,0,B,29700,5000,
000008.SZ,000008,20251209,91500760,0,121684,0,B,30000,3000,
000008.SZ,000008,20251209,91500770,0,122129,0,B,29900,19100,
000008.SZ,000008,20251209,91500770,0,122145,0,S,31900,18100,
000008.SZ,000008,20251209,91500770,0,122444,0,S,33600,5400,
000008.SZ,000008,20251209,91500770,0,122445,0,B,29200,16500,
000008.SZ,000008,20251209,91500770,0,122447,0,B,29800,8800,
000008.SZ,000008,20251209,91500770,0,122502,0,S,33000,200000,
000008.SZ,000008,20251209,91500770,0,122503,0,S,33600,190000,
000008.SZ,000008,20251209,91500770,0,122506,0,B,30100,40000,
000008.SZ,000008,20251209,91500770,0,122754,0,S,33000,5900,
000008.SZ,000008,20251209,91500770,0,122792,0,B,29900,4000,
000008.SZ,000008,20251209,91500780,0,123414,0,S,33500,3200,
000008.SZ,000008,20251209,91500800,0,125365,0,S,31700,700,
000008.SZ,000008,20251209,91500810,0,125610,0,S,30800,1000,
000008.SZ,000008,20251209,91500810,0,125611,0,S,31000,1000,
000008.SZ,000008,20251209,91500810,0,125612,0,S,31200,1000,
000008.SZ,000008,20251209,91500810,0,125776,0,S,33300,4600,
000008.SZ,000008,20251209,91500810,0,125879,0,S,31100,3600,
000008.SZ,000008,20251209,91500820,0,126557,0,S,30800,20000,
000008.SZ,000008,20251209,91500860,0,129275,0,S,33600,4000,
000008.SZ,000008,20251209,91500860,0,129385,0,S,33000,1000,
000008.SZ,000008,20251209,91500860,0,129549,0,B,30300,3000,
000008.SZ,000008,20251209,91500860,0,129603,0,B,29600,3900,
000008.SZ,000008,20251209,91500860,0,129608,0,S,31200,1000,
000008.SZ,000008,20251209,91500860,0,129612,0,S,31200,2000,
000008.SZ,000008,20251209,91500860,0,130006,0,S,33400,14400,
000008.SZ,000008,20251209,91500880,0,131051,0,S,31100,2600,
000008.SZ,000008,20251209,91500910,0,132933,0,B,30000,2000,
000008.SZ,000008,20251209,91500920,0,133283,0,S,33400,400,
000008.SZ,000008,20251209,91500920,0,133745,0,S,33400,14000,
000008.SZ,000008,20251209,91500920,0,133879,0,B,29700,14100,
000008.SZ,000008,20251209,91500930,0,134112,0,B,29900,3300,
000008.SZ,000008,20251209,91500940,0,135125,0,S,31700,500000,
000008.SZ,000008,20251209,91500950,0,135266,0,B,30500,1000,
000008.SZ,000008,20251209,91500950,0,135350,0,S,30700,10000,
000008.SZ,000008,20251209,91500960,0,135745,0,B,30200,2500,
000008.SZ,000008,20251209,91500960,0,135746,0,S,30800,3000,
000008.SZ,000008,20251209,91500960,0,135767,0,S,30800,2500,
000008.SZ,000008,20251209,91500960,0,135868,0,S,32500,500,
000008.SZ,000008,20251209,91500960,0,136455,0,B,28500,4000,
000008.SZ,000008,20251209,91500970,0,136703,0,S,31000,1000,
000008.SZ,000008,20251209,91500970,0,136704,0,S,31500,1000,
000008.SZ,000008,20251209,91500970,0,136705,0,S,32000,1000,
000008.SZ,000008,20251209,91500970,0,136706,0,S,32800,1000,
000008.SZ,000008,20251209,91500970,0,136707,0,S,33600,1000,
000008.SZ,000008,20251209,91500980,0,137326,0,S,33000,3000,
000008.SZ,000008,20251209,91500980,0,137460,0,S,33600,30000,
000008.SZ,000008,20251209,91500980,0,137461,0,S,31400,20000,
000008.SZ,000008,20251209,91500980,0,137721,0,S,30800,500,
000008.SZ,000008,20251209,91500980,0,137724,0,S,31200,1000,
000008.SZ,000008,20251209,91500990,0,138393,0,B,28000,3000,
000008.SZ,000008,20251209,91501000,0,139429,0,B,30000,5000,
000008.SZ,000008,20251209,91501010,0,139729,0,B,29400,10000,
000008.SZ,000008,20251209,91501010,0,139730,0,B,29400,10000,
000008.SZ,000008,20251209,91501010,0,139974,0,B,28600,10000,
000008.SZ,000008,20251209,91501010,0,140011,0,S,30700,10000,
000008.SZ,000008,20251209,91501010,0,140281,0,S,32700,800000,
000008.SZ,000008,20251209,91501020,0,140865,0,S,31100,25100,
000008.SZ,000008,20251209,91501020,0,141038,0,B,29800,5000,
000008.SZ,000008,20251209,91501030,0,141679,0,S,30800,88700,
000008.SZ,000008,20251209,91501050,0,143033,0,S,31500,36500,
000008.SZ,000008,20251209,91501060,0,143266,0,S,30900,5000,
000008.SZ,000008,20251209,91501070,0,144099,0,S,31000,300,
000008.SZ,000008,20251209,91501080,0,144866,0,S,33000,80000,
000008.SZ,000008,20251209,91501080,0,144877,0,S,33600,100000,
000008.SZ,000008,20251209,91501080,0,145001,0,S,33000,8000,
000008.SZ,000008,20251209,91501080,0,145004,0,S,33600,12000,
000008.SZ,000008,20251209,91501090,0,145249,0,B,30000,100,
000008.SZ,000008,20251209,91501110,0,146829,0,S,33600,300,
000008.SZ,000008,20251209,91501140,0,148424,0,S,32300,300,
000008.SZ,000008,20251209,91501150,0,149200,0,B,30000,900,
000008.SZ,000008,20251209,91501160,0,149946,0,B,29700,2800,
000008.SZ,000008,20251209,91501180,0,151910,0,B,29800,500,
000008.SZ,000008,20251209,91501190,0,152351,0,S,33300,100,
000008.SZ,000008,20251209,91501190,0,152746,0,S,32800,100,
000008.SZ,000008,20251209,91501200,0,152871,0,B,30100,1600,
000008.SZ,000008,20251209,91501220,0,154036,0,B,29500,100,
000008.SZ,000008,20251209,91501220,0,154040,0,B,28500,100,
000008.SZ,000008,20251209,91501230,0,155447,0,B,30200,100000,
000008.SZ,000008,20251209,91501230,0,155448,0,B,30000,40000,
000008.SZ,000008,20251209,91501240,0,155698,0,S,32200,2000,
000008.SZ,000008,20251209,91501250,0,156213,0,S,30800,1400,
000008.SZ,000008,20251209,91501260,0,156526,0,S,33600,1000,
000008.SZ,000008,20251209,91501260,0,156644,0,S,30600,63600,
000008.SZ,000008,20251209,91501270,0,156745,0,S,33300,1800,
000008.SZ,000008,20251209,91501270,0,156784,0,B,30300,23100,
000008.SZ,000008,20251209,91501270,0,156936,0,S,33600,4300,
000008.SZ,000008,20251209,91501290,0,157659,0,S,33600,3000,
000008.SZ,000008,20251209,91501290,0,157740,0,B,29800,1200,
000008.SZ,000008,20251209,91501300,0,158222,0,S,31500,30000,
000008.SZ,000008,20251209,91501300,0,158396,0,S,30800,1000,
000008.SZ,000008,20251209,91501300,0,158539,0,S,31400,3000,
000008.SZ,000008,20251209,91501310,0,158624,0,B,28000,1900,
000008.SZ,000008,20251209,91501320,0,159409,0,S,31900,800,
000008.SZ,000008,20251209,91501320,0,159577,0,S,33600,200,
000008.SZ,000008,20251209,91501330,0,160216,0,B,30200,99900,
000008.SZ,000008,20251209,91501330,0,160228,0,B,30200,99900,
000008.SZ,000008,20251209,91501330,0,160229,0,B,30100,99900,
000008.SZ,000008,20251209,91501330,0,160230,0,B,30100,99900,
000008.SZ,000008,20251209,91501330,0,160231,0,B,30000,99900,
000008.SZ,000008,20251209,91501330,0,160238,0,B,30000,99900,
000008.SZ,000008,20251209,91501350,0,161234,0,B,27500,1800,
000008.SZ,000008,20251209,91501350,0,161235,0,B,28200,1800,
000008.SZ,000008,20251209,91501350,0,161236,0,B,28800,1700,
000008.SZ,000008,20251209,91501350,0,161241,0,S,33600,1500,
000008.SZ,000008,20251209,91501350,0,161242,0,S,33300,1500,
000008.SZ,000008,20251209,91501350,0,161243,0,S,33000,1500,
000008.SZ,000008,20251209,91501350,0,161245,0,S,32500,1500,
000008.SZ,000008,20251209,91501350,0,161247,0,S,31600,1600,
000008.SZ,000008,20251209,91501350,0,161248,0,S,31200,1600,
000008.SZ,000008,20251209,91501350,0,161249,0,S,30900,1600,
000008.SZ,000008,20251209,91501350,0,161434,0,S,31000,1500,
000008.SZ,000008,20251209,91501370,0,162520,0,S,33600,500,
000008.SZ,000008,20251209,91501380,0,162560,0,B,29900,4000,
000008.SZ,000008,20251209,91501380,0,162734,0,S,32000,1100,
000008.SZ,000008,20251209,91501400,0,164139,0,S,33400,300,
000008.SZ,000008,20251209,91501400,0,164391,0,S,31400,3300,
000008.SZ,000008,20251209,91501400,0,164393,0,B,29600,3600,
000008.SZ,000008,20251209,91501400,0,164396,0,S,31200,3300,
000008.SZ,000008,20251209,91501400,0,164400,0,B,29000,100,
000008.SZ,000008,20251209,91501400,0,164533,0,S,32200,3000,
000008.SZ,000008,20251209,91501400,0,164534,0,S,33600,3600,
000008.SZ,000008,20251209,91501400,0,164561,0,S,30900,1500,
000008.SZ,000008,20251209,91501410,0,165072,0,S,31000,400,
000008.SZ,000008,20251209,91501410,0,165257,0,S,30700,12500,
000008.SZ,000008,20251209,91501420,0,165329,0,S,33000,20800,
000008.SZ,000008,20251209,91501420,0,165595,0,B,30300,6400,
000008.SZ,000008,20251209,91501430,0,166146,0,B,29800,3000,
000008.SZ,000008,20251209,91501430,0,166147,0,B,29100,3000,
000008.SZ,000008,20251209,91501440,0,166796,0,S,33500,2000,
000008.SZ,000008,20251209,91501440,0,167197,0,S,33500,2000,
000008.SZ,000008,20251209,91501460,0,168492,0,B,30100,100000,
000008.SZ,000008,20251209,91501460,0,168493,0,B,30000,100000,
000008.SZ,000008,20251209,91501470,0,168755,0,S,33600,700,
000008.SZ,000008,20251209,91501470,0,169129,0,S,32900,60000,
000008.SZ,000008,20251209,91501490,0,170584,0,S,31700,3300,
000008.SZ,000008,20251209,91501490,0,170585,0,S,32700,2200,
000008.SZ,000008,20251209,91501500,0,170918,0,B,30000,3000,
000008.SZ,000008,20251209,91501500,0,170949,0,S,31200,1600,
000008.SZ,000008,20251209,91501500,0,171153,0,B,30000,5600,
000008.SZ,000008,20251209,91501510,0,172099,0,S,33000,2000,
000008.SZ,000008,20251209,91501510,0,172381,0,B,30100,3600,
000008.SZ,000008,20251209,91501510,0,172399,0,B,28200,35500,
000008.SZ,000008,20251209,91501520,0,173132,0,S,33400,3000,
000008.SZ,000008,20251209,91501520,0,173427,0,B,30200,3300,
000008.SZ,000008,20251209,91501520,0,173428,0,S,33200,2900,
000008.SZ,000008,20251209,91501530,0,173710,0,S,33000,500,
000008.SZ,000008,20251209,91501530,0,173711,0,B,28000,100,
000008.SZ,000008,20251209,91501530,0,173777,0,S,31100,6500,
000008.SZ,000008,20251209,91501530,0,173982,0,S,30700,1100,
000008.SZ,000008,20251209,91501530,0,173984,0,S,31000,1000,
000008.SZ,000008,20251209,91501540,0,174696,0,S,30700,12500,
000008.SZ,000008,20251209,91501550,0,175508,0,B,30000,3700,
000008.SZ,000008,20251209,91501550,0,175810,0,B,29800,600,
000008.SZ,000008,20251209,91501550,0,175830,0,B,30100,1800,
000008.SZ,000008,20251209,91501550,0,175840,0,B,27500,3000,
000008.SZ,000008,20251209,91501560,0,176004,0,B,30000,4300,
000008.SZ,000008,20251209,91501560,0,176100,0,B,29800,3200,
000008.SZ,000008,20251209,91501560,0,176187,0,S,30600,6000,
000008.SZ,000008,20251209,91501560,0,176189,0,S,30700,6000,
000008.SZ,000008,20251209,91501560,0,176447,0,S,32300,1400,
000008.SZ,000008,20251209,91501570,0,177088,0,S,30800,9900,
000008.SZ,000008,20251209,91501570,0,177112,0,S,33500,500,
000008.SZ,000008,20251209,91501570,0,177114,0,B,29300,2000,
000008.SZ,000008,20251209,91501590,0,177869,0,S,32400,500,
000008.SZ,000008,20251209,91501590,0,178434,0,B,30200,4300,
000008.SZ,000008,20251209,91501600,0,178466,0,B,29800,400,
000008.SZ,000008,20251209,91501620,0,179477,0,B,30100,1600,
000008.SZ,000008,20251209,91501620,0,179604,0,S,33600,1000,
000008.SZ,000008,20251209,91501620,0,179693,0,S,33600,5000,
000008.SZ,000008,20251209,91501630,0,180461,0,B,30200,3000,
000008.SZ,000008,20251209,91501640,0,180594,0,S,33400,19600,
000008.SZ,000008,20251209,91501640,0,181329,0,S,31100,10100,
000008.SZ,000008,20251209,91501640,0,181330,0,S,31000,10000,
000008.SZ,000008,20251209,91501660,0,182510,0,S,33500,800,
000008.SZ,000008,20251209,91501680,0,184035,0,B,28300,800,
000008.SZ,000008,20251209,91501680,0,184153,0,S,33600,20000,
000008.SZ,000008,20251209,91501710,0,185553,0,S,31500,30000,
000008.SZ,000008,20251209,91501740,0,186733,0,S,33600,1900,
000008.SZ,000008,20251209,91501760,0,187857,0,B,30200,1600,
000008.SZ,000008,20251209,91501770,0,187993,0,S,33600,1700,
000008.SZ,000008,20251209,91501780,0,188676,0,S,33000,6600,
000008.SZ,000008,20251209,91501830,0,190496,0,S,32000,2000,
000008.SZ,000008,20251209,91501830,0,190728,0,S,31200,800,
000008.SZ,000008,20251209,91501830,0,190819,0,S,32800,500,
000008.SZ,000008,20251209,91501860,0,192104,0,B,30200,7700,
000008.SZ,000008,20251209,91501860,0,192314,0,S,30700,22600,
000008.SZ,000008,20251209,91501870,0,192423,0,S,33600,6800,
000008.SZ,000008,20251209,91501910,0,194134,0,S,33600,7000,
000008.SZ,000008,20251209,91501940,0,195331,0,B,30000,10000,
000008.SZ,000008,20251209,91501940,0,195391,0,S,31300,40000,
000008.SZ,000008,20251209,91501950,0,195602,0,B,30000,200,
000008.SZ,000008,20251209,91501970,0,196762,0,B,30300,1000,
000008.SZ,000008,20251209,91501970,0,196865,0,S,31200,200,
000008.SZ,000008,20251209,91502000,0,198073,0,S,31900,300,
000008.SZ,000008,20251209,91502010,0,199122,0,B,29500,10400,
000008.SZ,000008,20251209,91502020,0,199222,0,B,27500,1000,
000008.SZ,000008,20251209,91502020,0,199255,0,S,33600,200,
000008.SZ,000008,20251209,91502020,0,199266,0,B,29500,500,
000008.SZ,000008,20251209,91502020,0,199321,0,B,29000,800,
000008.SZ,000008,20251209,91502020,0,199401,0,B,30500,600,
000008.SZ,000008,20251209,91502020,0,199599,0,S,31000,300,
000008.SZ,000008,20251209,91502060,0,201323,0,B,29800,30300,
000008.SZ,000008,20251209,91502060,0,201445,0,S,33600,25300,
000008.SZ,000008,20251209,91502090,0,202385,0,B,30000,300,
000008.SZ,000008,20251209,91502090,0,202575,0,S,30100,4000,
000008.SZ,000008,20251209,91502090,0,202577,0,S,30800,2000,
000008.SZ,000008,20251209,91502120,0,203586,0,S,31100,3000,
000008.SZ,000008,20251209,91502120,0,203587,0,S,31600,5000,
000008.SZ,000008,20251209,91502120,0,203597,0,S,32300,5000,
000008.SZ,000008,20251209,91502120,0,203599,0,S,32800,5000,
000008.SZ,000008,20251209,91502120,0,203600,0,S,33300,2500,
000008.SZ,000008,20251209,91502130,0,203814,0,S,33600,1200,
000008.SZ,000008,20251209,91502130,0,203891,0,B,29800,1000,
000008.SZ,000008,20251209,91502130,0,203999,0,S,33300,500,
000008.SZ,000008,20251209,91502130,0,204000,0,B,28300,300,
000008.SZ,000008,20251209,91502130,0,204030,0,B,27500,400,
000008.SZ,000008,20251209,91502160,0,205334,0,S,33600,500,
000008.SZ,000008,20251209,91502180,0,206775,0,S,33600,100,
000008.SZ,000008,20251209,91502190,0,207272,0,S,33300,100,
000008.SZ,000008,20251209,91502190,0,207278,0,B,30400,10000,
000008.SZ,000008,20251209,91502190,0,207279,0,B,30200,20100,
000008.SZ,000008,20251209,91502200,0,207796,0,S,33600,600,
000008.SZ,000008,20251209,91502210,0,208408,0,S,33600,100,
000008.SZ,000008,20251209,91502220,0,208635,0,B,30800,200,
000008.SZ,000008,20251209,91502220,0,208639,0,B,30900,200,
000008.SZ,000008,20251209,91502220,0,208643,0,S,30800,200,
000008.SZ,000008,20251209,91502220,0,208644,0,S,30900,200,
000008.SZ,000008,20251209,91502220,0,208645,0,S,31100,500,
000008.SZ,000008,20251209,91502280,0,210676,0,S,33000,4000,
000008.SZ,000008,20251209,91502280,0,210760,0,B,30500,200,
000008.SZ,000008,20251209,91502300,0,211455,0,S,33600,400,
000008.SZ,000008,20251209,91502300,0,211456,0,B,29900,800,
000008.SZ,000008,20251209,91502320,0,212286,0,B,28000,5200,
000008.SZ,000008,20251209,91502330,0,212945,0,S,33500,1000,
000008.SZ,000008,20251209,91502400,0,214870,0,B,30100,200,
000008.SZ,000008,20251209,91502410,0,215091,0,B,29400,900,
000008.SZ,000008,20251209,91502410,0,215289,0,S,33600,10000,
000008.SZ,000008,20251209,91502440,0,216330,0,S,31200,1000,
000008.SZ,000008,20251209,91502440,0,216393,0,S,33600,1000,
000008.SZ,000008,20251209,91502450,0,217015,0,S,32000,2000,
000008.SZ,000008,20251209,91502460,0,217347,0,B,30100,1000,
000008.SZ,000008,20251209,91502460,0,217348,0,S,31900,900,
000008.SZ,000008,20251209,91502470,0,217879,0,B,28600,1700,
000008.SZ,000008,20251209,91502470,0,217883,0,B,29200,1700,
000008.SZ,000008,20251209,91502470,0,217885,0,B,29600,1700,
000008.SZ,000008,20251209,91502470,0,217890,0,S,32100,1500,
000008.SZ,000008,20251209,91502470,0,217891,0,S,31800,1600,
000008.SZ,000008,20251209,91502480,0,218163,0,B,30000,6600,
000008.SZ,000008,20251209,91502480,0,218164,0,S,31000,6500,
000008.SZ,000008,20251209,91502500,0,218945,0,S,32900,2000,
000008.SZ,000008,20251209,91502500,0,219229,0,B,30000,3900,
000008.SZ,000008,20251209,91502510,0,219603,0,B,30000,8900,
000008.SZ,000008,20251209,91502510,0,219916,0,B,29500,1000,
000008.SZ,000008,20251209,91502530,0,220862,0,B,29800,3500,
000008.SZ,000008,20251209,91502540,0,221054,0,B,29800,500,
000008.SZ,000008,20251209,91502540,0,221057,0,B,29800,500,
000008.SZ,000008,20251209,91502540,0,221297,0,S,30700,9700,
000008.SZ,000008,20251209,91502560,0,222653,0,S,31600,900,
000008.SZ,000008,20251209,91502580,0,223359,0,S,33600,200,
000008.SZ,000008,20251209,91502590,0,223618,0,S,30700,18000,
000008.SZ,000008,20251209,91502590,0,223944,0,B,28000,2000,
000008.SZ,000008,20251209,91502610,0,224428,0,B,29900,700,
000008.SZ,000008,20251209,91502610,0,224429,0,B,30000,500,
000008.SZ,000008,20251209,91502610,0,224430,0,B,29800,1400,
000008.SZ,000008,20251209,91502610,0,224490,0,B,29600,2400,
000008.SZ,000008,20251209,91502650,0,226001,0,S,33500,100,
000008.SZ,000008,20251209,91502670,0,226774,0,S,31300,100,
000008.SZ,000008,20251209,91502670,0,226874,0,B,29000,5000,
000008.SZ,000008,20251209,91502930,0,233214,0,B,29000,12900,
000008.SZ,000008,20251209,91502930,0,233249,0,S,30800,800,
000008.SZ,000008,20251209,91502930,0,233250,0,S,33600,2000,
000008.SZ,000008,20251209,91502940,0,233625,0,S,33600,1000,
000008.SZ,000008,20251209,91502940,0,233755,0,S,33600,1000,
000008.SZ,000008,20251209,91503010,0,236073,0,S,30900,25100,
000008.SZ,000008,20251209,91503020,0,236647,0,S,33600,22500,
000008.SZ,000008,20251209,91503070,0,237762,0,S,31900,3300,
000008.SZ,000008,20251209,91503130,0,239365,0,S,31700,3000,
000008.SZ,000008,20251209,91503130,0,239366,0,S,31900,5000,
000008.SZ,000008,20251209,91503130,0,239367,0,S,32300,6000,
000008.SZ,000008,20251209,91503130,0,239368,0,S,33600,7300,
000008.SZ,000008,20251209,91503130,0,239396,0,B,30200,200,
000008.SZ,000008,20251209,91503130,0,239397,0,B,30100,200,
000008.SZ,000008,20251209,91503140,0,239718,0,S,31000,1000,
000008.SZ,000008,20251209,91503140,0,239719,0,B,30000,1000,
000008.SZ,000008,20251209,91503170,0,241056,0,S,31200,1500,
000008.SZ,000008,20251209,91503180,0,241196,0,S,33600,500,
000008.SZ,000008,20251209,91503180,0,241199,0,S,31400,4500,
000008.SZ,000008,20251209,91503230,0,242240,0,S,33600,7000,
000008.SZ,000008,20251209,91503230,0,242248,0,S,33600,10000,
000008.SZ,000008,20251209,91503240,0,242449,0,S,31000,5000,
000008.SZ,000008,20251209,91503270,0,242911,0,S,31600,10000,
000008.SZ,000008,20251209,91503300,0,243343,0,S,33600,15000,
000008.SZ,000008,20251209,91503300,0,243422,0,S,30700,20000,
000008.SZ,000008,20251209,91503310,0,243673,0,B,29800,20000,
000008.SZ,000008,20251209,91503320,0,244079,0,S,31100,1600,
000008.SZ,000008,20251209,91503330,0,244134,0,B,29500,1000,
000008.SZ,000008,20251209,91503330,0,244139,0,S,31000,1000,
000008.SZ,000008,20251209,91503330,0,244170,0,S,31500,1000,
000008.SZ,000008,20251209,91503330,0,244173,0,S,32000,1000,
000008.SZ,000008,20251209,91503330,0,244310,0,S,32000,2000,
000008.SZ,000008,20251209,91503330,0,244312,0,S,33000,2000,
000008.SZ,000008,20251209,91503330,0,244315,0,B,29500,2000,
000008.SZ,000008,20251209,91503360,0,244748,0,B,30000,9600,
000008.SZ,000008,20251209,91503370,0,244921,0,B,29800,1100,
000008.SZ,000008,20251209,91503380,0,245141,0,S,32700,10000,
000008.SZ,000008,20251209,91503380,0,245251,0,B,28000,3000,
000008.SZ,000008,20251209,91503430,0,246515,0,S,31100,3000,
000008.SZ,000008,20251209,91503440,0,246737,0,B,29500,18000,
000008.SZ,000008,20251209,91503440,0,246757,0,S,33600,124100,
000008.SZ,000008,20251209,91503460,0,247091,0,B,29000,15000,
000008.SZ,000008,20251209,91503470,0,247282,0,B,30500,200,
000008.SZ,000008,20251209,91503480,0,247522,0,B,30000,3000,
000008.SZ,000008,20251209,91503480,0,247574,0,S,30800,10000,
000008.SZ,000008,20251209,91503480,0,247745,0,S,33500,1000,
000008.SZ,000008,20251209,91503500,0,248571,0,S,33600,1000,
000008.SZ,000008,20251209,91503520,0,249288,0,B,29600,3000,
000008.SZ,000008,20251209,91503550,0,250586,0,B,29000,5000,
000008.SZ,000008,20251209,91503580,0,251507,0,S,33600,10000,
000008.SZ,000008,20251209,91503600,0,251964,0,B,29500,1000,
000008.SZ,000008,20251209,91503610,0,252270,0,S,31800,1800,
000008.SZ,000008,20251209,91503610,0,252414,0,S,33100,100,
000008.SZ,000008,20251209,91503620,0,252583,0,S,31300,5000,
000008.SZ,000008,20251209,91503650,0,253257,0,S,30500,7000,
000008.SZ,000008,20251209,91503710,0,254927,0,S,33600,200,
000008.SZ,000008,20251209,91503730,0,255404,0,S,33600,16400,
000008.SZ,000008,20251209,91503800,0,256177,0,B,30500,1900,
000008.SZ,000008,20251209,91503810,0,256269,0,S,30500,4000,
000008.SZ,000008,20251209,91503830,0,256551,0,B,27500,1800,
000008.SZ,000008,20251209,91503830,0,256627,0,B,28200,1800,
000008.SZ,000008,20251209,91503830,0,256629,0,B,28600,1700,
000008.SZ,000008,20251209,91503840,0,256636,0,B,28800,1700,
000008.SZ,000008,20251209,91503840,0,256637,0,B,29200,1700,
000008.SZ,000008,20251209,91503840,0,256639,0,B,29600,1700,
000008.SZ,000008,20251209,91503840,0,256643,0,S,33600,1500,
000008.SZ,000008,20251209,91503840,0,256645,0,S,33300,1500,
000008.SZ,000008,20251209,91503840,0,256647,0,S,33000,1500,
000008.SZ,000008,20251209,91503840,0,256648,0,S,32500,1500,
000008.SZ,000008,20251209,91503840,0,256651,0,S,32100,1600,
000008.SZ,000008,20251209,91503840,0,256662,0,S,31800,1600,
000008.SZ,000008,20251209,91503850,0,256682,0,S,31600,1600,
000008.SZ,000008,20251209,91503850,0,256707,0,S,30900,1600,
000008.SZ,000008,20251209,91503850,0,256758,0,S,31200,1600,
000008.SZ,000008,20251209,91503970,0,258800,0,B,29900,3300,
000008.SZ,000008,20251209,91504010,0,259506,0,S,33200,6100,
000008.SZ,000008,20251209,91504050,0,259897,0,S,31000,17700,
000008.SZ,000008,20251209,91504050,0,259952,0,S,33600,1100,
000008.SZ,000008,20251209,91504050,0,259954,0,B,29200,5000,
000008.SZ,000008,20251209,91504050,0,259955,0,B,29800,3000,
000008.SZ,000008,20251209,91504160,0,261203,0,B,30100,5000,
000008.SZ,000008,20251209,91504200,0,261822,0,S,31000,100,
000008.SZ,000008,20251209,91504210,0,261965,0,S,31900,2000,
000008.SZ,000008,20251209,91504290,0,263049,0,S,33600,500,
000008.SZ,000008,20251209,91504290,0,263105,0,S,30800,1000,
000008.SZ,000008,20251209,91504430,0,264895,0,B,27500,100,
000008.SZ,000008,20251209,91504440,0,265018,0,S,32000,800,
000008.SZ,000008,20251209,91504440,0,265020,0,S,31600,300,
000008.SZ,000008,20251209,91504460,0,265141,0,S,33000,15000,
000008.SZ,000008,20251209,91504460,0,265142,0,S,33300,17300,
000008.SZ,000008,20251209,91504460,0,265143,0,S,33500,17400,
000008.SZ,000008,20251209,91504480,0,265458,0,S,33600,10000,
000008.SZ,000008,20251209,91504510,0,266206,0,B,29900,13100,
000008.SZ,000008,20251209,91504590,0,267957,0,S,33600,5000,
000008.SZ,000008,20251209,91504590,0,268082,0,B,29500,14900,
000008.SZ,000008,20251209,91504630,0,268672,0,S,30400,1600,
000008.SZ,000008,20251209,91504660,0,269104,0,S,32600,6000,
000008.SZ,000008,20251209,91504950,0,270870,0,S,30800,11700,
000008.SZ,000008,20251209,91504950,0,270871,0,S,30900,11700,
000008.SZ,000008,20251209,91504950,0,270872,0,S,31000,11700,
000008.SZ,000008,20251209,91504950,0,270891,0,S,31000,200,
000008.SZ,000008,20251209,91504950,0,270893,0,S,32000,300,
000008.SZ,000008,20251209,91504950,0,270895,0,S,33000,500,
000008.SZ,000008,20251209,91504950,0,270896,0,B,30000,200,
000008.SZ,000008,20251209,91504950,0,270897,0,B,29000,300,
000008.SZ,000008,20251209,91505020,0,271257,0,S,33600,2200,
000008.SZ,000008,20251209,91505070,0,271590,0,S,33000,500,
000008.SZ,000008,20251209,91505070,0,271602,0,S,30700,11500,
000008.SZ,000008,20251209,91505070,0,271604,0,B,30000,1900,
000008.SZ,000008,20251209,91505080,0,271629,0,S,31200,4500,
000008.SZ,000008,20251209,91505170,0,272152,0,B,30000,200000,
000008.SZ,000008,20251209,91505170,0,272153,0,B,29600,200000,
000008.SZ,000008,20251209,91505170,0,272295,0,B,30300,10900,
000008.SZ,000008,20251209,91505170,0,272296,0,B,29800,1600,
000008.SZ,000008,20251209,91505170,0,272298,0,B,28400,200000,
000008.SZ,000008,20251209,91505170,0,272301,0,B,27500,100000,
000008.SZ,000008,20251209,91505250,0,273117,0,S,33600,100,
000008.SZ,000008,20251209,91505400,0,273860,0,S,33300,3000,
000008.SZ,000008,20251209,91505430,0,274063,0,S,31600,2200,
000008.SZ,000008,20251209,91505450,0,274292,0,S,32000,100,
000008.SZ,000008,20251209,91505480,0,274377,0,S,33600,6000,
000008.SZ,000008,20251209,91505480,0,274380,0,S,31600,6000,
000008.SZ,000008,20251209,91505490,0,274433,0,S,31200,6000,
000008.SZ,000008,20251209,91505530,0,275058,0,S,32100,3100,
000008.SZ,000008,20251209,91505550,0,275574,0,S,32600,6000,
000008.SZ,000008,20251209,91505630,0,276923,0,S,30400,300,
000008.SZ,000008,20251209,91505640,0,277017,0,S,33600,2900,
000008.SZ,000008,20251209,91505650,0,277107,0,S,31600,100,
000008.SZ,000008,20251209,91506170,0,279372,0,S,31500,1100,
000008.SZ,000008,20251209,91506180,0,279497,0,S,33000,4700,
000008.SZ,000008,20251209,91506260,0,280076,0,S,31100,2300,
000008.SZ,000008,20251209,91506410,0,280493,0,B,28100,700,
000008.SZ,000008,20251209,91506500,0,281051,0,S,31100,19200,
000008.SZ,000008,20251209,91506600,0,282011,0,S,31500,11800,
000008.SZ,000008,20251209,91506620,0,282158,0,B,30300,3700,
000008.SZ,000008,20251209,91506660,0,282632,0,B,30100,1600,
000008.SZ,000008,20251209,91506660,0,282649,0,S,30900,600,
000008.SZ,000008,20251209,91506660,0,282678,0,S,33200,2000,
000008.SZ,000008,20251209,91506680,0,282801,0,B,30100,2000,
000008.SZ,000008,20251209,91507150,0,284231,0,S,31400,1000,
000008.SZ,000008,20251209,91507150,0,284232,0,S,32400,1500,
000008.SZ,000008,20251209,91507150,0,284234,0,S,33000,1500,
000008.SZ,000008,20251209,91507150,0,284287,0,S,33600,100,
000008.SZ,000008,20251209,91507490,0,285476,0,S,31300,900,
000008.SZ,000008,20251209,91507580,0,286045,0,B,30100,3800,
000008.SZ,000008,20251209,91509510,0,290560,0,B,29800,2000,
000008.SZ,000008,20251209,91509640,0,291147,0,B,28000,500,
000008.SZ,000008,20251209,91509710,0,291478,0,S,29000,100,
000008.SZ,000008,20251209,91509800,0,291527,0,B,29800,5000,
000008.SZ,000008,20251209,91510510,0,292179,0,S,33600,10000,
000008.SZ,000008,20251209,91510600,0,292552,0,S,31400,4000,
000008.SZ,000008,20251209,91511410,0,293448,0,S,33500,1000,
000008.SZ,000008,20251209,91511410,0,293449,0,B,30000,500,
000008.SZ,000008,20251209,91511650,0,294090,0,B,30100,4000,
000008.SZ,000008,20251209,91512550,0,294742,0,S,31600,100,
000008.SZ,000008,20251209,91512550,0,294744,0,B,29800,100,
000008.SZ,000008,20251209,91513580,0,295458,0,S,33600,100,
000008.SZ,000008,20251209,91514450,0,295789,0,B,29800,2000,
000008.SZ,000008,20251209,91514780,0,295903,0,S,33600,10100,
000008.SZ,000008,20251209,91514910,0,295911,0,B,30300,700,
000008.SZ,000008,20251209,91514940,0,295914,0,S,30500,700,
000008.SZ,000008,20251209,91516950,0,296267,0,B,30000,1000,
000008.SZ,000008,20251209,91517770,0,296397,0,S,32000,100,
000008.SZ,000008,20251209,91521200,0,296970,0,B,29000,100,
000008.SZ,000008,20251209,91523790,0,297441,0,B,30000,20000,
000008.SZ,000008,20251209,91530230,0,298799,0,S,30800,2000,
000008.SZ,000008,20251209,91532480,0,299311,0,B,29900,14100,
000008.SZ,000008,20251209,91538900,0,300769,0,S,31100,3000,
000008.SZ,000008,20251209,91547190,0,302720,0,S,31900,3000,
000008.SZ,000008,20251209,91548040,0,302957,0,S,30900,17200,
000008.SZ,000008,20251209,91551020,0,303777,0,B,29500,3000,
000008.SZ,000008,20251209,91551160,0,303840,0,S,31300,3000,
000008.SZ,000008,20251209,91551370,0,303913,0,S,33600,100,
000008.SZ,000008,20251209,91558310,0,305898,0,S,33000,3000,
000008.SZ,000008,20251209,91601260,0,306721,0,B,27500,100,
000008.SZ,000008,20251209,91601670,0,306837,0,B,27500,100,
000008.SZ,000008,20251209,91601680,0,306838,0,B,27500,100,
000008.SZ,000008,20251209,91603170,0,307284,0,B,30500,400,
000008.SZ,000008,20251209,91605000,0,307857,0,B,30500,2200,
000008.SZ,000008,20251209,91606800,0,308397,0,B,30300,20000,
000008.SZ,000008,20251209,91610820,0,309495,0,S,30700,5700,
000008.SZ,000008,20251209,91620270,0,311829,0,B,30900,3200,
000008.SZ,000008,20251209,91624080,0,312762,0,B,30600,10500,
000008.SZ,000008,20251209,91625870,0,313255,0,S,30600,10000,
000008.SZ,000008,20251209,91630460,0,314407,0,B,30300,3000,
000008.SZ,000008,20251209,91634930,0,315844,0,S,31000,4900,
000008.SZ,000008,20251209,91635710,0,316041,0,S,30600,20000,
000008.SZ,000008,20251209,91637930,0,316675,0,B,30200,2000,
000008.SZ,000008,20251209,91643710,0,318202,0,S,32000,3000,
000008.SZ,000008,20251209,91644140,0,318307,0,S,31200,700,
000008.SZ,000008,20251209,91645900,0,318790,0,S,33300,1100,
000008.SZ,000008,20251209,91646790,0,319026,0,B,30400,300,
000008.SZ,000008,20251209,91647060,0,319106,0,B,30000,3000,
000008.SZ,000008,20251209,91650470,0,320040,0,B,30400,600,
000008.SZ,000008,20251209,91652600,0,320643,0,S,33500,500,
000008.SZ,000008,20251209,91652790,0,320701,0,S,32000,3100,
000008.SZ,000008,20251209,91654760,0,321266,0,B,30300,1700,
000008.SZ,000008,20251209,91655690,0,321532,0,B,29800,5000,
000008.SZ,000008,20251209,91655870,0,321598,0,S,31200,3000,
000008.SZ,000008,20251209,91656620,0,321807,0,B,30400,10000,
000008.SZ,000008,20251209,91704630,0,324151,0,S,32200,500,
000008.SZ,000008,20251209,91705980,0,324556,0,B,29600,7000,
000008.SZ,000008,20251209,91707710,0,325071,0,S,31900,1500,
000008.SZ,000008,20251209,91710650,0,325948,0,B,27500,1000,
000008.SZ,000008,20251209,91712060,0,326367,0,S,33600,3000,
000008.SZ,000008,20251209,91712160,0,326382,0,B,30200,2300,
000008.SZ,000008,20251209,91712370,0,326456,0,S,30600,400,
000008.SZ,000008,20251209,91714090,0,326966,0,B,29400,8000,
000008.SZ,000008,20251209,91721790,0,329210,0,B,30100,3000,
000008.SZ,000008,20251209,91721790,0,329212,0,B,29200,10000,
000008.SZ,000008,20251209,91722710,0,329481,0,S,33600,1000,
000008.SZ,000008,20251209,91725330,0,330307,0,S,30800,3600,
000008.SZ,000008,20251209,91725880,0,330516,0,B,30100,5000,
000008.SZ,000008,20251209,91726510,0,330708,0,S,32000,9600,
000008.SZ,000008,20251209,91726620,0,330752,0,S,31000,2900,
000008.SZ,000008,20251209,91731910,0,332422,0,B,29000,12000,
000008.SZ,000008,20251209,91736150,0,333743,0,S,30600,10000,
000008.SZ,000008,20251209,91736670,0,333891,0,S,31500,14900,
000008.SZ,000008,20251209,91749650,0,338109,0,S,31000,99900,
000008.SZ,000008,20251209,91753960,0,339443,0,S,31000,700,
000008.SZ,000008,20251209,91753990,0,339451,0,S,30800,2900,
000008.SZ,000008,20251209,91758260,0,340804,0,S,32000,500,
000008.SZ,000008,20251209,91803440,0,342522,0,B,30000,400,
000008.SZ,000008,20251209,91803520,0,342552,0,S,33600,2900,
000008.SZ,000008,20251209,91804540,0,342909,0,B,30300,25000,
000008.SZ,000008,20251209,91805870,0,343298,0,B,30000,20000,
000008.SZ,000008,20251209,91806270,0,343416,0,B,30400,100,
000008.SZ,000008,20251209,91807850,0,343910,0,S,31500,1000,
000008.SZ,000008,20251209,91812730,0,345466,0,S,31700,1600,
000008.SZ,000008,20251209,91813200,0,345623,0,B,30000,600,
000008.SZ,000008,20251209,91813270,0,345638,0,S,31000,1000,
000008.SZ,000008,20251209,91817130,0,346911,0,S,31600,1000,
000008.SZ,000008,20251209,91818060,0,347222,0,S,30800,5000,
000008.SZ,000008,20251209,91819520,0,347718,0,S,30600,1600,
000008.SZ,000008,20251209,91822900,0,348815,0,S,33600,2000,
000008.SZ,000008,20251209,91823780,0,349127,0,B,30300,30000,
000008.SZ,000008,20251209,91829330,0,351031,0,S,31200,1000,
000008.SZ,000008,20251209,91830600,0,351476,0,S,33600,5000,
000008.SZ,000008,20251209,91842180,0,355444,0,S,31700,1600,
000008.SZ,000008,20251209,91842300,0,355490,0,S,33600,30000,
000008.SZ,000008,20251209,91845660,0,356602,0,S,30700,10000,
000008.SZ,000008,20251209,91849100,0,357737,0,S,31200,5000,
000008.SZ,000008,20251209,91850240,0,358128,0,S,31000,1000,
000008.SZ,000008,20251209,91853330,0,359268,0,S,31000,500,
000008.SZ,000008,20251209,91901500,0,362189,0,S,30900,8000,
000008.SZ,000008,20251209,91903100,0,362770,0,S,33600,200,
000008.SZ,000008,20251209,91912190,0,366188,0,S,33500,6400,
000008.SZ,000008,20251209,91916020,0,367552,0,S,31600,27000,
000008.SZ,000008,20251209,91919410,0,368782,0,B,30600,100,
000008.SZ,000008,20251209,91920260,0,369090,0,B,29900,5000,
000008.SZ,000008,20251209,91920710,0,369242,0,B,30600,1000,
000008.SZ,000008,20251209,91924640,0,370754,0,S,30900,50000,
000008.SZ,000008,20251209,91924880,0,370840,0,S,31700,10600,
000008.SZ,000008,20251209,91930980,0,373114,0,B,30000,10000,
000008.SZ,000008,20251209,91931080,0,373144,0,S,31600,1100,
000008.SZ,000008,20251209,91931530,0,373300,0,S,31000,30000,
000008.SZ,000008,20251209,91932950,0,373806,0,S,31700,3000,
000008.SZ,000008,20251209,91933090,0,373858,0,B,30100,600,
000008.SZ,000008,20251209,91934470,0,374358,0,B,30100,2700,
000008.SZ,000008,20251209,91938900,0,375948,0,B,30100,1000,
000008.SZ,000008,20251209,91940350,0,376526,0,B,30600,1500,
000008.SZ,000008,20251209,91946620,0,378797,0,B,30300,4200,
000008.SZ,000008,20251209,91949920,0,380017,0,S,31000,300,
000008.SZ,000008,20251209,91950140,0,380097,0,S,33000,15000,
000008.SZ,000008,20251209,91955220,0,381980,0,S,31100,12700,
000008.SZ,000008,20251209,91956440,0,382445,0,S,33600,1100,
000008.SZ,000008,20251209,91956600,0,382513,0,B,29000,700,
000008.SZ,000008,20251209,91959090,0,383494,0,B,29800,20000,
000008.SZ,000008,20251209,92000380,0,384034,0,S,33600,3300,
000008.SZ,000008,20251209,92003840,0,385435,0,S,30900,1400,
000008.SZ,000008,20251209,92010910,0,388030,0,S,31200,32500,
000008.SZ,000008,20251209,92016580,0,389906,0,S,31000,1700,
000008.SZ,000008,20251209,92026410,0,393229,0,S,30900,4000,
000008.SZ,000008,20251209,92028000,0,393812,0,S,33600,1800,
000008.SZ,000008,20251209,92029320,0,394272,0,B,27900,3000,
000008.SZ,000008,20251209,92033340,0,395698,0,B,30400,10000,
000008.SZ,000008,20251209,92035490,0,396406,0,S,30600,1500,
000008.SZ,000008,20251209,92041380,0,398478,0,B,30100,100,
000008.SZ,000008,20251209,92041390,0,398483,0,S,32000,1000,
000008.SZ,000008,20251209,92044400,0,399633,0,S,31800,5000,
000008.SZ,000008,20251209,92044400,0,399635,0,S,30900,3000,
000008.SZ,000008,20251209,92044890,0,399804,0,S,31200,600,
000008.SZ,000008,20251209,92045550,0,400037,0,S,31300,2000,
000008.SZ,000008,20251209,92045960,0,400180,0,S,30800,10000,
000008.SZ,000008,20251209,92052910,0,402588,0,S,32000,1000,
000008.SZ,000008,20251209,92053000,0,402613,0,S,30600,6500,
000008.SZ,000008,20251209,92053230,0,402695,0,B,29800,500,
000008.SZ,000008,20251209,92055890,0,403687,0,S,31200,2000,
000008.SZ,000008,20251209,92056310,0,403862,0,S,32500,5500,
000008.SZ,000008,20251209,92057360,0,404202,0,S,30700,10000,
000008.SZ,000008,20251209,92102030,0,405871,0,S,30700,2500,
000008.SZ,000008,20251209,92106880,0,407655,0,S,30900,1300,
000008.SZ,000008,20251209,92107890,0,408042,0,S,32800,10000,
000008.SZ,000008,20251209,92108550,0,408276,0,B,30300,3000,
000008.SZ,000008,20251209,92108820,0,408377,0,S,30800,1900,
000008.SZ,000008,20251209,92112600,0,409808,0,S,31300,3600,
000008.SZ,000008,20251209,92112840,0,409907,0,S,30800,2000,
000008.SZ,000008,20251209,92114440,0,410504,0,S,30800,54100,
000008.SZ,000008,20251209,92114760,0,410616,0,S,31100,3500,
000008.SZ,000008,20251209,92115330,0,410835,0,S,30800,10000,
000008.SZ,000008,20251209,92116640,0,411372,0,S,33600,100,
000008.SZ,000008,20251209,92118050,0,411912,0,B,30600,1000,
000008.SZ,000008,20251209,92120020,0,412599,0,S,30900,8300,
000008.SZ,000008,20251209,92120650,0,412853,0,S,30400,103400,
000008.SZ,000008,20251209,92120840,0,412923,0,S,30700,1000,
000008.SZ,000008,20251209,92123200,0,413867,0,B,30300,1200,
000008.SZ,000008,20251209,92125220,0,414642,0,B,30000,7000,
000008.SZ,000008,20251209,92128030,0,415726,0,B,30000,5900,
000008.SZ,000008,20251209,92131810,0,417281,0,S,30600,17000,
000008.SZ,000008,20251209,92132170,0,417441,0,S,30800,20000,
000008.SZ,000008,20251209,92136820,0,419260,0,S,32000,1000,
000008.SZ,000008,20251209,92139020,0,420223,0,S,31000,3200,
000008.SZ,000008,20251209,92143420,0,421930,0,S,33600,3000,
000008.SZ,000008,20251209,92143580,0,421984,0,B,30300,1000,
000008.SZ,000008,20251209,92145650,0,422810,0,B,29700,500,
000008.SZ,000008,20251209,92146070,0,422973,0,B,30000,5000,
000008.SZ,000008,20251209,92151490,0,425129,0,B,29600,500,
000008.SZ,000008,20251209,92153540,0,426012,0,B,27500,2000,
000008.SZ,000008,20251209,92153610,0,426040,0,B,29100,300,
000008.SZ,000008,20251209,92153630,0,426047,0,S,30400,15000,
000008.SZ,000008,20251209,92157500,0,427634,0,B,29300,2000,
000008.SZ,000008,20251209,92158000,0,427835,0,S,30900,5000,
000008.SZ,000008,20251209,92158610,0,428081,0,B,29500,500,
000008.SZ,000008,20251209,92159070,0,428255,0,B,29800,20000,
000008.SZ,000008,20251209,92201010,0,429142,0,B,29900,5000,
000008.SZ,000008,20251209,92205410,0,431313,0,S,30600,13400,
000008.SZ,000008,20251209,92206980,0,431964,0,B,29400,500,
000008.SZ,000008,20251209,92207610,0,432251,0,B,29800,200,
000008.SZ,000008,20251209,92210310,0,433339,0,B,30200,2200,
000008.SZ,000008,20251209,92210870,0,433615,0,B,29700,1000,
000008.SZ,000008,20251209,92212000,0,434070,0,B,29700,1000,
000008.SZ,000008,20251209,92212400,0,434241,0,B,30200,4000,
000008.SZ,000008,20251209,92212960,0,434480,0,S,31900,1000,
000008.SZ,000008,20251209,92213500,0,434720,0,B,30400,16000,
000008.SZ,000008,20251209,92215950,0,435747,0,B,28500,35000,
000008.SZ,000008,20251209,92216310,0,435900,0,B,29400,1700,
000008.SZ,000008,20251209,92217340,0,436374,0,B,29100,11000,
000008.SZ,000008,20251209,92217810,0,436583,0,B,30000,1000,
000008.SZ,000008,20251209,92218940,0,437078,0,B,30000,10000,
000008.SZ,000008,20251209,92219210,0,437213,0,B,29700,1000,
000008.SZ,000008,20251209,92223990,0,439335,0,S,30600,100,
000008.SZ,000008,20251209,92224170,0,439423,0,S,30600,300,
000008.SZ,000008,20251209,92225420,0,440040,0,S,30700,10000,
000008.SZ,000008,20251209,92227270,0,440811,0,B,30300,2000,
000008.SZ,000008,20251209,92227300,0,440824,0,S,33600,25000,
000008.SZ,000008,20251209,92227870,0,441074,0,B,27500,4400,
000008.SZ,000008,20251209,92227960,0,441106,0,S,33600,600,
000008.SZ,000008,20251209,92228880,0,441481,0,B,29800,500,
000008.SZ,000008,20251209,92230040,0,442026,0,S,30800,3000,
000008.SZ,000008,20251209,92230990,0,442486,0,S,33600,600,
000008.SZ,000008,20251209,92235080,0,444365,0,B,30100,100,
000008.SZ,000008,20251209,92237610,0,445510,0,S,31200,1000,
000008.SZ,000008,20251209,92239060,0,446184,0,S,30600,20000,
000008.SZ,000008,20251209,92240500,0,446907,0,B,30100,20000,
000008.SZ,000008,20251209,92241660,0,447460,0,B,30300,50000,
000008.SZ,000008,20251209,92243660,0,448505,0,B,30000,1000,
000008.SZ,000008,20251209,92245510,0,449374,0,B,29500,400,
000008.SZ,000008,20251209,92246160,0,449674,0,B,30200,3000,
000008.SZ,000008,20251209,92248000,0,450577,0,B,30700,100,
000008.SZ,000008,20251209,92248330,0,450737,0,S,27500,37000,
000008.SZ,000008,20251209,92249630,0,451305,0,B,30100,10000,
000008.SZ,000008,20251209,92250790,0,451836,0,S,32200,500,
000008.SZ,000008,20251209,92252840,0,452846,0,B,30000,100,
000008.SZ,000008,20251209,92253920,0,453351,0,B,30100,5000,
000008.SZ,000008,20251209,92254370,0,453560,0,S,33600,11600,
000008.SZ,000008,20251209,92255340,0,454011,0,B,30100,100,
000008.SZ,000008,20251209,92300320,0,456384,0,S,31000,400,
000008.SZ,000008,20251209,92303430,0,457920,0,B,29900,30000,
000008.SZ,000008,20251209,92306590,0,459455,0,B,29300,700,
000008.SZ,000008,20251209,92309450,0,460871,0,B,28800,11100,
000008.SZ,000008,20251209,92309730,0,461053,0,S,30800,6000,
000008.SZ,000008,20251209,92311530,0,461969,0,B,29900,2000,
000008.SZ,000008,20251209,92318650,0,465634,0,S,30500,1000,
000008.SZ,000008,20251209,92321780,0,467264,0,B,30200,10000,
000008.SZ,000008,20251209,92324260,0,468514,0,S,30700,1000,
000008.SZ,000008,20251209,92325190,0,469062,0,S,31100,5000,
000008.SZ,000008,20251209,92325670,0,469340,0,B,30400,100,
000008.SZ,000008,20251209,92325710,0,469358,0,S,33600,1200,
000008.SZ,000008,20251209,92325760,0,469384,0,S,33600,5000,
000008.SZ,000008,20251209,92326290,0,469671,0,B,29900,1000,
000008.SZ,000008,20251209,92327450,0,470363,0,S,30800,100000,
000008.SZ,000008,20251209,92329550,0,471577,0,S,30900,1000,
000008.SZ,000008,20251209,92333970,0,474001,0,B,30100,1000,
000008.SZ,000008,20251209,92334490,0,474356,0,S,31000,3200,
000008.SZ,000008,20251209,92334510,0,474366,0,S,33600,400,
000008.SZ,000008,20251209,92335250,0,474861,0,B,29100,5000,
000008.SZ,000008,20251209,92336700,0,475655,0,B,28100,11400,
000008.SZ,000008,20251209,92338770,0,476790,0,B,30100,8400,
000008.SZ,000008,20251209,92339000,0,476908,0,B,29900,1000,
000008.SZ,000008,20251209,92340850,0,477984,0,S,30700,9600,
000008.SZ,000008,20251209,92342220,0,478745,0,B,30300,102100,
000008.SZ,000008,20251209,92344030,0,479802,0,B,29700,1000,
000008.SZ,000008,20251209,92347570,0,482030,0,B,30300,100000,
000008.SZ,000008,20251209,92354130,0,485860,0,S,30500,2500,
000008.SZ,000008,20251209,92356550,0,487356,0,S,33600,2900,
000008.SZ,000008,20251209,92357060,0,487646,0,S,31400,3600,
000008.SZ,000008,20251209,92358400,0,488436,0,B,28600,5000,
000008.SZ,000008,20251209,92359400,0,489036,0,B,29800,10900,
000008.SZ,000008,20251209,92405970,0,493496,0,S,30600,100,
000008.SZ,000008,20251209,92406000,0,493514,0,S,28900,11800,
000008.SZ,000008,20251209,92406800,0,494106,0,B,30100,3300,
000008.SZ,000008,20251209,92407390,0,494524,0,S,31900,1700,
000008.SZ,000008,20251209,92409580,0,496074,0,B,30000,9600,
000008.SZ,000008,20251209,92410260,0,496569,0,S,30700,3000,
000008.SZ,000008,20251209,92413570,0,499118,0,B,30100,1100,
000008.SZ,000008,20251209,92413950,0,499406,0,S,30800,20000,
000008.SZ,000008,20251209,92414900,0,500141,0,S,30900,3000,
000008.SZ,000008,20251209,92417330,0,502025,0,S,31500,37100,
000008.SZ,000008,20251209,92417770,0,502380,0,S,30500,36800,
000008.SZ,000008,20251209,92418450,0,502947,0,S,30900,4500,
000008.SZ,000008,20251209,92418980,0,503397,0,S,30400,3300,
000008.SZ,000008,20251209,92420120,0,504348,0,S,33600,5800,
000008.SZ,000008,20251209,92421270,0,505291,0,B,30200,1000,
000008.SZ,000008,20251209,92425670,0,509086,0,S,33300,15000,
000008.SZ,000008,20251209,92429340,0,512274,0,S,30400,1200,
000008.SZ,000008,20251209,92430210,0,513046,0,B,30100,10000,
000008.SZ,000008,20251209,92432240,0,514971,0,S,30600,10800,
000008.SZ,000008,20251209,92433280,0,515910,0,S,30400,100,
000008.SZ,000008,20251209,92434530,0,517035,0,S,30100,1300,
000008.SZ,000008,20251209,92440720,0,523305,0,B,30400,1000,
000008.SZ,000008,20251209,92441440,0,524001,0,B,30300,18000,
000008.SZ,000008,20251209,92442250,0,524797,0,S,31500,3000,
000008.SZ,000008,20251209,92444820,0,527439,0,S,33300,3300,
000008.SZ,000008,20251209,92445400,0,528051,0,B,29800,1100,
000008.SZ,000008,20251209,92446260,0,528948,0,B,30400,6100,
000008.SZ,000008,20251209,92447050,0,529703,0,S,30700,10800,
000008.SZ,000008,20251209,92448320,0,531038,0,B,30000,1000,
000008.SZ,000008,20251209,92451290,0,535803,0,S,29800,1600,
000008.SZ,000008,20251209,92451570,0,536273,0,S,32400,1000,
000008.SZ,000008,20251209,92452540,0,537521,0,S,30500,10800,
000008.SZ,000008,20251209,92453220,0,538489,0,S,30300,3000,
000008.SZ,000008,20251209,92453250,0,538530,0,B,33600,7100,
000008.SZ,000008,20251209,92453290,0,538588,0,B,29900,500,
000008.SZ,000008,20251209,92453340,0,538670,0,S,30300,4100,
000008.SZ,000008,20251209,92454800,0,540847,0,B,30600,16300,
000008.SZ,000008,20251209,92454900,0,541031,0,S,32300,24300,
000008.SZ,000008,20251209,92455860,0,542958,0,B,30800,4300,
000008.SZ,000008,20251209,92455900,0,543060,0,B,30800,3600,
000008.SZ,000008,20251209,92455940,0,543123,0,B,30800,2500,
000008.SZ,000008,20251209,92457530,0,548189,0,B,31300,4900,
000008.SZ,000008,20251209,92457840,0,549261,0,S,30400,1200,
000008.SZ,000008,20251209,92457870,0,549323,0,B,31000,400,
000008.SZ,000008,20251209,92458740,0,552547,0,S,29800,3500,
000008.SZ,000008,20251209,92459120,0,553676,0,B,30500,33600,
000008.SZ,000008,20251209,92459450,0,555088,0,B,30500,60100,
000008.SZ,000008,20251209,93000000,0,646814,0,B,30900,100,
000008.SZ,000008,20251209,93000000,0,647978,0,S,30600,11000,
000008.SZ,000008,20251209,93000040,0,650159,0,B,30200,4300,
000008.SZ,000008,20251209,93000040,0,651053,0,B,30900,300,
000008.SZ,000008,20251209,93000050,0,656217,0,S,33600,1700,
000008.SZ,000008,20251209,93000050,0,658192,0,S,30600,8100,
000008.SZ,000008,20251209,93000050,0,658668,0,S,30600,10000,
000008.SZ,000008,20251209,93000050,0,659153,0,S,31700,11200,
000008.SZ,000008,20251209,93000050,0,660198,0,S,30600,40000,
000008.SZ,000008,20251209,93000060,0,666824,0,S,30400,500,
000008.SZ,000008,20251209,93000070,0,670064,0,B,30400,5200,
000008.SZ,000008,20251209,93000070,0,670830,0,B,30000,1000,
000008.SZ,000008,20251209,93000070,0,671974,0,S,33600,200,
000008.SZ,000008,20251209,93000070,0,672083,0,S,30500,10800,
000008.SZ,000008,20251209,93000070,0,672298,0,B,30200,1000,
000008.SZ,000008,20251209,93000080,0,674707,0,B,31000,2500,
000008.SZ,000008,20251209,93000080,0,676262,0,B,30400,100,
000008.SZ,000008,20251209,93000080,0,678808,0,S,33600,1300,
000008.SZ,000008,20251209,93000090,0,679337,0,S,30500,10000,
000008.SZ,000008,20251209,93000090,0,679798,0,S,30400,700,
000008.SZ,000008,20251209,93000090,0,680267,0,B,30100,10000,
000008.SZ,000008,20251209,93000090,0,681683,0,S,31100,36300,
000008.SZ,000008,20251209,93000090,0,682542,0,S,30500,600,
000008.SZ,000008,20251209,93000090,0,682651,0,S,30700,500,
000008.SZ,000008,20251209,93000100,0,687130,0,S,33400,3500,
000008.SZ,000008,20251209,93000100,0,687393,0,B,29900,1000,
000008.SZ,000008,20251209,93000110,0,690237,0,B,30400,1500,
000008.SZ,000008,20251209,93000120,0,696912,0,S,32400,10000,
000008.SZ,000008,20251209,93000120,0,697114,0,S,33600,20000,
000008.SZ,000008,20251209,93000130,0,704253,0,B,29900,10000,
000008.SZ,000008,20251209,93000140,0,707652,0,S,30500,26700,
000008.SZ,000008,20251209,93000140,0,712504,0,S,33500,3000,
000008.SZ,000008,20251209,93000140,0,713077,0,S,30400,300,
000008.SZ,000008,20251209,93000150,0,716540,0,S,30600,4500,
000008.SZ,000008,20251209,93000160,0,721084,0,B,28700,300,
000008.SZ,000008,20251209,93000160,0,721158,0,B,30200,5000,
000008.SZ,000008,20251209,93000160,0,721279,0,B,29600,3000,
000008.SZ,000008,20251209,93000160,0,722561,0,S,30800,3000,
000008.SZ,000008,20251209,93000160,0,722565,0,S,30700,10000,
000008.SZ,000008,20251209,93000160,0,722991,0,S,31500,10000,
000008.SZ,000008,20251209,93000170,0,725266,0,S,30400,100,
000008.SZ,000008,20251209,93000170,0,726763,0,B,30500,1600,
000008.SZ,000008,20251209,93000170,0,727075,0,S,30400,10000,
000008.SZ,000008,20251209,93000180,0,732693,0,S,33600,600,
000008.SZ,000008,20251209,93000180,0,733644,0,B,30200,200,
000008.SZ,000008,20251209,93000190,0,734662,0,S,33500,40000,
000008.SZ,000008,20251209,93000190,0,735514,0,B,30500,100,
000008.SZ,000008,20251209,93000190,0,736165,0,S,30500,37700,
000008.SZ,000008,20251209,93000190,0,736307,0,B,30500,700,
000008.SZ,000008,20251209,93000190,0,736405,0,S,30800,3100,
000008.SZ,000008,20251209,93000190,0,736692,0,S,30400,310500,
000008.SZ,000008,20251209,93000190,0,738739,0,B,30500,900,
000008.SZ,000008,20251209,93000200,0,739191,0,S,30500,10000,
000008.SZ,000008,20251209,93000200,0,740733,0,S,33600,18000,
000008.SZ,000008,20251209,93000200,0,741085,0,S,33400,10900,
000008.SZ,000008,20251209,93000200,0,741620,0,S,30500,30000,
000008.SZ,000008,20251209,93000200,0,742267,0,S,30700,10000,
000008.SZ,000008,20251209,93000200,0,743057,0,B,30000,3000,
000008.SZ,000008,20251209,93000210,0,743739,0,S,30600,5000,
000008.SZ,000008,20251209,93000210,0,743875,0,S,30600,20000,
000008.SZ,000008,20251209,93000210,0,743946,0,B,30300,20000,
000008.SZ,000008,20251209,93000210,0,744651,0,B,30200,400,
000008.SZ,000008,20251209,93000210,0,745104,0,S,31400,5400,
000008.SZ,000008,20251209,93000210,0,746564,0,S,30500,30000,
000008.SZ,000008,20251209,93000220,0,748568,0,S,30500,30000,
000008.SZ,000008,20251209,93000220,0,749994,0,S,33400,11900,
000008.SZ,000008,20251209,93000220,0,750081,0,S,31400,5900,
000008.SZ,000008,20251209,93000220,0,750250,0,B,28000,1200,
000008.SZ,000008,20251209,93000230,0,750795,0,S,30800,5000,
000008.SZ,000008,20251209,93000230,0,750911,0,B,30400,9800,
000008.SZ,000008,20251209,93000230,0,752455,0,S,30500,5100,
000008.SZ,000008,20251209,93000240,0,754579,0,S,31300,1900,
000008.SZ,000008,20251209,93000240,0,754823,0,S,30500,38000,
000008.SZ,000008,20251209,93000240,0,757086,0,S,30500,2100,
000008.SZ,000008,20251209,93000240,0,757199,0,S,30500,2500,
000008.SZ,000008,20251209,93000250,0,760211,0,B,29200,10000,
000008.SZ,000008,20251209,93000250,0,761453,0,B,30000,6600,
000008.SZ,000008,20251209,93000260,0,762021,0,B,30300,2000,
000008.SZ,000008,20251209,93000260,0,763173,0,B,30400,11000,
000008.SZ,000008,20251209,93000260,0,764858,0,B,30400,1900,
000008.SZ,000008,20251209,93000260,0,764892,0,S,31200,2000,
000008.SZ,000008,20251209,93000260,0,765357,0,B,30400,1800,
000008.SZ,000008,20251209,93000270,0,765442,0,B,30400,2600,
000008.SZ,000008,20251209,93000270,0,767402,0,B,30400,5000,
000008.SZ,000008,20251209,93000270,0,767416,0,B,30400,2200,
000008.SZ,000008,20251209,93000270,0,768645,0,S,30800,10000,
000008.SZ,000008,20251209,93000280,0,770779,0,S,30700,29600,
000008.SZ,000008,20251209,93000280,0,771263,0,S,31500,9600,
000008.SZ,000008,20251209,93000280,0,771541,0,B,30000,5000,
000008.SZ,000008,20251209,93000290,0,772934,0,B,30200,10000,
000008.SZ,000008,20251209,93000290,0,774503,0,S,33000,2000,
000008.SZ,000008,20251209,93000300,0,776137,0,B,30300,20000,
000008.SZ,000008,20251209,93000300,0,777072,0,S,33600,67900,
000008.SZ,000008,20251209,93000300,0,777478,0,S,33600,1500,
000008.SZ,000008,20251209,93000310,0,779627,0,B,30200,4900,
000008.SZ,000008,20251209,93000310,0,781288,0,S,30800,3000,
000008.SZ,000008,20251209,93000320,0,783533,0,B,30000,500,
000008.SZ,000008,20251209,93000330,0,785324,0,B,30100,500,
000008.SZ,000008,20251209,93000330,0,785659,0,B,30200,500,
000008.SZ,000008,20251209,93000330,0,786975,0,S,31000,19600,
000008.SZ,000008,20251209,93000330,0,787033,0,B,30000,100,
000008.SZ,000008,20251209,93000340,0,789279,0,S,33600,200,
000008.SZ,000008,20251209,93000340,0,789280,0,S,30800,5000,
000008.SZ,000008,20251209,93000350,0,790703,0,B,30000,3900,
000008.SZ,000008,20251209,93000360,0,792961,0,S,30900,5100,
000008.SZ,000008,20251209,93000380,0,796174,0,S,30500,40000,
000008.SZ,000008,20251209,93000380,0,797232,0,B,30200,1000,
000008.SZ,000008,20251209,93000380,0,797674,0,S,31200,18500,
000008.SZ,000008,20251209,93000390,0,797982,0,S,31700,18500,
000008.SZ,000008,20251209,93000390,0,798316,0,S,31100,13200,
000008.SZ,000008,20251209,93000390,0,798363,0,S,31600,13300,
000008.SZ,000008,20251209,93000390,0,798795,0,S,30800,18900,
000008.SZ,000008,20251209,93000400,0,800371,0,S,33500,200,
000008.SZ,000008,20251209,93000420,0,802699,0,S,30400,3000,
000008.SZ,000008,20251209,93000420,0,802938,0,B,30200,2100,
000008.SZ,000008,20251209,93000420,0,803932,0,S,30500,2200,
000008.SZ,000008,20251209,93000430,0,804482,0,S,30500,2600,
000008.SZ,000008,20251209,93000430,0,804497,0,S,30500,700,
000008.SZ,000008,20251209,93000430,0,804557,0,S,30500,2300,
000008.SZ,000008,20251209,93000430,0,804722,0,B,30400,2400,
000008.SZ,000008,20251209,93000430,0,805099,0,S,30500,2500,
000008.SZ,000008,20251209,93000430,0,805554,0,S,30700,56400,
000008.SZ,000008,20251209,93000440,0,807180,0,B,29600,200,
000008.SZ,000008,20251209,93000440,0,808199,0,S,33000,5000,
000008.SZ,000008,20251209,93000470,0,813878,0,S,32100,4900,
000008.SZ,000008,20251209,93000470,0,814524,0,B,30000,4700,
000008.SZ,000008,20251209,93000480,0,815544,0,S,30400,1900,
000008.SZ,000008,20251209,93000480,0,815552,0,S,31000,3000,
000008.SZ,000008,20251209,93000490,0,816960,0,B,30400,500,
000008.SZ,000008,20251209,93000490,0,817203,0,B,30000,10000,
000008.SZ,000008,20251209,93000500,0,818159,0,B,29900,10000,
000008.SZ,000008,20251209,93000500,0,818328,0,B,29800,1500,
000008.SZ,000008,20251209,93000510,0,818809,0,S,31500,20500,
000008.SZ,000008,20251209,93000510,0,819794,0,S,30700,10600,
000008.SZ,000008,20251209,93000520,0,821070,0,B,29800,20000,
000008.SZ,000008,20251209,93000520,0,821750,0,B,30500,600,
000008.SZ,000008,20251209,93000530,0,823046,0,S,30600,3900,
000008.SZ,000008,20251209,93000550,0,826141,0,S,30400,3200,
000008.SZ,000008,20251209,93000550,0,826643,0,S,30800,1200,
000008.SZ,000008,20251209,93000560,0,828716,0,S,30500,2500,
000008.SZ,000008,20251209,93000580,0,831225,0,S,31000,1000,
000008.SZ,000008,20251209,93000580,0,831708,0,B,30300,3000,
000008.SZ,000008,20251209,93000590,0,832944,0,B,30200,3000,
000008.SZ,000008,20251209,93000590,0,834241,0,B,29000,2000,
000008.SZ,000008,20251209,93000610,0,836929,0,S,30500,2500,
000008.SZ,000008,20251209,93000610,0,837176,0,B,27500,2500,
000008.SZ,000008,20251209,93000630,0,839397,0,S,30500,2500,
000008.SZ,000008,20251209,93000630,0,839903,0,B,30300,100,
000008.SZ,000008,20251209,93000630,0,840226,0,S,31400,5000,
000008.SZ,000008,20251209,93000650,0,842764,0,S,30700,4200,
000008.SZ,000008,20251209,93000650,0,843373,0,S,30700,5000,
000008.SZ,000008,20251209,93000650,0,843649,0,S,30900,1000,
000008.SZ,000008,20251209,93000650,0,843684,0,S,33600,6000,
000008.SZ,000008,20251209,93000660,0,844443,0,S,31200,30000,
000008.SZ,000008,20251209,93000670,0,846008,0,S,30700,35300,
000008.SZ,000008,20251209,93000670,0,846474,0,S,30500,100,
000008.SZ,000008,20251209,93000690,0,849347,0,B,30200,1000,
000008.SZ,000008,20251209,93000690,0,849560,0,S,31100,3000,
000008.SZ,000008,20251209,93000690,0,849843,0,B,30100,7000,
000008.SZ,000008,20251209,93000710,0,852316,0,S,32600,400,
000008.SZ,000008,20251209,93000720,0,853720,0,S,30500,100,
000008.SZ,000008,20251209,93000730,0,854209,0,B,30100,2400,
000008.SZ,000008,20251209,93000730,0,854775,0,B,29900,105700,
000008.SZ,000008,20251209,93000740,0,856506,0,S,30500,200000,
000008.SZ,000008,20251209,93000740,0,856893,0,S,31900,200,
000008.SZ,000008,20251209,93000740,0,857169,0,S,33000,200,
000008.SZ,000008,20251209,93000760,0,860202,0,S,30800,100,
000008.SZ,000008,20251209,93000760,0,860250,0,B,30000,10000,
000008.SZ,000008,20251209,93000780,0,863590,0,S,31500,8800,
000008.SZ,000008,20251209,93000780,0,863821,0,S,31000,2400,
000008.SZ,000008,20251209,93000800,0,867767,0,B,30100,5000,
000008.SZ,000008,20251209,93000810,0,868480,0,B,30300,1100,
000008.SZ,000008,20251209,93000820,0,869919,0,B,30000,3000,
000008.SZ,000008,20251209,93000820,0,870086,0,S,30900,500,
000008.SZ,000008,20251209,93000820,0,870728,0,S,30500,20000,
000008.SZ,000008,20251209,93000830,0,871550,0,B,30400,2200,
000008.SZ,000008,20251209,93000840,0,872762,0,S,30800,2000,
000008.SZ,000008,20251209,93000840,0,873309,0,S,30600,10000,
000008.SZ,000008,20251209,93000860,0,876782,0,S,32800,1300,
000008.SZ,000008,20251209,93000870,0,877282,0,S,30500,3000,
000008.SZ,000008,20251209,93000880,0,879158,0,B,30000,3800,
000008.SZ,000008,20251209,93000880,0,879665,0,B,30100,122800,
000008.SZ,000008,20251209,93000900,0,882477,0,B,30300,500,
000008.SZ,000008,20251209,93000920,0,884255,0,S,30500,2600,
000008.SZ,000008,20251209,93000920,0,885159,0,S,30700,8200,
000008.SZ,000008,20251209,93000940,0,887786,0,S,30600,10000,
000008.SZ,000008,20251209,93000940,0,888328,0,S,30700,500,
000008.SZ,000008,20251209,93000940,0,888554,0,B,30100,10000,
000008.SZ,000008,20251209,93000940,0,888687,0,B,29900,10000,
000008.SZ,000008,20251209,93000940,0,889044,0,S,30500,3000,
000008.SZ,000008,20251209,93000940,0,889184,0,S,33200,2100,
000008.SZ,000008,20251209,93000950,0,889552,0,S,33400,500,
000008.SZ,000008,20251209,93000960,0,891929,0,S,30700,4200,
000008.SZ,000008,20251209,93000960,0,892208,0,S,30600,3700,
000008.SZ,000008,20251209,93000970,0,892585,0,S,30500,200,
000008.SZ,000008,20251209,93000970,0,892793,0,S,30500,5500,
000008.SZ,000008,20251209,93000980,0,894758,0,S,31300,5000,
000008.SZ,000008,20251209,93000990,0,896637,0,S,30400,700,
000008.SZ,000008,20251209,93000990,0,896726,0,B,29000,600,
000008.SZ,000008,20251209,93001020,0,901384,0,B,30000,1000,
000008.SZ,000008,20251209,93001030,0,902692,0,S,33500,1000,
000008.SZ,000008,20251209,93001040,0,903964,0,B,29700,4200,
000008.SZ,000008,20251209,93001050,0,904726,0,B,30100,1500,
000008.SZ,000008,20251209,93001060,0,906231,0,S,30600,4000,
000008.SZ,000008,20251209,93001070,0,907867,0,S,30800,8000,
000008.SZ,000008,20251209,93001080,0,908020,0,B,29500,1100,
000008.SZ,000008,20251209,93001090,0,909629,0,S,31000,3000,
000008.SZ,000008,20251209,93001090,0,909914,0,S,33600,500,
000008.SZ,000008,20251209,93001100,0,911203,0,B,29700,1600,
000008.SZ,000008,20251209,93001100,0,911486,0,B,30900,38300,
000008.SZ,000008,20251209,93001100,0,911603,0,B,30800,600,
000008.SZ,000008,20251209,93001120,0,914137,0,B,29800,2000,
000008.SZ,000008,20251209,93001130,0,914942,0,S,31200,3000,
000008.SZ,000008,20251209,93001140,0,915983,0,S,30400,200,
000008.SZ,000008,20251209,93001190,0,921315,0,S,31500,3000,
000008.SZ,000008,20251209,93001200,0,922409,0,S,32100,10000,
000008.SZ,000008,20251209,93001200,0,922584,0,B,29800,10000,
000008.SZ,000008,20251209,93001220,0,924655,0,S,30500,10000,
000008.SZ,000008,20251209,93001230,0,925326,0,B,30100,11100,
000008.SZ,000008,20251209,93001280,0,929345,0,S,30500,5600,
000008.SZ,000008,20251209,93001280,0,929460,0,B,30400,1000,
000008.SZ,000008,20251209,93001280,0,929573,0,B,30400,1100,
000008.SZ,000008,20251209,93001280,0,929918,0,S,30500,300,
000008.SZ,000008,20251209,93001350,0,934571,0,S,33600,400,
000008.SZ,000008,20251209,93001350,0,934614,0,S,30400,5700,
000008.SZ,000008,20251209,93001350,0,934651,0,B,30300,10000,
000008.SZ,000008,20251209,93001370,0,936295,0,S,30700,135300,
000008.SZ,000008,20251209,93001370,0,936497,0,B,30400,2600,
000008.SZ,000008,20251209,93001430,0,940576,0,B,30000,4300,
000008.SZ,000008,20251209,93001440,0,941906,0,B,30000,3000,
000008.SZ,000008,20251209,93001450,0,942943,0,S,30500,100,
000008.SZ,000008,20251209,93001470,0,944665,0,B,30300,2100,
000008.SZ,000008,20251209,93001490,0,946833,0,B,30200,1800,
000008.SZ,000008,20251209,93001500,0,946985,0,S,33500,10000,
000008.SZ,000008,20251209,93001500,0,947251,0,S,30800,2000,
000008.SZ,000008,20251209,93001530,0,949500,0,S,30400,1400,
000008.SZ,000008,20251209,93001550,0,951178,0,S,30500,4600,
000008.SZ,000008,20251209,93001550,0,951189,0,B,29900,700,
000008.SZ,000008,20251209,93001560,0,952925,0,S,33500,20000,
000008.SZ,000008,20251209,93001600,0,956112,0,B,30000,200,
000008.SZ,000008,20251209,93001600,0,956373,0,S,31700,4300,
000008.SZ,000008,20251209,93001630,0,959208,0,S,31500,10000,
000008.SZ,000008,20251209,93001670,0,962749,0,S,30500,2400,
000008.SZ,000008,20251209,93001680,0,963692,0,S,30600,300,
000008.SZ,000008,20251209,93001690,0,964176,0,B,30000,300,
000008.SZ,000008,20251209,93001700,0,964701,0,B,30100,1000,
000008.SZ,000008,20251209,93001710,0,966137,0,S,33500,1000,
000008.SZ,000008,20251209,93001740,0,968154,0,B,30400,100,
000008.SZ,000008,20251209,93001780,0,972387,0,B,29900,500,
000008.SZ,000008,20251209,93001790,0,972926,0,B,30100,500,
000008.SZ,000008,20251209,93001810,0,975102,0,S,32000,500,
000008.SZ,000008,20251209,93001820,0,975717,0,S,30800,1000,
000008.SZ,000008,20251209,93001830,0,976927,0,S,30500,15000,
000008.SZ,000008,20251209,93001840,0,977463,0,S,31000,40000,
000008.SZ,000008,20251209,93001840,0,977587,0,B,30000,2800,
000008.SZ,000008,20251209,93001860,0,979081,0,B,29300,400,
000008.SZ,000008,20251209,93001890,0,981907,0,B,30500,5100,
000008.SZ,000008,20251209,93001900,0,983937,0,S,30600,10000,
000008.SZ,000008,20251209,93001910,0,984472,0,S,31900,1600,
000008.SZ,000008,20251209,93001920,0,986329,0,S,30500,3800,
000008.SZ,000008,20251209,93001930,0,987083,0,B,30000,2300,
000008.SZ,000008,20251209,93001940,0,987489,0,S,33600,3000,
000008.SZ,000008,20251209,93001940,0,987863,0,S,33600,1000,
000008.SZ,000008,20251209,93001960,0,990072,0,S,30600,99600,
000008.SZ,000008,20251209,93001960,0,990285,0,B,30100,10000,
000008.SZ,000008,20251209,93001970,0,991133,0,B,30200,5000,
000008.SZ,000008,20251209,93001990,0,992794,0,B,29700,1000,
000008.SZ,000008,20251209,93002040,0,998261,0,S,31000,20000,
000008.SZ,000008,20251209,93002040,0,998738,0,B,30400,9500,
000008.SZ,000008,20251209,93002050,0,1000694,0,S,31000,2000,
000008.SZ,000008,20251209,93002090,0,1003808,0,S,30500,16600,
000008.SZ,000008,20251209,93002100,0,1004196,0,S,30600,35700,
000008.SZ,000008,20251209,93002120,0,1005381,0,S,30500,4800,
000008.SZ,000008,20251209,93002120,0,1005796,0,S,30500,20000,
000008.SZ,000008,20251209,93002130,0,1006296,0,S,33600,300,
000008.SZ,000008,20251209,93002140,0,1007553,0,B,30200,500,
000008.SZ,000008,20251209,93002140,0,1007581,0,B,29800,40000,
000008.SZ,000008,20251209,93002150,0,1008022,0,B,30500,10000,
000008.SZ,000008,20251209,93002150,0,1008457,0,S,30500,4000,
000008.SZ,000008,20251209,93002170,0,1009551,0,S,33600,2600,
000008.SZ,000008,20251209,93002180,0,1010431,0,S,30400,4000,
000008.SZ,000008,20251209,93002210,0,1012769,0,S,30500,100,
000008.SZ,000008,20251209,93002210,0,1012771,0,S,30500,2000,
000008.SZ,000008,20251209,93002220,0,1013222,0,S,30500,1100,
000008.SZ,000008,20251209,93002240,0,1014086,0,S,31200,4000,
000008.SZ,000008,20251209,93002250,0,1014957,0,S,30800,3000,
000008.SZ,000008,20251209,93002290,0,1017598,0,S,33600,2000,
000008.SZ,000008,20251209,93002380,0,1021728,0,B,30100,500,
000008.SZ,000008,20251209,93002420,0,1024142,0,B,30400,400,
000008.SZ,000008,20251209,93002420,0,1024149,0,B,30400,100,
000008.SZ,000008,20251209,93002430,0,1024958,0,S,33600,36800,
000008.SZ,000008,20251209,93002450,0,1026607,0,B,30400,300,
000008.SZ,000008,20251209,93002450,0,1026649,0,B,30400,100,
000008.SZ,000008,20251209,93002460,0,1026861,0,B,30400,100,
000008.SZ,000008,20251209,93002460,0,1026906,0,B,30400,300,
000008.SZ,000008,20251209,93002500,0,1029057,0,B,30000,6600,
000008.SZ,000008,20251209,93002510,0,1029700,0,S,30400,30000,
000008.SZ,000008,20251209,93002530,0,1030765,0,B,29900,5200,
000008.SZ,000008,20251209,93002550,0,1031797,0,B,29900,14500,
000008.SZ,000008,20251209,93002600,0,1035443,0,S,30500,300,
000008.SZ,000008,20251209,93002630,0,1038028,0,B,30000,10000,
000008.SZ,000008,20251209,93002640,0,1038342,0,B,30200,7600,
000008.SZ,000008,20251209,93002650,0,1039304,0,B,29800,1400,
000008.SZ,000008,20251209,93002650,0,1039894,0,S,32000,20000,
000008.SZ,000008,20251209,93002710,0,1043636,0,B,29800,20000,
000008.SZ,000008,20251209,93002740,0,1044889,0,B,29800,1600,
000008.SZ,000008,20251209,93002790,0,1048473,0,B,30200,3000,
000008.SZ,000008,20251209,93002790,0,1048505,0,B,30000,5000,
000008.SZ,000008,20251209,93002870,0,1053440,0,B,30400,1000,
000008.SZ,000008,20251209,93002890,0,1054526,0,B,30200,2000,
000008.SZ,000008,20251209,93002910,0,1055687,0,B,30000,2000,
000008.SZ,000008,20251209,93002920,0,1055746,0,B,30500,100,
000008.SZ,000008,20251209,93002920,0,1055768,0,B,30400,200,
000008.SZ,000008,20251209,93002930,0,1057064,0,S,30500,2000,
000008.SZ,000008,20251209,93002940,0,1057774,0,B,30400,1100,
000008.SZ,000008,20251209,93002950,0,1058146,0,B,30100,5000,
000008.SZ,000008,20251209,93002950,0,1058423,0,B,29900,5000,
000008.SZ,000008,20251209,93002980,0,1060262,0,B,29700,5000,
000008.SZ,000008,20251209,93002990,0,1060626,0,B,30000,2000,
000008.SZ,000008,20251209,93003010,0,1062463,0,S,31000,900,
000008.SZ,000008,20251209,93003020,0,1063993,0,B,30000,3000,
000008.SZ,000008,20251209,93003090,0,1068982,0,S,30900,20600,
000008.SZ,000008,20251209,93003140,0,1072106,0,S,33600,6000,
000008.SZ,000008,20251209,93003150,0,1072815,0,B,30400,600,
000008.SZ,000008,20251209,93003150,0,1073197,0,S,30400,1800,
000008.SZ,000008,20251209,93003170,0,1075303,0,S,30400,1200,
000008.SZ,000008,20251209,93003180,0,1075791,0,S,30400,1000,
000008.SZ,000008,20251209,93003190,0,1076628,0,S,30300,3200,
000008.SZ,000008,20251209,93003230,0,1078267,0,B,28900,3900,
000008.SZ,000008,20251209,93003250,0,1079213,0,B,30300,100,
000008.SZ,000008,20251209,93003280,0,1081244,0,B,27500,5000,
000008.SZ,000008,20251209,93003290,0,1081710,0,S,30600,5000,
000008.SZ,000008,20251209,93003310,0,1082140,0,B,30400,100,
000008.SZ,000008,20251209,93003310,0,1082262,0,S,30400,600,
000008.SZ,000008,20251209,93003320,0,1082459,0,S,30500,900,
000008.SZ,000008,20251209,93003340,0,1083060,0,B,30400,200,
000008.SZ,000008,20251209,93003370,0,1083875,0,B,29900,12000,
000008.SZ,000008,20251209,93003410,0,1085907,0,B,30300,400,
000008.SZ,000008,20251209,93003410,0,1085985,0,S,33500,1000,
000008.SZ,000008,20251209,93003430,0,1086854,0,B,30300,2200,
000008.SZ,000008,20251209,93003470,0,1088935,0,B,30400,2600,
000008.SZ,000008,20251209,93003520,0,1091809,0,S,31400,500,
000008.SZ,000008,20251209,93003540,0,1092573,0,S,30900,1000,
000008.SZ,000008,20251209,93003540,0,1092821,0,S,30600,20000,
000008.SZ,000008,20251209,93003560,0,1093928,0,B,30300,2200,
000008.SZ,000008,20251209,93003580,0,1094563,0,B,30300,500,
000008.SZ,000008,20251209,93003580,0,1094936,0,B,30300,300,
000008.SZ,000008,20251209,93003580,0,1094984,0,B,30300,400,
000008.SZ,000008,20251209,93003590,0,1095138,0,B,30300,400,
000008.SZ,000008,20251209,93003590,0,1095186,0,B,30300,500,
000008.SZ,000008,20251209,93003590,0,1095393,0,B,30300,1000,
000008.SZ,000008,20251209,93003610,0,1096292,0,B,30000,1000,
000008.SZ,000008,20251209,93003620,0,1096650,0,S,30900,600,
000008.SZ,000008,20251209,93003630,0,1097106,0,S,31000,3300,
000008.SZ,000008,20251209,93003630,0,1097193,0,B,30400,4800,
000008.SZ,000008,20251209,93003640,0,1097845,0,B,30300,100,
000008.SZ,000008,20251209,93003680,0,1099931,0,S,30500,37000,
000008.SZ,000008,20251209,93003760,0,1103513,0,S,30600,156900,
000008.SZ,000008,20251209,93003820,0,1106222,0,S,30400,2200,
000008.SZ,000008,20251209,93003830,0,1106861,0,S,30400,600,
000008.SZ,000008,20251209,93003950,0,1112538,0,B,29500,5000,
000008.SZ,000008,20251209,93003970,0,1114102,0,S,30400,500,
000008.SZ,000008,20251209,93003990,0,1115189,0,S,30400,2700,
000008.SZ,000008,20251209,93003990,0,1115195,0,S,30600,700,
000008.SZ,000008,20251209,93004000,0,1115599,0,S,30800,18100,
000008.SZ,000008,20251209,93004020,0,1117328,0,S,31000,100000,
000008.SZ,000008,20251209,93004050,0,1119524,0,S,31000,2000,
000008.SZ,000008,20251209,93004060,0,1120281,0,S,31000,1600,
000008.SZ,000008,20251209,93004140,0,1123757,0,B,30000,1400,
000008.SZ,000008,20251209,93004190,0,1125402,0,S,30800,8200,
000008.SZ,000008,20251209,93004190,0,1125551,0,S,30700,34000,
000008.SZ,000008,20251209,93004290,0,1129212,0,B,30400,4800,
000008.SZ,000008,20251209,93004350,0,1132143,0,S,30500,2200,
000008.SZ,000008,20251209,93004420,0,1135334,0,S,30400,300,
000008.SZ,000008,20251209,93004450,0,1136255,0,B,30100,1000,
000008.SZ,000008,20251209,93004470,0,1137349,0,B,30500,2000,
000008.SZ,000008,20251209,93004580,0,1141512,0,S,30500,6700,
000008.SZ,000008,20251209,93004600,0,1142501,0,S,30500,1000,
000008.SZ,000008,20251209,93004610,0,1142973,0,S,30300,300,
000008.SZ,000008,20251209,93004630,0,1144064,0,S,30300,2200,
000008.SZ,000008,20251209,93004660,0,1144972,0,S,30500,1900,
000008.SZ,000008,20251209,93004680,0,1146104,0,S,30500,1000,
000008.SZ,000008,20251209,93004700,0,1147014,0,S,30700,10000,
000008.SZ,000008,20251209,93004750,0,1149249,0,S,30400,2300,
000008.SZ,000008,20251209,93004800,0,1151225,0,S,31200,5000,
000008.SZ,000008,20251209,93004820,0,1151489,0,S,30500,1700,
000008.SZ,000008,20251209,93004880,0,1153915,0,B,30400,2600,
000008.SZ,000008,20251209,93004950,0,1156674,0,S,31000,1000,
000008.SZ,000008,20251209,93005070,0,1163533,0,S,30400,100,
000008.SZ,000008,20251209,93005070,0,1163880,0,B,27500,1300,
000008.SZ,000008,20251209,93005120,0,1165512,0,S,30500,10000,
000008.SZ,000008,20251209,93005490,0,1174284,0,B,30100,800,
000008.SZ,000008,20251209,93005500,0,1174601,0,B,30000,5000,
000008.SZ,000008,20251209,93005540,0,1175526,0,S,30900,800,
000008.SZ,000008,20251209,93005600,0,1176651,0,S,31400,4000,
000008.SZ,000008,20251209,93005630,0,1177927,0,B,30400,1000,
000008.SZ,000008,20251209,93005670,0,1179264,0,S,30700,15000,
000008.SZ,000008,20251209,93005810,0,1182696,0,B,30500,200,
000008.SZ,000008,20251209,93005860,0,1184053,0,S,30400,100,
000008.SZ,000008,20251209,93005880,0,1184819,0,S,33200,1000,
000008.SZ,000008,20251209,93005940,0,1186359,0,B,29700,600,
000008.SZ,000008,20251209,93006000,0,1188639,0,B,29700,500,
000008.SZ,000008,20251209,93006030,0,1190220,0,B,30100,2000,
000008.SZ,000008,20251209,93006030,0,1190454,0,S,30900,5000,
000008.SZ,000008,20251209,93006040,0,1191055,0,B,30000,8700,
000008.SZ,000008,20251209,93006110,0,1193668,0,S,30400,100,
000008.SZ,000008,20251209,93006150,0,1194697,0,S,30300,32300,
000008.SZ,000008,20251209,93006150,0,1194712,0,S,30300,27200,
000008.SZ,000008,20251209,93006150,0,1194838,0,B,30400,500,
000008.SZ,000008,20251209,93006160,0,1195062,0,B,30300,100,
000008.SZ,000008,20251209,93006190,0,1195543,0,B,30300,800,
000008.SZ,000008,20251209,93006190,0,1195645,0,B,30300,100,
000008.SZ,000008,20251209,93006190,0,1195659,0,B,30300,300,
000008.SZ,000008,20251209,93006190,0,1195681,0,B,30300,500,
000008.SZ,000008,20251209,93006200,0,1195685,0,B,30300,100,
000008.SZ,000008,20251209,93006200,0,1195712,0,B,30300,300,
000008.SZ,000008,20251209,93006200,0,1195767,0,B,30300,300,
000008.SZ,000008,20251209,93006200,0,1195768,0,B,30300,100,
000008.SZ,000008,20251209,93006200,0,1195790,0,B,30300,700,
000008.SZ,000008,20251209,93006200,0,1195793,0,B,30300,1100,
000008.SZ,000008,20251209,93006200,0,1195795,0,B,30300,700,
000008.SZ,000008,20251209,93006210,0,1195818,0,B,30400,1200,
000008.SZ,000008,20251209,93006210,0,1195852,0,B,30300,400,
000008.SZ,000008,20251209,93006220,0,1195971,0,B,30300,100,
000008.SZ,000008,20251209,93006230,0,1196321,0,B,30300,300,
000008.SZ,000008,20251209,93006250,0,1197108,0,B,30300,1400,
000008.SZ,000008,20251209,93006260,0,1197125,0,B,30300,400,
000008.SZ,000008,20251209,93006270,0,1197488,0,S,30400,1300,
000008.SZ,000008,20251209,93006270,0,1197941,0,S,30300,600,
000008.SZ,000008,20251209,93006290,0,1198907,0,B,30300,300,
000008.SZ,000008,20251209,93006290,0,1198922,0,B,30300,1300,
000008.SZ,000008,20251209,93006310,0,1199684,0,B,30300,100,
000008.SZ,000008,20251209,93006330,0,1200221,0,S,31100,3700,
000008.SZ,000008,20251209,93006390,0,1201478,0,B,30300,100,
000008.SZ,000008,20251209,93006440,0,1203345,0,B,30300,200,
000008.SZ,000008,20251209,93006450,0,1203471,0,S,30400,600,
000008.SZ,000008,20251209,93006450,0,1203675,0,S,30400,200,
000008.SZ,000008,20251209,93006450,0,1203676,0,S,30400,1400,
000008.SZ,000008,20251209,93006500,0,1204679,0,S,31100,800,
000008.SZ,000008,20251209,93006510,0,1204879,0,S,30400,900,
000008.SZ,000008,20251209,93006540,0,1205718,0,B,29800,3000,
000008.SZ,000008,20251209,93006570,0,1206744,0,S,30400,400,
000008.SZ,000008,20251209,93006630,0,1208776,0,S,31500,2100,
000008.SZ,000008,20251209,93006650,0,1209264,0,S,30600,3500,
000008.SZ,000008,20251209,93006760,0,1213634,0,S,30400,400,
000008.SZ,000008,20251209,93006770,0,1213770,0,S,30400,200,
000008.SZ,000008,20251209,93006800,0,1214575,0,S,30500,5800,
000008.SZ,000008,20251209,93006860,0,1216035,0,S,31000,3000,
000008.SZ,000008,20251209,93006870,0,1216299,0,S,33000,3000,
000008.SZ,000008,20251209,93006880,0,1216639,0,B,29000,400,
000008.SZ,000008,20251209,93006950,0,1218227,0,S,33600,500,
000008.SZ,000008,20251209,93006950,0,1218505,0,S,30400,2400,
000008.SZ,000008,20251209,93006960,0,1218518,0,S,30700,15000,
000008.SZ,000008,20251209,93006970,0,1218923,0,S,30400,500,
000008.SZ,000008,20251209,93006970,0,1218942,0,S,30400,16300,
000008.SZ,000008,20251209,93007040,0,1221307,0,B,30500,900,
000008.SZ,000008,20251209,93007040,0,1221675,0,S,30500,15000,
000008.SZ,000008,20251209,93007060,0,1222420,0,B,30000,2000,
000008.SZ,000008,20251209,93007070,0,1222607,0,S,30400,16800,
000008.SZ,000008,20251209,93007070,0,1222608,0,S,30400,2800,
000008.SZ,000008,20251209,93007070,0,1222613,0,S,30400,8400,
000008.SZ,000008,20251209,93007070,0,1222708,0,S,30500,1900,
000008.SZ,000008,20251209,93007080,0,1222804,0,B,30400,1000,
000008.SZ,000008,20251209,93007260,0,1226015,0,S,30400,1100,
000008.SZ,000008,20251209,93007270,0,1226078,0,B,30300,100,
000008.SZ,000008,20251209,93007270,0,1226082,0,S,30400,2100,
000008.SZ,000008,20251209,93007340,0,1227623,0,B,30300,300,
000008.SZ,000008,20251209,93007390,0,1229166,0,B,30300,10000,
000008.SZ,000008,20251209,93007420,0,1230124,0,S,30800,3000,
000008.SZ,000008,20251209,93007420,0,1230307,0,B,30300,300,
000008.SZ,000008,20251209,93007450,0,1230961,0,S,30400,2300,
000008.SZ,000008,20251209,93007620,0,1235398,0,B,30300,500,
000008.SZ,000008,20251209,93007710,0,1238791,0,S,30600,400,
000008.SZ,000008,20251209,93008040,0,1246732,0,B,30000,1000,
000008.SZ,000008,20251209,93008080,0,1247837,0,S,33600,100,
000008.SZ,000008,20251209,93008290,0,1250328,0,B,30300,500,
000008.SZ,000008,20251209,93008290,0,1250331,0,B,30300,100,
000008.SZ,000008,20251209,93008290,0,1250344,0,B,30300,400,
000008.SZ,000008,20251209,93008290,0,1250347,0,B,30300,100,
000008.SZ,000008,20251209,93008290,0,1250363,0,B,30300,100,
000008.SZ,000008,20251209,93008600,0,1254547,0,S,31100,600,
000008.SZ,000008,20251209,93008660,0,1255668,0,B,29800,400,
000008.SZ,000008,20251209,93008680,0,1256088,0,S,30300,6700,
000008.SZ,000008,20251209,93008680,0,1256152,0,B,30300,600,
000008.SZ,000008,20251209,93008700,0,1256513,0,S,30400,100,
000008.SZ,000008,20251209,93008740,0,1256908,0,B,30300,100,
000008.SZ,000008,20251209,93008740,0,1256913,0,B,30300,700,
000008.SZ,000008,20251209,93008740,0,1256952,0,S,30400,2900,
000008.SZ,000008,20251209,93008890,0,1259025,0,B,30300,10000,
000008.SZ,000008,20251209,93008940,0,1259758,0,B,30200,1000,
000008.SZ,000008,20251209,93008990,0,1260477,0,S,30400,18900,
000008.SZ,000008,20251209,93009040,0,1262236,0,S,30400,1800,
000008.SZ,000008,20251209,93009060,0,1262729,0,B,30400,1900,
000008.SZ,000008,20251209,93009070,0,1262819,0,S,30400,8400,
000008.SZ,000008,20251209,93009150,0,1264000,0,S,30400,400,
000008.SZ,000008,20251209,93009150,0,1264233,0,S,30300,402200,
000008.SZ,000008,20251209,93009210,0,1265682,0,S,30400,100,
000008.SZ,000008,20251209,93009250,0,1266828,0,S,30400,200,
000008.SZ,000008,20251209,93009260,0,1267149,0,S,30400,1100,
000008.SZ,000008,20251209,93009440,0,1270150,0,S,30400,2300,
000008.SZ,000008,20251209,93009670,0,1276806,0,B,30300,400,
000008.SZ,000008,20251209,93009670,0,1276903,0,B,30300,400,
000008.SZ,000008,20251209,93009700,0,1277691,0,S,30400,700,
000008.SZ,000008,20251209,93009700,0,1277694,0,B,30200,700,
000008.SZ,000008,20251209,93009850,0,1280500,0,B,30300,800,
000008.SZ,000008,20251209,93009890,0,1280910,0,B,30300,600,
000008.SZ,000008,20251209,93010230,0,1286831,0,S,30400,4700,
000008.SZ,000008,20251209,93010510,0,1292772,0,S,32900,4200,
000008.SZ,000008,20251209,93010630,0,1295240,0,S,30400,2500,
000008.SZ,000008,20251209,93010690,0,1296505,0,S,30400,1200,
000008.SZ,000008,20251209,93010780,0,1298507,0,S,33500,10000,
000008.SZ,000008,20251209,93010810,0,1299036,0,S,30500,600,
000008.SZ,000008,20251209,93011710,0,1309364,0,S,30300,4300,
000008.SZ,000008,20251209,93011770,0,1309846,0,S,30600,500,
000008.SZ,000008,20251209,93012070,0,1313015,0,S,30400,6100,
000008.SZ,000008,20251209,93012070,0,1313016,0,S,30400,6500,
000008.SZ,000008,20251209,93012150,0,1313889,0,B,30400,1000,
000008.SZ,000008,20251209,93012150,0,1313943,0,B,30400,300,
000008.SZ,000008,20251209,93012160,0,1314489,0,B,30300,2100,
000008.SZ,000008,20251209,93012190,0,1315595,0,B,30300,1300,
000008.SZ,000008,20251209,93012200,0,1316013,0,B,30300,500,
000008.SZ,000008,20251209,93012260,0,1317146,0,S,30300,1000,
000008.SZ,000008,20251209,93012450,0,1321747,0,S,30300,1000,
000008.SZ,000008,20251209,93012490,0,1322113,0,B,30300,100,
000008.SZ,000008,20251209,93012590,0,1323858,0,B,30300,100,
000008.SZ,000008,20251209,93012590,0,1323897,0,S,30300,1400,
000008.SZ,000008,20251209,93012840,0,1328960,0,B,30200,66500,
000008.SZ,000008,20251209,93012860,0,1329236,0,B,30300,2500,
000008.SZ,000008,20251209,93012860,0,1329260,0,B,30100,30000,
000008.SZ,000008,20251209,93012940,0,1330179,0,B,30300,1100,
000008.SZ,000008,20251209,93013000,0,1331143,0,B,30300,600,
000008.SZ,000008,20251209,93013060,0,1331816,0,S,30300,1900,
000008.SZ,000008,20251209,93013110,0,1332514,0,B,30300,400,
000008.SZ,000008,20251209,93013150,0,1333002,0,B,30300,300,
000008.SZ,000008,20251209,93013210,0,1333957,0,S,30300,2100,
000008.SZ,000008,20251209,93013330,0,1336527,0,S,30300,2200,
000008.SZ,000008,20251209,93013380,0,1337530,0,B,30300,600,
000008.SZ,000008,20251209,93013460,0,1338969,0,B,30300,100,
000008.SZ,000008,20251209,93013720,0,1344607,0,S,30300,300,
000008.SZ,000008,20251209,93013780,0,1345282,0,S,32900,2300,
000008.SZ,000008,20251209,93013970,0,1347605,0,S,30800,2300,
000008.SZ,000008,20251209,93014150,0,1350142,0,S,30300,2500,
000008.SZ,000008,20251209,93014200,0,1350770,0,S,30300,2500,
000008.SZ,000008,20251209,93014230,0,1351158,0,S,30300,2500,
000008.SZ,000008,20251209,93014300,0,1351934,0,S,30300,2500,
000008.SZ,000008,20251209,93014310,0,1351939,0,S,30300,2300,
000008.SZ,000008,20251209,93014310,0,1351993,0,S,30300,2500,
000008.SZ,000008,20251209,93014320,0,1352060,0,S,30300,2500,
000008.SZ,000008,20251209,93014320,0,1352138,0,S,30300,2400,
000008.SZ,000008,20251209,93014680,0,1356254,0,S,30300,3000,
000008.SZ,000008,20251209,93014690,0,1356345,0,S,30200,18200,
000008.SZ,000008,20251209,93014840,0,1357842,0,B,30300,2000,
000008.SZ,000008,20251209,93014980,0,1359206,0,S,30300,200,
000008.SZ,000008,20251209,93015130,0,1360930,0,B,30000,800,
000008.SZ,000008,20251209,93015150,0,1361331,0,B,30300,3200,
000008.SZ,000008,20251209,93015150,0,1361356,0,S,30300,100,
000008.SZ,000008,20251209,93015150,0,1361367,0,S,30300,100,
000008.SZ,000008,20251209,93015150,0,1361372,0,B,30300,300,
000008.SZ,000008,20251209,93015150,0,1361379,0,B,30300,400,
000008.SZ,000008,20251209,93015150,0,1361387,0,B,30300,400,
000008.SZ,000008,20251209,93015160,0,1361422,0,S,30300,100,
000008.SZ,000008,20251209,93015160,0,1361430,0,B,30200,11300,
000008.SZ,000008,20251209,93015160,0,1361467,0,B,30300,700,
000008.SZ,000008,20251209,93015160,0,1361469,0,B,30300,500,
000008.SZ,000008,20251209,93015160,0,1361471,0,B,30300,100,
000008.SZ,000008,20251209,93015160,0,1361517,0,B,30300,3000,
000008.SZ,000008,20251209,93015160,0,1361520,0,B,30300,200,
000008.SZ,000008,20251209,93015160,0,1361541,0,B,30300,500,
000008.SZ,000008,20251209,93015170,0,1361549,0,B,30200,100,
000008.SZ,000008,20251209,93015190,0,1361828,0,B,30300,400,
000008.SZ,000008,20251209,93015190,0,1361832,0,B,30300,300,
000008.SZ,000008,20251209,93015190,0,1361834,0,B,30300,700,
000008.SZ,000008,20251209,93015190,0,1361836,0,B,30300,600,
000008.SZ,000008,20251209,93015190,0,1361991,0,B,30200,1100,
000008.SZ,000008,20251209,93015200,0,1362008,0,B,30200,300,
000008.SZ,000008,20251209,93015210,0,1362334,0,B,30200,200,
000008.SZ,000008,20251209,93015230,0,1363167,0,B,30200,400,
000008.SZ,000008,20251209,93015330,0,1365982,0,S,30300,700,
000008.SZ,000008,20251209,93015350,0,1366320,0,S,30300,100,
000008.SZ,000008,20251209,93015420,0,1367762,0,S,30300,2400,
000008.SZ,000008,20251209,93015430,0,1367932,0,S,30300,300,
000008.SZ,000008,20251209,93015560,0,1372885,0,B,30300,10000,
000008.SZ,000008,20251209,93015680,0,1375890,0,S,30700,2000,
000008.SZ,000008,20251209,93015730,0,1376628,0,S,30300,100,
000008.SZ,000008,20251209,93015810,0,1379032,0,B,30200,700,
000008.SZ,000008,20251209,93016060,0,1382447,0,S,30300,5600,
000008.SZ,000008,20251209,93016830,0,1397890,0,B,30100,5000,
000008.SZ,000008,20251209,93017240,0,1402807,0,S,30400,11500,
000008.SZ,000008,20251209,93017430,0,1405097,0,B,30200,3300,
000008.SZ,000008,20251209,93017960,0,1410788,0,B,30300,1300,
000008.SZ,000008,20251209,93018070,0,1412116,0,S,30300,2800,
000008.SZ,000008,20251209,93018070,0,1412119,0,S,30300,7100,
000008.SZ,000008,20251209,93018150,0,1412945,0,B,30200,10300,
000008.SZ,000008,20251209,93018150,0,1412958,0,B,30300,100,
000008.SZ,000008,20251209,93018150,0,1413015,0,B,30300,200,
000008.SZ,000008,20251209,93018190,0,1413602,0,S,30300,100,
000008.SZ,000008,20251209,93018200,0,1414014,0,S,30300,20000,
000008.SZ,000008,20251209,93018360,0,1417084,0,S,31600,6600,
000008.SZ,000008,20251209,93018450,0,1418417,0,S,30300,2300,
000008.SZ,000008,20251209,93018700,0,1423989,0,S,30300,100,
000008.SZ,000008,20251209,93018970,0,1428260,0,S,30300,500,
000008.SZ,000008,20251209,93018970,0,1428261,0,S,30300,21100,
000008.SZ,000008,20251209,93019010,0,1428823,0,S,30300,19600,
000008.SZ,000008,20251209,93019070,0,1429628,0,S,30300,20600,
000008.SZ,000008,20251209,93019070,0,1429629,0,S,30300,14500,
000008.SZ,000008,20251209,93019070,0,1429630,0,S,30300,9600,
000008.SZ,000008,20251209,93019840,0,1442075,0,S,30300,1200,
000008.SZ,000008,20251209,93020280,0,1447415,0,S,30200,4800,
000008.SZ,000008,20251209,93020290,0,1447515,0,S,30300,200,
000008.SZ,000008,20251209,93020380,0,1448716,0,S,30300,500,
000008.SZ,000008,20251209,93020630,0,1451505,0,S,30400,10900,
000008.SZ,000008,20251209,93021210,0,1457924,0,B,30300,400,
000008.SZ,000008,20251209,93021210,0,1457954,0,S,30300,800,
000008.SZ,000008,20251209,93021220,0,1458020,0,B,30200,10200,
000008.SZ,000008,20251209,93021270,0,1459171,0,B,30000,2000,
000008.SZ,000008,20251209,93021340,0,1461369,0,S,30300,300,
000008.SZ,000008,20251209,93021370,0,1463506,0,B,30200,30000,
000008.SZ,000008,20251209,93021540,0,1466557,0,B,30200,100,
000008.SZ,000008,20251209,93021800,0,1471007,0,B,30200,1000,
000008.SZ,000008,20251209,93023040,0,1489742,0,S,30200,1400,
000008.SZ,000008,20251209,93023690,0,1496422,0,S,30300,25300,
000008.SZ,000008,20251209,93023780,0,1497310,0,S,30300,5600,
000008.SZ,000008,20251209,93023860,0,1498099,0,S,30400,36800,
000008.SZ,000008,20251209,93024170,0,1501346,0,B,30300,400,
000008.SZ,000008,20251209,93024220,0,1502065,0,B,30200,100,
000008.SZ,000008,20251209,93024240,0,1502627,0,B,30200,100,
000008.SZ,000008,20251209,93024240,0,1502661,0,B,30200,500,
000008.SZ,000008,20251209,93024280,0,1503203,0,B,30200,100,
000008.SZ,000008,20251209,93024290,0,1503630,0,B,30200,100,
000008.SZ,000008,20251209,93024310,0,1503900,0,B,30200,100,
000008.SZ,000008,20251209,93024780,0,1512003,0,S,30200,200,
000008.SZ,000008,20251209,93025280,0,1518759,0,S,30900,5000,
000008.SZ,000008,20251209,93025340,0,1519723,0,S,30300,23200,
000008.SZ,000008,20251209,93025440,0,1521353,0,S,30200,2300,
000008.SZ,000008,20251209,93025990,0,1529131,0,B,30200,8800,
000008.SZ,000008,20251209,93026250,0,1531846,0,S,30900,37300,
000008.SZ,000008,20251209,93026280,0,1532301,0,S,30200,700,
000008.SZ,000008,20251209,93026700,0,1536694,0,S,30400,28200,
000008.SZ,000008,20251209,93027070,0,1540106,0,B,30300,1100,
000008.SZ,000008,20251209,93027150,0,1541115,0,B,27600,200,
000008.SZ,000008,20251209,93027150,0,1541202,0,B,30300,1500,
000008.SZ,000008,20251209,93027150,0,1541208,0,B,30300,600,
000008.SZ,000008,20251209,93027150,0,1541272,0,B,30200,9900,
000008.SZ,000008,20251209,93027560,0,1547973,0,B,29900,600,
000008.SZ,000008,20251209,93028040,0,1555433,0,B,30200,67000,
000008.SZ,000008,20251209,93028070,0,1555822,0,B,30300,400,
000008.SZ,000008,20251209,93028070,0,1555824,0,B,30300,800,
000008.SZ,000008,20251209,93028120,0,1556491,0,S,30300,3900,
000008.SZ,000008,20251209,93028680,0,1566194,0,B,29900,5000,
000008.SZ,000008,20251209,93028840,0,1568001,0,B,30300,200,
000008.SZ,000008,20251209,93029070,0,1571141,0,B,30000,1000,
000008.SZ,000008,20251209,93030060,0,1583569,0,S,30200,500,
000008.SZ,000008,20251209,93030150,0,1585088,0,B,30300,1000,
000008.SZ,000008,20251209,93030160,0,1585197,0,B,30200,800,
000008.SZ,000008,20251209,93030220,0,1586562,0,S,30200,154000,
000008.SZ,000008,20251209,93030430,0,1591524,0,B,30200,100,
000008.SZ,000008,20251209,93030430,0,1591564,0,B,30200,100,
000008.SZ,000008,20251209,93030570,0,1594096,0,B,30200,1700,
000008.SZ,000008,20251209,93030630,0,1595105,0,B,30200,3000,
000008.SZ,000008,20251209,93031290,0,1605973,0,B,30100,3500,
000008.SZ,000008,20251209,93031510,0,1609790,0,B,30200,1200,
000008.SZ,000008,20251209,93032180,0,1619644,0,S,30300,6800,
000008.SZ,000008,20251209,93032200,0,1619857,0,S,30300,1900,
000008.SZ,000008,20251209,93032210,0,1619909,0,S,30300,1700,
000008.SZ,000008,20251209,93032210,0,1619923,0,S,30300,2200,
000008.SZ,000008,20251209,93032210,0,1619927,0,S,30300,1000,
000008.SZ,000008,20251209,93032210,0,1619958,0,S,30300,1000,
000008.SZ,000008,20251209,93032410,0,1622342,0,S,30600,10000,
000008.SZ,000008,20251209,93032460,0,1622913,0,B,30200,10000,
000008.SZ,000008,20251209,93032550,0,1623686,0,B,30000,5500,
000008.SZ,000008,20251209,93032760,0,1625956,0,B,30200,10000,
000008.SZ,000008,20251209,93033030,0,1628760,0,S,30200,100,
000008.SZ,000008,20251209,93033150,0,1630194,0,B,30200,1600,
000008.SZ,000008,20251209,93033150,0,1630231,0,B,30200,1100,
000008.SZ,000008,20251209,93033150,0,1630244,0,B,30200,1500,
000008.SZ,000008,20251209,93033150,0,1630245,0,B,30200,800,
000008.SZ,000008,20251209,93033160,0,1630275,0,B,30200,400,
000008.SZ,000008,20251209,93033550,0,1638066,0,S,30600,160000,
000008.SZ,000008,20251209,93034230,0,1648389,0,S,30400,1800,
000008.SZ,000008,20251209,93034230,0,1648394,0,S,30400,2800,
000008.SZ,000008,20251209,93034230,0,1648402,0,S,30400,2600,
000008.SZ,000008,20251209,93034240,0,1648556,0,S,30400,3200,
000008.SZ,000008,20251209,93034240,0,1648568,0,S,30400,2200,
000008.SZ,000008,20251209,93034240,0,1648574,0,S,30400,4100,
000008.SZ,000008,20251209,93034250,0,1648684,0,S,30400,2900,
000008.SZ,000008,20251209,93034250,0,1648699,0,S,30400,700,
000008.SZ,000008,20251209,93034270,0,1648941,0,S,30400,2800,
000008.SZ,000008,20251209,93034270,0,1648982,0,S,30400,4900,
