万得代码,交易所代码,自然日,时间,成交价,成交量,成交额,成交笔数,IOPV,成交标志,BS标志,当日累计成交量,当日成交额,最高价,最低价,开盘价,前收盘,申卖价1,申卖价2,申卖价3,申卖价4,申卖价5,申卖价6,申卖价7,申卖价8,申卖价9,申卖价10,申卖量1,申卖量2,申卖量3,申卖量4,申卖量5,申卖量6,申卖量7,申卖量8,申卖量9,申卖量10,申买价1,申买价2,申买价3,申买价4,申买价5,申买价6,申买价7,申买价8,申买价9,申买价10,申买量1,申买量2,申买量3,申买量4,申买量5,申买量6,申买量7,申买量8,申买量9,申买量10,加权平均叫卖价,加权平均叫买价,叫卖总量,叫买总量,不加权指数,品种总数,上涨品种数,下跌品种数,持平品种数,
000050.SZ,000050,20251209,81615000,0,0,0,0,0,,,0,0,0,0,0,92300,0,0,0,0,0,0,0,0,0,0,0,0,0,0,0,0,0,0,0,0,0,0,0,0,0,0,0,0,0,0,0,0,0,0,0,0,0,0,0,0,0,0,0,0,0,0,0,0,0,
000050.SZ,000050,20251209,91500000,0,0,0,0,0,,,0,0,0,0,0,92300,92300,0,0,0,0,0,0,0,0,0,300,1100,0,0,0,0,0,0,0,0,92300,0,0,0,0,0,0,0,0,0,300,0,0,0,0,0,0,0,0,0,0,0,0,0,0,0,0,0,0,
000050.SZ,000050,20251209,91509000,0,0,0,0,0,,,0,0,0,0,0,92300,92400,0,0,0,0,0,0,0,0,0,6700,0,0,0,0,0,0,0,0,0,92400,0,0,0,0,0,0,0,0,0,6700,600,0,0,0,0,0,0,0,0,0,0,0,0,0,0,0,0,0,
000050.SZ,000050,20251209,91518000,0,0,0,0,0,,,0,0,0,0,0,92300,92400,0,0,0,0,0,0,0,0,0,6900,0,0,0,0,0,0,0,0,0,92400,0,0,0,0,0,0,0,0,0,6900,1400,0,0,0,0,0,0,0,0,0,0,0,0,0,0,0,0,0,
000050.SZ,000050,20251209,91536000,0,0,0,0,0,,,0,0,0,0,0,92300,92400,0,0,0,0,0,0,0,0,0,6900,0,0,0,0,0,0,0,0,0,92400,0,0,0,0,0,0,0,0,0,6900,1600,0,0,0,0,0,0,0,0,0,0,0,0,0,0,0,0,0,
000050.SZ,000050,20251209,91554000,0,0,0,0,0,,,0,0,0,0,0,92300,92400,0,0,0,0,0,0,0,0,0,6900,0,0,0,0,0,0,0,0,0,92400,0,0,0,0,0,0,0,0,0,6900,1800,0,0,0,0,0,0,0,0,0,0,0,0,0,0,0,0,0,
000050.SZ,000050,20251209,91621000,0,0,0,0,0,,,0,0,0,0,0,92300,92400,0,0,0,0,0,0,0,0,0,7300,0,0,0,0,0,0,0,0,0,92400,0,0,0,0,0,0,0,0,0,7300,1400,0,0,0,0,0,0,0,0,0,0,0,0,0,0,0,0,0,
000050.SZ,000050,20251209,91706000,0,0,0,0,0,,,0,0,0,0,0,92300,92400,0,0,0,0,0,0,0,0,0,7600,0,0,0,0,0,0,0,0,0,92400,0,0,0,0,0,0,0,0,0,7600,1100,0,0,0,0,0,0,0,0,0,0,0,0,0,0,0,0,0,
000050.SZ,000050,20251209,91818000,0,0,0,0,0,,,0,0,0,0,0,92300,92400,0,0,0,0,0,0,0,0,0,7600,0,0,0,0,0,0,0,0,0,92400,0,0,0,0,0,0,0,0,0,7600,1200,0,0,0,0,0,0,0,0,0,0,0,0,0,0,0,0,0,
000050.SZ,000050,20251209,91903000,0,0,0,0,0,,,0,0,0,0,0,92300,92400,0,0,0,0,0,0,0,0,0,8800,500,0,0,0,0,0,0,0,0,92400,0,0,0,0,0,0,0,0,0,8800,0,0,0,0,0,0,0,0,0,0,0,0,0,0,0,0,0,0,
000050.SZ,000050,20251209,91912000,0,0,0,0,0,,,0,0,0,0,0,92300,92400,0,0,0,0,0,0,0,0,0,8800,600,0,0,0,0,0,0,0,0,92400,0,0,0,0,0,0,0,0,0,8800,0,0,0,0,0,0,0,0,0,0,0,0,0,0,0,0,0,0,
000050.SZ,000050,20251209,91921000,0,0,0,0,0,,,0,0,0,0,0,92300,92400,0,0,0,0,0,0,0,0,0,7700,0,0,0,0,0,0,0,0,0,92400,0,0,0,0,0,0,0,0,0,7700,1100,0,0,0,0,0,0,0,0,0,0,0,0,0,0,0,0,0,
000050.SZ,000050,20251209,92009000,0,0,0,0,0,,,0,0,0,0,0,92300,92400,0,0,0,0,0,0,0,0,0,7800,0,0,0,0,0,0,0,0,0,92400,0,0,0,0,0,0,0,0,0,7800,2500,0,0,0,0,0,0,0,0,0,0,0,0,0,0,0,0,0,
000050.SZ,000050,20251209,92018000,0,0,0,0,0,,,0,0,0,0,0,92300,92400,0,0,0,0,0,0,0,0,0,9700,0,0,0,0,0,0,0,0,0,92400,0,0,0,0,0,0,0,0,0,9700,600,0,0,0,0,0,0,0,0,0,0,0,0,0,0,0,0,0,
000050.SZ,000050,20251209,92027000,0,0,0,0,0,,,0,0,0,0,0,92300,92400,0,0,0,0,0,0,0,0,0,9700,0,0,0,0,0,0,0,0,0,92400,0,0,0,0,0,0,0,0,0,9700,1200,0,0,0,0,0,0,0,0,0,0,0,0,0,0,0,0,0,
000050.SZ,000050,20251209,92045000,0,0,0,0,0,,,0,0,0,0,0,92300,92400,0,0,0,0,0,0,0,0,0,9700,0,0,0,0,0,0,0,0,0,92400,0,0,0,0,0,0,0,0,0,9700,1400,0,0,0,0,0,0,0,0,0,0,0,0,0,0,0,0,0,
000050.SZ,000050,20251209,92054000,0,0,0,0,0,,,0,0,0,0,0,92300,92300,0,0,0,0,0,0,0,0,0,17500,0,0,0,0,0,0,0,0,0,92300,0,0,0,0,0,0,0,0,0,17500,6000,0,0,0,0,0,0,0,0,0,0,0,0,0,0,0,0,0,
000050.SZ,000050,20251209,92103000,0,0,0,0,0,,,0,0,0,0,0,92300,92300,0,0,0,0,0,0,0,0,0,19700,0,0,0,0,0,0,0,0,0,92300,0,0,0,0,0,0,0,0,0,19700,3800,0,0,0,0,0,0,0,0,0,0,0,0,0,0,0,0,0,
000050.SZ,000050,20251209,92112000,0,0,0,0,0,,,0,0,0,0,0,92300,92300,0,0,0,0,0,0,0,0,0,19700,0,0,0,0,0,0,0,0,0,92300,0,0,0,0,0,0,0,0,0,19700,4000,0,0,0,0,0,0,0,0,0,0,0,0,0,0,0,0,0,
000050.SZ,000050,20251209,92130000,0,0,0,0,0,,,0,0,0,0,0,92300,92300,0,0,0,0,0,0,0,0,0,19700,0,0,0,0,0,0,0,0,0,92300,0,0,0,0,0,0,0,0,0,19700,4100,0,0,0,0,0,0,0,0,0,0,0,0,0,0,0,0,0,
000050.SZ,000050,20251209,92251000,0,0,0,0,0,,,0,0,0,0,0,92300,92300,0,0,0,0,0,0,0,0,0,21700,0,0,0,0,0,0,0,0,0,92300,0,0,0,0,0,0,0,0,0,21700,2100,0,0,0,0,0,0,0,0,0,0,0,0,0,0,0,0,0,
000050.SZ,000050,20251209,92300000,0,0,0,0,0,,,0,0,0,0,0,92300,92300,0,0,0,0,0,0,0,0,0,21700,0,0,0,0,0,0,0,0,0,92300,0,0,0,0,0,0,0,0,0,21700,3200,0,0,0,0,0,0,0,0,0,0,0,0,0,0,0,0,0,
000050.SZ,000050,20251209,92309000,0,0,0,0,0,,,0,0,0,0,0,92300,92300,0,0,0,0,0,0,0,0,0,22000,0,0,0,0,0,0,0,0,0,92300,0,0,0,0,0,0,0,0,0,22000,2900,0,0,0,0,0,0,0,0,0,0,0,0,0,0,0,0,0,
000050.SZ,000050,20251209,92327000,0,0,0,0,0,,,0,0,0,0,0,92300,92300,0,0,0,0,0,0,0,0,0,25900,5200,0,0,0,0,0,0,0,0,92300,0,0,0,0,0,0,0,0,0,25900,0,0,0,0,0,0,0,0,0,0,0,0,0,0,0,0,0,0,
000050.SZ,000050,20251209,92336000,0,0,0,0,0,,,0,0,0,0,0,92300,92300,0,0,0,0,0,0,0,0,0,27000,6600,0,0,0,0,0,0,0,0,92300,0,0,0,0,0,0,0,0,0,27000,0,0,0,0,0,0,0,0,0,0,0,0,0,0,0,0,0,0,
000050.SZ,000050,20251209,92345000,0,0,0,0,0,,,0,0,0,0,0,92300,92300,0,0,0,0,0,0,0,0,0,28100,5500,0,0,0,0,0,0,0,0,92300,0,0,0,0,0,0,0,0,0,28100,0,0,0,0,0,0,0,0,0,0,0,0,0,0,0,0,0,0,
000050.SZ,000050,20251209,92354000,0,0,0,0,0,,,0,0,0,0,0,92300,92300,0,0,0,0,0,0,0,0,0,28100,7800,0,0,0,0,0,0,0,0,92300,0,0,0,0,0,0,0,0,0,28100,0,0,0,0,0,0,0,0,0,0,0,0,0,0,0,0,0,0,
000050.SZ,000050,20251209,92403000,0,0,0,0,0,,,0,0,0,0,0,92300,92300,0,0,0,0,0,0,0,0,0,28100,9400,0,0,0,0,0,0,0,0,92300,0,0,0,0,0,0,0,0,0,28100,0,0,0,0,0,0,0,0,0,0,0,0,0,0,0,0,0,0,
000050.SZ,000050,20251209,92412000,0,0,0,0,0,,,0,0,0,0,0,92300,92300,0,0,0,0,0,0,0,0,0,32200,18100,0,0,0,0,0,0,0,0,92300,0,0,0,0,0,0,0,0,0,32200,0,0,0,0,0,0,0,0,0,0,0,0,0,0,0,0,0,0,
000050.SZ,000050,20251209,92421000,0,0,0,0,0,,,0,0,0,0,0,92300,92300,0,0,0,0,0,0,0,0,0,32200,20100,0,0,0,0,0,0,0,0,92300,0,0,0,0,0,0,0,0,0,32200,0,0,0,0,0,0,0,0,0,0,0,0,0,0,0,0,0,0,
000050.SZ,000050,20251209,92430000,0,0,0,0,0,,,0,0,0,0,0,92300,92300,0,0,0,0,0,0,0,0,0,32200,23100,0,0,0,0,0,0,0,0,92300,0,0,0,0,0,0,0,0,0,32200,0,0,0,0,0,0,0,0,0,0,0,0,0,0,0,0,0,0,
000050.SZ,000050,20251209,92439000,0,0,0,0,0,,,0,0,0,0,0,92300,92300,0,0,0,0,0,0,0,0,0,33100,22200,0,0,0,0,0,0,0,0,92300,0,0,0,0,0,0,0,0,0,33100,0,0,0,0,0,0,0,0,0,0,0,0,0,0,0,0,0,0,
000050.SZ,000050,20251209,92457000,0,0,0,0,0,,,0,0,0,0,0,92300,92100,0,0,0,0,0,0,0,0,0,51300,4000,0,0,0,0,0,0,0,0,92100,0,0,0,0,0,0,0,0,0,51300,0,0,0,0,0,0,0,0,0,0,0,0,0,0,0,0,0,0,
000050.SZ,000050,20251209,92500000,92100,61900,570099,79,0,,,61900,570099,92100,92100,92100,92300,92100,92300,92400,92500,92600,92700,92800,92900,93000,93100,17100,33300,600,200,300,6000,21000,23900,28600,8700,92000,91900,91800,91700,91600,91500,91400,91300,91200,91100,8100,2100,3300,20500,6100,21400,8000,3400,8300,16100,97600,88700,1713200,388700,0,0,0,0,0,
000050.SZ,000050,20251209,93000000,92000,13500,124195,99,0,,,75400,694294,92100,91900,92100,92300,92000,92100,92300,92400,92500,92600,92700,92800,92900,93000,20700,23900,33300,600,200,300,6000,21000,23900,28600,91900,91800,91700,91600,91500,91400,91300,91200,91100,91000,600,5200,20500,6100,21400,9000,3400,8300,16100,7200,97500,88700,1751600,385200,0,0,0,0,0,
000050.SZ,000050,20251209,93003000,92000,134300,1234211,184,0,,,209700,1928505,92100,91800,92100,92300,92000,92100,92300,92400,92500,92600,92700,92800,92900,93000,35000,46900,68100,600,200,1600,8000,21000,32000,69000,91900,91800,91700,91600,91500,91400,91300,91200,91100,91000,4000,31200,44900,25800,24200,9500,29600,9300,34800,7900,96900,89500,2126600,513700,0,0,0,0,0,
000050.SZ,000050,20251209,93006000,91900,20600,189417,215,0,,,230300,2117922,92100,91800,92100,92300,91900,92000,92100,92200,92300,92400,92500,92600,92700,92800,1100,30500,46400,2200,65900,600,300,1600,8000,21000,91800,91700,91600,91500,91400,91300,91200,91100,91000,90900,38500,47300,31500,25200,9500,29600,9300,34800,9900,35900,96900,89600,2183900,537400,0,0,0,0,0,
000050.SZ,000050,20251209,93009000,91900,14300,131368,257,0,,,244600,2249290,92100,91800,92100,92300,92000,92100,92200,92300,92400,92500,92600,92700,92800,92900,44900,46400,2500,66200,600,300,1600,8000,21000,38900,91900,91800,91700,91600,91500,91400,91300,91200,91100,91000,2300,35700,47400,41500,26200,9500,29600,9300,36800,10400,96900,89600,2203000,550500,0,0,0,0,0,
000050.SZ,000050,20251209,93012000,91900,34800,319590,288,0,,,279400,2568880,92100,91800,92100,92300,92000,92100,92200,92300,92400,92500,92600,92700,92800,92900,22600,46400,2500,66200,400,300,1600,8000,21000,38900,91900,91800,91700,91600,91500,91400,91300,91200,91100,91000,500,9600,47400,41500,26200,9500,29600,9300,36800,10400,97000,89500,2184500,523100,0,0,0,0,0,
000050.SZ,000050,20251209,93015000,91900,15200,139684,321,0,,,294600,2708564,92100,91800,92100,92300,92000,92100,92200,92300,92400,92500,92600,92700,92800,92900,38500,46400,2500,66200,400,300,1600,8000,21000,38900,91900,91800,91700,91600,91500,91400,91300,91200,91100,91000,2600,3900,47400,41500,37000,9500,29600,9300,36800,10400,96900,89500,2201600,535300,0,0,0,0,0,
000050.SZ,000050,20251209,93018000,91900,19400,178069,353,0,,,314000,2886633,92100,91700,92100,92300,91900,92000,92100,92200,92300,92400,92500,92600,92700,92800,12300,24900,46400,2500,66200,600,300,1600,8000,21000,91800,91700,91600,91500,91400,91300,91200,91100,91000,90900,9400,44300,41500,37000,9500,29600,9300,36800,10400,35900,96900,89500,2203000,535100,0,0,0,0,0,
000050.SZ,000050,20251209,93021000,91800,13000,119365,366,0,,,327000,3005998,92100,91700,92100,92300,91900,92000,92100,92200,92300,92400,92500,92600,92700,92800,5500,25600,46400,2500,66200,600,300,1600,8000,21000,91800,91700,91600,91500,91400,91300,91200,91100,91000,90900,1300,44300,41800,37000,9500,29600,9300,36800,10400,35900,96900,89500,2196900,527300,0,0,0,0,0,
000050.SZ,000050,20251209,93024000,91800,7800,71636,379,0,,,334800,3077634,92100,91700,92100,92300,91900,92000,92100,92200,92300,92400,92500,92600,92700,92800,2600,15600,46400,2500,66200,600,300,1600,8000,21000,91800,91700,91600,91500,91400,91300,91200,91100,91000,90900,5100,44300,41800,37000,9500,29600,9300,36800,10400,35900,97000,89500,2184000,531100,0,0,0,0,0,
000050.SZ,000050,20251209,93027000,91800,11700,107452,417,0,,,346500,3185086,92100,91700,92100,92300,91800,92000,92100,92200,92300,92400,92500,92600,92700,92800,1400,16900,46400,2500,66200,600,300,2100,8000,21000,91700,91600,91500,91400,91300,91200,91100,91000,90900,90800,44300,41800,37000,9500,29600,9300,36800,10400,35900,10200,97000,89500,2184600,527000,0,0,0,0,0,
000050.SZ,000050,20251209,93030000,91900,24400,224073,452,0,,,370900,3409159,92100,91700,92100,92300,91900,92000,92100,92200,92300,92400,92500,92600,92700,92800,5400,14700,46400,2500,66200,600,300,2100,8000,21000,91800,91700,91600,91500,91400,91300,91200,91100,91000,90900,3200,44300,41800,37000,9500,29600,9300,36800,10400,35900,97000,90000,2195100,490200,0,0,0,0,0,
000050.SZ,000050,20251209,93033000,91900,2800,25732,462,0,,,373700,3434891,92100,91700,92100,92300,91900,92000,92100,92200,92300,92400,92500,92600,92700,92800,14000,14700,46400,2900,64200,600,300,2100,8000,21000,91800,91700,91600,91500,91400,91300,91200,91100,91000,90900,6500,44300,42800,37000,9500,31600,9300,36800,10400,35900,97000,90000,2202100,496500,0,0,0,0,0,
000050.SZ,000050,20251209,93036000,91900,27200,249798,530,0,,,400900,3684689,92100,91700,92100,92300,91900,92000,92100,92200,92300,92400,92500,92600,92700,92800,4400,14700,40800,2900,64200,600,300,2100,8000,21000,91800,91700,91600,91500,91400,91300,91200,91100,91000,90900,6500,44300,42800,37000,9500,31600,9300,36800,10600,35900,97000,90000,2186900,496700,0,0,0,0,0,
000050.SZ,000050,20251209,93039000,91900,16000,146997,557,0,,,416900,3831686,92100,91700,92100,92300,92000,92100,92200,92300,92400,92500,92600,92700,92800,92900,14700,38800,2900,64200,600,300,2100,8000,21000,38900,91800,91700,91600,91500,91400,91300,91200,91100,91000,90900,7200,44300,44900,37000,9500,31600,9300,36800,10600,35900,97000,90200,2180500,487400,0,0,0,0,0,
000050.SZ,000050,20251209,93042000,91900,2900,26671,567,0,,,419800,3858357,92100,91700,92100,92300,92000,92100,92200,92300,92400,92500,92600,92700,92800,92900,12900,38800,2500,63900,600,300,2100,8000,21000,38900,91900,91800,91700,91600,91500,91400,91300,91200,91100,91000,9300,8600,44300,44900,37000,9500,31600,9300,36800,10600,97000,90300,2178000,498100,0,0,0,0,0,
000050.SZ,000050,20251209,93045000,91900,15800,145259,583,0,,,435600,4003616,92100,91700,92100,92300,92000,92100,92200,92300,92400,92500,92600,92700,92800,92900,6800,38800,3000,63900,600,300,2100,8000,21000,38900,91900,91800,91700,91600,91500,91400,91300,91200,91100,91000,3700,17100,44300,44900,37000,9500,31600,9300,36800,10600,97000,90300,2181200,501000,0,0,0,0,0,
000050.SZ,000050,20251209,93048000,92000,10000,91919,602,0,,,445600,4095535,92100,91700,92100,92300,92000,92100,92200,92300,92400,92500,92600,92700,92800,92900,4700,38800,3000,63900,600,300,2100,8000,21000,38900,91900,91800,91700,91600,91500,91400,91300,91200,91100,91000,2700,17100,44300,44900,48200,9500,31600,9300,37300,10600,97000,90300,2181100,511700,0,0,0,0,0,
000050.SZ,000050,20251209,93051000,91900,14700,135137,634,0,,,460300,4230672,92100,91700,92100,92300,91900,92000,92100,92200,92300,92400,92500,92600,92700,92800,19700,3100,38800,2500,63900,600,300,2100,8000,21000,91800,91700,91600,91500,91400,91300,91200,91100,91000,90900,19100,44300,44900,48200,9500,31600,9300,37300,10600,35900,97000,90300,2198700,511000,0,0,0,0,0,
000050.SZ,000050,20251209,93054000,92100,25200,231638,684,0,,,485500,4462310,92100,91700,92100,92300,92100,92200,92300,92400,92500,92600,92700,92800,92900,93000,38400,2500,62700,600,300,2100,8000,21000,38900,71000,91900,91800,91700,91600,91500,91400,91300,91200,91100,91000,12100,19500,44300,44900,48200,9500,31600,9300,37300,10600,97000,90300,2174900,526500,0,0,0,0,0,
000050.SZ,000050,20251209,93057000,92000,11900,109515,702,0,,,497400,4571825,92100,91700,92100,92300,92000,92100,92200,92300,92400,92500,92600,92700,92800,92900,6200,34900,2500,62700,600,300,2100,8000,21000,38900,91900,91800,91700,91600,91500,91400,91300,91200,91100,91000,14700,16400,44300,45900,48200,9500,31600,9300,37300,10600,97000,90300,2177600,528000,0,0,0,0,0,
000050.SZ,000050,20251209,93100000,91800,56600,519845,759,0,,,554000,5091670,92100,91700,92100,92300,92000,92100,92200,92300,92400,92500,92600,92700,92800,92900,300,34900,2500,62700,600,300,2100,8000,21000,38900,91800,91700,91600,91500,91400,91300,91200,91100,91000,90900,33700,44400,45900,48200,9500,31600,9300,37300,11600,35900,97000,90300,2175400,531700,0,0,0,0,0,
000050.SZ,000050,20251209,93103000,92100,12800,117841,778,0,,,566800,5209511,92100,91700,92100,92300,92100,92200,92300,92400,92500,92600,92700,92800,92900,93000,26800,2500,62700,600,300,2100,8000,21000,38900,71000,92000,91900,91800,91700,91600,91500,91400,91300,91200,91100,47700,1000,32800,44400,45900,48200,14500,31600,9300,37300,97100,90500,2167000,584500,0,0,0,0,0,
000050.SZ,000050,20251209,93106000,92100,25400,233934,825,0,,,592200,5443445,92100,91700,92100,92300,92100,92200,92300,92400,92500,92600,92700,92800,92900,93000,1800,2500,62700,600,300,2100,8000,21000,38900,71000,92000,91900,91800,91700,91600,91500,91400,91300,91200,91100,57200,700,39000,44400,45900,48200,14500,31600,9300,37300,97100,90500,2142000,600800,0,0,0,0,0,
000050.SZ,000050,20251209,93109000,92100,3700,34083,838,0,,,595900,5477528,92200,91700,92100,92300,92100,92200,92300,92400,92500,92600,92700,92800,92900,93000,28200,1900,61400,600,300,2100,8000,21000,38900,71000,92000,91900,91800,91700,91600,91500,91400,91300,91200,91100,57300,100,39500,44400,45900,48200,14500,31800,9300,37300,97100,90500,2170600,600600,0,0,0,0,0,
000050.SZ,000050,20251209,93112000,92100,36500,335811,843,0,,,632400,5813339,92200,91700,92100,92300,92100,92200,92300,92400,92500,92600,92700,92800,92900,93000,20400,16300,61400,600,300,2100,8000,21000,38900,71000,92000,91900,91800,91700,91600,91500,91400,91300,91200,91100,22800,100,40600,44700,45900,48200,14500,31800,9300,37300,97100,90400,2197200,568000,0,0,0,0,0,
000050.SZ,000050,20251209,93115000,92000,6400,58935,851,0,,,638800,5872274,92200,91700,92100,92300,92100,92200,92300,92400,92500,92600,92700,92800,92900,93000,31000,26300,61000,600,1300,2100,8000,21000,38900,71000,92000,91900,91800,91700,91600,91500,91400,91300,91200,91100,23300,100,40600,44700,45900,48200,14500,31800,9300,38700,97000,90400,2219400,569900,0,0,0,0,0,
000050.SZ,000050,20251209,93118000,92100,1000,9210,853,0,,,639800,5881484,92200,91700,92100,92300,92100,92200,92300,92400,92500,92600,92700,92800,92900,93000,34000,26300,61000,600,1300,2100,8000,21000,38900,71000,92000,91900,91800,91700,91600,91500,91400,91300,91200,91100,24700,1200,40600,44700,55800,53200,14500,31800,9300,38700,97000,90400,2222400,589600,0,0,0,0,0,
000050.SZ,000050,20251209,93121000,92100,20600,189675,865,0,,,660400,6071159,92200,91700,92100,92300,92100,92200,92300,92400,92500,92600,92700,92800,92900,93000,14900,26300,61000,600,1300,2100,8000,21000,38900,71000,92000,91900,91800,91700,91600,91500,91400,91300,91200,91100,20400,4200,35400,44700,55800,53200,17500,31800,9300,38700,97100,90400,2203700,591100,0,0,0,0,0,
000050.SZ,000050,20251209,93124000,92100,1600,14736,871,0,,,662000,6085895,92200,91700,92100,92300,92100,92200,92300,92400,92500,92600,92700,92800,92900,93000,6800,26300,61000,600,1300,2100,8000,21000,38900,61000,92000,91900,91800,91700,91600,91500,91400,91300,91200,91100,21200,4300,35500,44700,55800,53200,17500,31800,10300,38700,97100,90400,2185600,593100,0,0,0,0,0,
000050.SZ,000050,20251209,93127000,92100,28600,263467,897,0,,,690600,6349362,92200,91700,92100,92300,92100,92200,92300,92400,92500,92600,92700,92800,92900,93000,3600,11100,61000,600,1300,2100,8000,21000,38900,61000,92000,91900,91800,91700,91600,91500,91400,91300,91200,91100,15200,12600,42600,45700,55800,53200,17500,31800,10300,38700,97200,90400,2167200,603500,0,0,0,0,0,
000050.SZ,000050,20251209,93130000,92100,51200,470760,950,0,,,741800,6820122,92200,91700,92100,92300,92100,92200,92300,92400,92500,92600,92700,92800,92900,93000,5100,11100,61000,600,1300,2100,8000,21000,38900,61000,91900,91800,91700,91600,91500,91400,91300,91200,91100,91000,89100,31400,45700,45800,53200,17500,34300,10300,38700,12900,97200,90500,2168700,646100,0,0,0,0,0,
000050.SZ,000050,20251209,93133000,92100,7500,69034,969,0,,,749300,6889156,92200,91700,92100,92300,92100,92200,92300,92400,92500,92600,92700,92800,92900,93000,23500,31100,61000,600,1300,2100,8000,21000,38900,61000,91900,91800,91700,91600,91500,91400,91300,91200,91100,91000,27700,31400,45700,45800,53200,17500,34300,10300,38700,12900,97100,90400,2207100,585800,0,0,0,0,0,
000050.SZ,000050,20251209,93136000,91900,9600,88233,979,0,,,758900,6977389,92200,91700,92100,92300,92000,92100,92200,92300,92400,92500,92600,92700,92800,92900,3000,24200,30000,61000,600,1300,2100,8000,21000,38900,91900,91800,91700,91600,91500,91400,91300,91200,91100,91000,13400,32400,48400,45800,53200,17500,34300,10300,38700,12900,97100,90300,2212800,575200,0,0,0,0,0,
000050.SZ,000050,20251209,93139000,92000,1300,11960,983,0,,,760200,6989349,92200,91700,92100,92300,92000,92100,92200,92300,92400,92500,92600,92700,92800,92900,24000,15500,30000,61000,600,1300,2100,8000,21000,38900,91900,91800,91700,91600,91500,91400,91300,91200,91100,91000,14200,32400,48400,45800,53200,17500,34300,10300,38700,13300,97000,90300,2225100,576400,0,0,0,0,0,
000050.SZ,000050,20251209,93142000,91900,21300,195708,1010,0,,,781500,7185057,92200,91700,92100,92300,91900,92000,92100,92200,92300,92400,92500,92600,92700,92800,500,7200,15100,30000,61000,600,1300,2100,8000,21000,91800,91700,91600,91500,91400,91300,91200,91100,91000,90900,29200,48400,45800,53200,17500,34300,10300,38700,13300,35900,97100,90200,2200000,567000,0,0,0,0,0,
000050.SZ,000050,20251209,93145000,91800,2800,25715,1018,0,,,784300,7210772,92200,91700,92100,92300,91900,92000,92100,92200,92300,92400,92500,92600,92700,92800,12900,7200,800,30000,61000,600,1300,2100,7500,21000,91800,91700,91600,91500,91400,91300,91200,91100,91000,90900,27400,48400,45800,55200,17500,34300,10300,38700,13300,35900,97100,90200,2197600,567200,0,0,0,0,0,
000050.SZ,000050,20251209,93148000,91900,17800,163580,1029,0,,,802100,7374352,92200,91700,92100,92300,92000,92100,92200,92300,92400,92500,92600,92700,92800,92900,16000,6200,30000,61000,600,300,2100,7500,21000,38900,91900,91800,91700,91600,91500,91400,91300,91200,91100,91000,400,29100,48400,45800,55200,17500,34300,10300,38700,13300,97100,90200,2197900,569300,0,0,0,0,0,
000050.SZ,000050,20251209,93151000,91900,7300,67084,1051,0,,,809400,7441436,92200,91700,92100,92300,91900,92000,92100,92200,92300,92400,92500,92600,92700,92800,800,16100,6200,30000,61000,600,300,2100,7500,21000,91800,91700,91600,91500,91400,91300,91200,91100,91000,90900,30800,48400,45800,55200,17500,34300,10300,38700,13300,35900,97100,90200,2198800,571600,0,0,0,0,0,
000050.SZ,000050,20251209,93154000,91800,2200,20208,1057,0,,,811600,7461644,92200,91700,92100,92300,91900,92000,92100,92200,92300,92400,92500,92600,92700,92800,1000,20800,6200,30000,61000,600,300,2100,7500,21000,91800,91700,91600,91500,91400,91300,91200,91100,91000,90900,30400,48400,45800,54200,17500,34300,10300,38700,13300,35900,97100,90200,2203700,571000,0,0,0,0,0,
000050.SZ,000050,20251209,93157000,91900,10100,92724,1070,0,,,821700,7554368,92200,91700,92100,92300,91900,92000,92100,92200,92300,92400,92500,92600,92700,92800,19900,21100,6200,30000,61000,600,300,2100,7500,21000,91800,91700,91600,91500,91400,91300,91200,91100,91000,90900,21500,48400,45800,54200,17500,34300,10300,38700,13500,35900,97000,90200,2227600,562300,0,0,0,0,0,
000050.SZ,000050,20251209,93200000,91800,6000,55103,1078,0,,,827700,7609471,92200,91700,92100,92300,91900,92000,92100,92200,92300,92400,92500,92600,92700,92800,18000,21100,5900,30000,61000,600,300,2100,7500,21000,91800,91700,91600,91500,91400,91300,91200,91100,91000,90900,22400,48400,45800,54200,17500,34300,10300,38700,13500,35900,97000,90200,2229900,563200,0,0,0,0,0,
000050.SZ,000050,20251209,93203000,91700,55900,512880,1125,0,,,883600,8122351,92200,91700,92100,92300,91800,91900,92000,92100,92200,92300,92400,92500,92600,92700,15400,31300,12100,6100,30000,61000,600,300,2100,7500,91700,91600,91500,91400,91300,91200,91100,91000,90900,90800,20600,45800,60200,17500,34300,10300,38700,13500,35900,13200,97000,90000,2251800,519000,0,0,0,0,0,
000050.SZ,000050,20251209,93206000,91600,27900,255808,1149,0,,,911500,8378159,92200,91600,92100,92300,91800,91900,92000,92100,92200,92300,92400,92500,92600,92700,19100,32400,4100,6100,30000,61000,600,300,2100,7500,91600,91500,91400,91300,91200,91100,91000,90900,90800,90700,49100,60200,17500,34300,10300,38700,13500,35900,13200,29300,97000,90000,2253600,500300,0,0,0,0,0,
000050.SZ,000050,20251209,93209000,91600,9900,90736,1158,0,,,921400,8468895,92200,91600,92100,92300,91700,91800,91900,92000,92100,92200,92300,92400,92500,92600,10800,27600,31000,4400,6100,30000,61000,600,300,2100,91600,91500,91400,91300,91200,91100,91000,90900,90800,90700,44700,60300,17500,34300,10300,38700,13500,35900,13200,29300,97000,90000,2271800,496000,0,0,0,0,0,
000050.SZ,000050,20251209,93212000,91700,4100,37564,1163,0,,,925500,8506459,92200,91600,92100,92300,91700,91800,91900,92000,92100,92200,92300,92400,92500,92600,4500,27400,31000,4700,7700,30000,61000,600,300,2100,91600,91500,91400,91300,91200,91100,91000,90900,90800,90700,41900,59300,17500,34300,10300,38700,13500,35900,13200,29300,97000,90000,2266200,492200,0,0,0,0,0,
000050.SZ,000050,20251209,93215000,91600,39300,360011,1194,0,,,964800,8866470,92200,91600,92100,92300,91700,91800,91900,92000,92100,92200,92300,92400,92500,92600,4000,18600,31000,4700,7700,30000,61000,600,300,2100,91600,91500,91400,91300,91200,91100,91000,90900,90800,90700,16000,61300,17500,34300,10300,38700,13500,35900,13200,29300,97000,89900,2277300,468300,0,0,0,0,0,
000050.SZ,000050,20251209,93218000,91600,17500,160304,1209,0,,,982300,9026774,92200,91600,92100,92300,91700,91800,91900,92000,92100,92200,92300,92400,92500,92600,7600,16900,31000,6700,7700,30000,61000,600,300,2100,91600,91500,91400,91300,91200,91100,91000,90900,90800,90700,7200,61300,17500,35300,10300,39800,13900,35900,13200,29300,97000,89900,2285600,462000,0,0,0,0,0,
000050.SZ,000050,20251209,93221000,91500,13500,123661,1234,0,,,995800,9150435,92200,91500,92100,92300,91700,91800,91900,92000,92100,92200,92300,92400,92500,92600,12700,15400,31000,6700,7700,30000,61000,600,300,2100,91600,91500,91400,91300,91200,91100,91000,90900,90800,90700,300,60500,17500,35300,10300,39800,17400,35900,13200,29300,97000,89800,2289200,459200,0,0,0,0,0,
000050.SZ,000050,20251209,93224000,91600,1000,9163,1239,0,,,996800,9159598,92200,91500,92100,92300,91600,91700,91800,91900,92000,92100,92200,92300,92400,92500,3000,24200,15200,31000,6100,7700,30000,61000,600,300,91500,91400,91300,91200,91100,91000,90900,90800,90700,90600,61900,17500,36300,11300,39800,18800,35900,13200,29300,22800,97000,89800,2302400,463700,0,0,0,0,0,
000050.SZ,000050,20251209,93227000,91600,19000,173898,1255,0,,,1015800,9333496,92200,91500,92100,92300,91700,91800,91900,92000,92100,92200,92300,92400,92500,92600,1900,16700,24200,6100,7700,20000,61000,600,300,2100,91500,91400,91300,91200,91100,91000,90900,90800,90700,90600,47700,17500,36300,11300,39800,18800,35900,13200,29300,22800,97000,89800,2275700,449500,0,0,0,0,0,
000050.SZ,000050,20251209,93230000,91600,4800,43968,1263,0,,,1020600,9377464,92200,91500,92100,92300,91800,91900,92000,92100,92200,92300,92400,92500,92600,92700,17400,24900,6100,7700,20000,61000,600,300,2100,7500,91600,91500,91400,91300,91200,91100,91000,90900,90800,90700,300,47700,17500,36400,11300,39800,19900,35900,13200,29300,97000,89800,2275200,452000,0,0,0,0,0,
000050.SZ,000050,20251209,93233000,91600,5000,45804,1274,0,,,1025600,9423268,92200,91500,92100,92300,91700,91800,91900,92000,92100,92200,92300,92400,92500,92600,2900,19700,24900,6100,7700,20000,60000,600,300,2100,91600,91500,91400,91300,91200,91100,91000,90900,90800,90700,7700,47800,17500,36400,11300,39800,20100,35900,13200,29300,97000,89800,2280900,459700,0,0,0,0,0,
000050.SZ,000050,20251209,93236000,91600,2900,26564,1276,0,,,1028500,9449832,92200,91500,92100,92300,91800,91900,92000,92100,92200,92300,92400,92500,92600,92700,17400,24900,6100,7700,20000,60000,600,300,2100,7500,91600,91500,91400,91300,91200,91100,91000,90900,90800,90700,20600,49800,17500,36400,11300,39800,20100,35900,13200,29300,97000,89900,2276200,475200,0,0,0,0,0,
000050.SZ,000050,20251209,93239000,91600,3700,33897,1287,0,,,1032200,9483729,92200,91500,92100,92300,91700,91800,91900,92000,92100,92200,92300,92400,92500,92600,2500,18800,24900,6100,7700,20000,60000,600,300,2100,91600,91500,91400,91300,91200,91100,91000,90900,90800,90700,21200,49800,17500,35900,11300,40700,20700,35900,18800,29300,97000,89900,2280600,482700,0,0,0,0,0,
000050.SZ,000050,20251209,93242000,91600,7500,68707,1296,0,,,1039700,9552436,92200,91500,92100,92300,91700,91800,91900,92000,92100,92200,92300,92400,92500,92600,3000,18800,24900,4600,7700,20000,60000,600,300,2100,91600,91500,91400,91300,91200,91100,91000,90900,90800,90700,14400,57600,17500,35900,11300,40700,20700,35900,18800,29300,97000,89900,2281300,485600,0,0,0,0,0,
000050.SZ,000050,20251209,93245000,91700,10200,93537,1304,0,,,1049900,9645973,92200,91500,92100,92300,91800,91900,92000,92100,92200,92300,92400,92500,92600,92700,18500,24900,4600,7700,20000,60000,600,300,2100,7500,91700,91600,91500,91400,91300,91200,91100,91000,90900,90800,10100,45600,60600,17500,35900,11300,40700,20700,35900,18800,97000,90000,2280300,529900,0,0,0,0,0,
000050.SZ,000050,20251209,93248000,91800,2500,22944,1313,0,,,1052400,9668917,92200,91500,92100,92300,91800,91900,92000,92100,92200,92300,92400,92500,92600,92700,15500,24900,4600,13900,20000,60000,600,300,2100,7500,91700,91600,91500,91400,91300,91200,91100,91000,90900,90800,10800,46900,66600,17500,35900,11300,40700,20700,35900,18800,97000,90100,2283500,565900,0,0,0,0,0,
000050.SZ,000050,20251209,93251000,91800,9000,82553,1334,0,,,1061400,9751470,92200,91500,92100,92300,91800,91900,92000,92100,92200,92300,92400,92500,92600,92700,13200,18000,4600,13900,20000,60000,600,300,2100,7500,91700,91600,91500,91400,91300,91200,91100,91000,90900,90800,14300,48500,66800,17500,35900,11300,40700,20700,35900,18800,97100,90100,2275900,571700,0,0,0,0,0,
000050.SZ,000050,20251209,93254000,91600,23000,210853,1349,0,,,1084400,9962323,92200,91500,92100,92300,91700,91800,91900,92000,92100,92200,92300,92400,92500,92600,500,16100,18000,4600,13900,20000,60000,600,300,2100,91600,91500,91400,91300,91200,91100,91000,90900,90800,90700,42300,66800,17500,35900,13300,40700,21700,35900,18800,29300,97000,90000,2279800,554200,0,0,0,0,0,
000050.SZ,000050,20251209,93257000,91700,3500,32085,1360,0,,,1087900,9994408,92200,91500,92100,92300,91700,91800,91900,92000,92100,92200,92300,92400,92500,92600,8800,15500,9000,4600,13900,20000,60000,600,300,2100,91600,91500,91400,91300,91200,91100,91000,90900,90800,90700,41400,68100,16500,37900,13300,40700,21700,35900,18800,29300,97000,90000,2279100,555600,0,0,0,0,0,
000050.SZ,000050,20251209,93300000,91700,9100,83447,1369,0,,,1097000,10077855,92200,91500,92100,92300,91800,91900,92000,92100,92200,92300,92400,92500,92600,92700,15500,9000,4600,13900,20000,60000,600,300,2100,7500,91600,91500,91400,91300,91200,91100,91000,90900,90800,90700,41400,68300,16500,39800,13300,44500,21700,35900,18800,29300,97100,90000,2249600,561500,0,0,0,0,0,
000050.SZ,000050,20251209,93303000,91600,2800,25654,1375,0,,,1099800,10103509,92200,91500,92100,92300,91800,91900,92000,92100,92200,92300,92400,92500,92600,92700,15500,9000,4600,13900,20000,60000,600,300,2100,7500,91600,91500,91400,91300,91200,91100,91000,90900,90800,90700,50500,68300,16500,39800,13300,44500,24700,36500,18800,29300,97100,90100,2249600,576200,0,0,0,0,0,
000050.SZ,000050,20251209,93306000,91900,15900,145966,1387,0,,,1115700,10249475,92200,91500,92100,92300,91900,92000,92100,92200,92300,92400,92500,92600,92700,92800,8400,4600,13900,20000,60000,600,300,2100,7500,22500,91800,91700,91600,91500,91400,91300,91200,91100,91000,90900,3300,1900,54800,75300,16500,39800,13300,44500,24700,36500,97100,90100,2235500,592700,0,0,0,0,0,
000050.SZ,000050,20251209,93309000,91800,5000,45904,1398,0,,,1120700,10295379,92200,91500,92100,92300,91800,91900,92000,92100,92200,92300,92400,92500,92600,92700,3200,8600,4600,15600,20000,60000,600,300,2100,7500,91700,91600,91500,91400,91300,91200,91100,91000,90900,90800,3300,57800,75800,16500,41800,13300,44500,25100,36500,18800,97100,90100,2240600,596700,0,0,0,0,0,
000050.SZ,000050,20251209,93312000,91600,4200,38505,1405,0,,,1124900,10333884,92200,91500,92100,92300,91800,91900,92000,92100,92200,92300,92400,92500,92600,92700,6800,8600,4600,15600,20000,60000,600,300,2100,7500,91700,91600,91500,91400,91300,91200,91100,91000,90900,90800,2800,57200,75800,27000,42300,13300,44500,25100,36500,18800,97100,90100,2244200,606600,0,0,0,0,0,
000050.SZ,000050,20251209,93315000,91800,7300,67014,1411,0,,,1132200,10400898,92200,91500,92100,92300,91900,92000,92100,92200,92300,92400,92500,92600,92700,92800,10200,4600,13900,20000,60000,600,300,2100,7500,22500,91800,91700,91600,91500,91400,91300,91200,91100,91000,90900,2700,3500,57200,75800,27000,42300,13300,45500,25200,36500,97100,90200,2237300,613600,0,0,0,0,0,
000050.SZ,000050,20251209,93318000,91800,3000,27547,1418,0,,,1135200,10428445,92200,91500,92100,92300,91900,92000,92100,92200,92300,92400,92500,92600,92700,92800,11900,4600,13900,20000,60000,600,300,2100,7500,22500,91800,91700,91600,91500,91400,91300,91200,91100,91000,90900,13700,3500,42200,76100,27000,42300,13300,45500,25200,36500,97100,90100,2239000,609900,0,0,0,0,0,
000050.SZ,000050,20251209,93321000,91800,2400,22036,1423,0,,,1137600,10450481,92200,91500,92100,92300,91900,92000,92100,92200,92300,92400,92500,92600,92700,92800,10200,4600,15800,20000,60000,600,300,2100,7500,22500,91800,91700,91600,91500,91400,91300,91200,91100,91000,90900,12000,5500,42200,76100,27000,42300,13300,45500,26200,36500,97100,90200,2247500,611200,0,0,0,0,0,
000050.SZ,000050,20251209,93324000,91900,2100,19299,1436,0,,,1139700,10469780,92200,91500,92100,92300,91900,92000,92100,92200,92300,92400,92500,92600,92700,92800,8500,6500,13900,20000,60000,600,300,2100,7500,22500,91800,91700,91600,91500,91400,91300,91200,91100,91000,90900,12000,25500,44200,76100,27000,42300,13500,45500,26200,36500,97100,90200,2257700,634400,0,0,0,0,0,
000050.SZ,000050,20251209,93327000,91900,100,919,1437,0,,,1139800,10470699,92200,91500,92100,92300,91900,92000,92100,92200,92300,92400,92500,92600,92700,92800,10400,6500,13900,20000,60000,600,2400,2100,7500,22500,91800,91700,91600,91500,91400,91300,91200,91100,91000,90900,12700,26500,44200,84700,28000,42100,13500,45500,26200,36500,97100,90200,2261700,646000,0,0,0,0,0,
000050.SZ,000050,20251209,93330000,91800,400,3672,1438,0,,,1140200,10474371,92200,91500,92100,92300,91900,92000,92100,92200,92300,92400,92500,92600,92700,92800,10400,6500,13900,20000,60000,600,2400,2100,7500,22500,91800,91700,91600,91500,91400,91300,91200,91100,91000,90900,15800,35500,44700,89600,28000,42100,13500,45500,26200,36500,97100,90300,2262700,673500,0,0,0,0,0,
000050.SZ,000050,20251209,93333000,91800,4400,40394,1441,0,,,1144600,10514765,92200,91500,92100,92300,91900,92000,92100,92200,92300,92400,92500,92600,92700,92800,7800,6500,13900,20000,60000,600,2400,2100,7500,22500,91800,91700,91600,91500,91400,91300,91200,91100,91000,90900,9500,35500,46200,90100,28000,42100,13500,45500,26200,36500,97100,90300,2260100,669200,0,0,0,0,0,
000050.SZ,000050,20251209,93336000,91800,2800,25730,1452,0,,,1147400,10540495,92200,91500,92100,92300,91900,92000,92100,92200,92300,92400,92500,92600,92700,92800,5200,4600,15900,20000,60000,600,2400,2100,7500,22500,91800,91700,91600,91500,91400,91300,91200,91100,91000,90900,9700,35500,52200,91100,28000,42100,13500,45500,35000,36500,97100,90300,2258600,685200,0,0,0,0,0,
000050.SZ,000050,20251209,93339000,91900,9500,87262,1468,0,,,1156900,10627757,92200,91500,92100,92300,91900,92000,92100,92200,92300,92400,92500,92600,92700,92800,2000,4600,15900,20000,60000,600,2400,2100,7500,22500,91800,91700,91600,91500,91400,91300,91200,91100,91000,90900,6500,35500,49800,91100,28000,42100,13500,45500,35000,36500,97100,90300,2255400,679600,0,0,0,0,0,
000050.SZ,000050,20251209,93342000,91900,5400,49605,1480,0,,,1162300,10677362,92200,91500,92100,92300,91900,92000,92100,92200,92300,92400,92500,92600,92700,92800,2200,4600,15900,20000,60000,600,2400,2100,7500,22500,91800,91700,91600,91500,91400,91300,91200,91100,91000,90900,4800,35500,50900,93100,28000,42100,13500,45500,35000,36500,97100,90300,2255600,683500,0,0,0,0,0,
000050.SZ,000050,20251209,93345000,91800,2200,20202,1487,0,,,1164500,10697564,92200,91500,92100,92300,91900,92000,92100,92200,92300,92400,92500,92600,92700,92800,10500,3100,15900,20000,60000,600,2400,2100,7500,22500,91800,91700,91600,91500,91400,91300,91200,91100,91000,90900,3800,35500,50900,93100,28000,42100,13500,45500,35000,36500,97100,90300,2264400,682600,0,0,0,0,0,
000050.SZ,000050,20251209,93348000,91800,2700,24786,1495,0,,,1167200,10722350,92200,91500,92100,92300,91900,92000,92100,92200,92300,92400,92500,92600,92700,92800,22400,3100,15900,20000,60000,400,2400,2100,7500,22500,91800,91700,91600,91500,91400,91300,91200,91100,91000,90900,8700,38000,50900,95200,28000,42100,13500,45500,35000,36500,97100,90300,2279100,692100,0,0,0,0,0,
000050.SZ,000050,20251209,93351000,91800,1700,15612,1505,0,,,1168900,10737962,92200,91500,92100,92300,91900,92000,92100,92200,92300,92400,92500,92600,92700,92800,24700,3200,13900,20000,60000,400,2400,2100,7500,22500,91800,91700,91600,91500,91400,91300,91200,91100,91000,90900,18100,38000,51000,95200,28000,42100,13500,45500,35000,36500,97100,90300,2284500,701600,0,0,0,0,0,
000050.SZ,000050,20251209,93354000,91900,12100,111079,1514,0,,,1181000,10849041,92200,91500,92100,92300,91900,92000,92100,92200,92300,92400,92500,92600,92700,92800,24600,3200,13900,20000,60000,400,2400,2100,7500,22500,91800,91700,91600,91500,91400,91300,91200,91100,91000,90900,12800,39000,51000,96300,28000,42100,13500,45500,35000,37700,97100,90300,2285400,699600,0,0,0,0,0,
000050.SZ,000050,20251209,93357000,91800,1400,12855,1516,0,,,1182400,10861896,92200,91500,92100,92300,91900,92000,92100,92200,92300,92400,92500,92600,92700,92800,27500,3200,24900,20000,60000,400,2400,2100,7500,22500,91800,91700,91600,91500,91400,91300,91200,91100,91000,90900,12700,39300,56000,96300,28000,42100,13500,45500,36000,37700,97100,90300,2300300,705800,0,0,0,0,0,
000050.SZ,000050,20251209,93400000,91800,14800,136010,1521,0,,,1197200,10997906,92200,91500,92100,92300,91900,92000,92100,92200,92300,92400,92500,92600,92700,92800,13600,3900,24900,20000,60000,400,2400,2100,7500,22500,91800,91700,91600,91500,91400,91300,91200,91100,91000,90900,16700,39400,56000,96300,28000,42100,13500,45500,35000,37700,97100,90300,2287100,709300,0,0,0,0,0,
000050.SZ,000050,20251209,93403000,91800,6700,61532,1529,0,,,1203900,11059438,92200,91500,92100,92300,91900,92000,92100,92200,92300,92400,92500,92600,92700,92800,5500,6400,24900,20000,60000,400,2400,2100,7500,22500,91800,91700,91600,91500,91400,91300,91200,91100,91000,90900,31900,39400,59100,96300,28000,42100,13500,45500,35000,37700,97100,90400,2281500,727600,0,0,0,0,0,
000050.SZ,000050,20251209,93406000,91900,7300,67087,1539,0,,,1211200,11126525,92200,91500,92100,92300,92000,92100,92200,92300,92400,92500,92600,92700,92800,92900,6400,24900,20000,60000,400,2400,2100,7500,22500,38900,91900,91800,91700,91600,91500,91400,91300,91200,91100,91000,41700,32000,39400,59100,96300,28000,42100,13500,45500,35000,97100,90400,2276000,769400,0,0,0,0,0,
000050.SZ,000050,20251209,93409000,91900,9200,84553,1543,0,,,1220400,11211078,92200,91500,92100,92300,92000,92100,92200,92300,92400,92500,92600,92700,92800,92900,3500,27900,20000,60000,400,2400,2100,7500,22500,38900,91900,91800,91700,91600,91500,91400,91300,91200,91100,91000,34900,32000,39400,59100,97500,28000,42100,13500,45500,35000,97100,90400,2276100,763800,0,0,0,0,0,
000050.SZ,000050,20251209,93412000,91900,2600,23897,1551,0,,,1223000,11234975,92200,91500,92100,92300,92000,92100,92200,92300,92400,92500,92600,92700,92800,92900,15100,29500,20000,60000,400,2400,2100,7500,22500,38900,91900,91800,91700,91600,91500,91400,91300,91200,91100,91000,32600,32000,39800,59100,97500,28000,42100,13500,45500,35000,97100,90400,2289300,761900,0,0,0,0,0,
000050.SZ,000050,20251209,93415000,92000,15400,141680,1584,0,,,1238400,11376655,92200,91500,92100,92300,92000,92100,92200,92300,92400,92500,92600,92700,92800,92900,1000,31000,20000,60000,400,2400,2100,7500,22500,38900,91900,91800,91700,91600,91500,91400,91300,91200,91100,91000,35600,32000,40700,59100,97500,28000,42100,13500,45500,35000,97200,90400,2379700,765800,0,0,0,0,0,
000050.SZ,000050,20251209,93418000,91900,6100,56081,1595,0,,,1244500,11432736,92200,91500,92100,92300,92000,92100,92200,92300,92400,92500,92600,92700,92800,92900,6600,30400,20000,60000,400,2400,2100,7500,22500,38900,91900,91800,91700,91600,91500,91400,91300,91200,91100,91000,34900,32000,40700,59100,97600,28000,42100,13500,45500,35000,97200,90400,2383600,765200,0,0,0,0,0,
000050.SZ,000050,20251209,93421000,92000,7600,69920,1606,0,,,1252100,11502656,92200,91500,92100,92300,92100,92200,92300,92400,92500,92600,92700,92800,92900,93000,36400,20000,60000,400,2400,2100,7500,22500,38900,70600,92000,91900,91800,91700,91600,91500,91400,91300,91200,91100,500,34900,32000,40700,59100,97600,28000,42100,13500,45500,97200,90400,2395400,765700,0,0,0,0,0,
000050.SZ,000050,20251209,93424000,91900,16600,152572,1617,0,,,1268700,11655228,92200,91500,92100,92300,92000,92100,92200,92300,92400,92500,92600,92700,92800,92900,2900,34600,20000,60100,400,2400,2100,7500,22500,38900,91900,91800,91700,91600,91500,91400,91300,91200,91100,91000,26500,32900,40700,59100,97600,28000,42100,13500,45500,35000,97200,90400,2396600,757700,0,0,0,0,0,
000050.SZ,000050,20251209,93427000,92000,13600,125093,1638,0,,,1282300,11780321,92200,91500,92100,92300,92000,92100,92200,92300,92400,92500,92600,92700,92800,92900,4000,30400,20000,60100,400,2400,2100,7500,22500,38900,91900,91800,91700,91600,91500,91400,91300,91200,91100,91000,23500,33900,38700,56100,97600,28000,42100,13500,45500,35000,97200,90400,2394500,751500,0,0,0,0,0,
000050.SZ,000050,20251209,93430000,91900,14100,129679,1648,0,,,1296400,11910000,92200,91500,92100,92300,92000,92100,92200,92300,92400,92500,92600,92700,92800,92900,13200,28200,20000,60100,400,2400,2100,7500,22500,38900,91900,91800,91700,91600,91500,91400,91300,91200,91100,91000,19200,33900,41700,56100,97100,28000,42100,13500,45500,34900,97200,90400,2401700,749600,0,0,0,0,0,
000050.SZ,000050,20251209,93433000,92000,3200,29440,1653,0,,,1299600,11939440,92200,91500,92100,92300,92000,92100,92200,92300,92400,92500,92600,92700,92800,92900,10800,28200,20000,60100,400,2400,2100,7500,22500,38900,91900,91800,91700,91600,91500,91400,91300,91200,91100,91000,19200,33900,41700,56100,97100,28000,42100,13500,45000,34900,97200,90400,2403400,749100,0,0,0,0,0,
000050.SZ,000050,20251209,93436000,91900,6600,60654,1658,0,,,1306200,12000094,92200,91500,92100,92300,92000,92100,92200,92300,92400,92500,92600,92700,92800,92900,11200,28200,20000,60100,400,2400,2100,7500,22500,38900,91900,91800,91700,91600,91500,91400,91300,91200,91100,91000,20200,33900,41700,56100,97100,28000,41100,13500,45000,34900,97200,90400,2403800,749600,0,0,0,0,0,
000050.SZ,000050,20251209,93439000,92000,1100,10120,1661,0,,,1307300,12010214,92200,91500,92100,92300,92000,92100,92200,92300,92400,92500,92600,92700,92800,92900,12000,28200,20000,60100,400,2400,2100,7500,22500,38900,91900,91800,91700,91600,91500,91400,91300,91200,91100,91000,21800,33900,44800,53000,97100,28000,41100,13500,45000,34900,97200,90400,2405000,751200,0,0,0,0,0,
000050.SZ,000050,20251209,93442000,91900,1700,15623,1665,0,,,1309000,12025837,92200,91500,92100,92300,92000,92100,92200,92300,92400,92500,92600,92700,92800,92900,14000,28200,20000,60100,400,2400,2100,7500,22500,38900,91900,91800,91700,91600,91500,91400,91300,91200,91100,91000,20000,33900,44800,51900,98700,28000,41100,13500,45000,34900,97200,90400,2407000,750900,0,0,0,0,0,
000050.SZ,000050,20251209,93445000,92000,6000,55200,1675,0,,,1315000,12081037,92200,91500,92100,92300,92000,92100,92200,92300,92400,92500,92600,92700,92800,92900,8000,27700,20000,60100,400,2400,2100,7500,22500,38900,91900,91800,91700,91600,91500,91400,91300,91200,91100,91000,21000,34400,44800,52900,104900,29000,41100,13500,45000,34900,97200,90400,2400500,760600,0,0,0,0,0,
000050.SZ,000050,20251209,93448000,92000,1300,11960,1681,0,,,1316300,12092997,92200,91500,92100,92300,92000,92100,92200,92300,92400,92500,92600,92700,92800,92900,8500,27700,20000,60100,400,2400,2100,7500,22500,39400,91900,91800,91700,91600,91500,91400,91300,91200,91100,91000,21900,36500,44800,52900,104900,29000,41100,13500,45000,34900,97200,90400,2403500,763600,0,0,0,0,0,
000050.SZ,000050,20251209,93451000,91900,1800,16542,1683,0,,,1318100,12109539,92200,91500,92100,92300,92000,92100,92200,92300,92400,92500,92600,92700,92800,92900,7100,27700,20000,60100,400,2400,2100,7500,22500,39400,91900,91800,91700,91600,91500,91400,91300,91200,91100,91000,20100,36500,44800,52900,104900,29000,41100,13500,45000,34900,97200,90400,2402100,761800,0,0,0,0,0,
000050.SZ,000050,20251209,93454000,92000,2900,26679,1686,0,,,1321000,12136218,92200,91500,92100,92300,92000,92100,92200,92300,92400,92500,92600,92700,92800,92900,3000,27700,20000,60100,400,2400,2100,7500,22500,39400,91900,91800,91700,91600,91500,91400,91300,91200,91100,91000,37100,36500,44800,52900,104900,29000,41100,13500,45000,34900,97200,90400,2398100,778800,0,0,0,0,0,
000050.SZ,000050,20251209,93457000,91900,3700,34009,1690,0,,,1324700,12170227,92200,91500,92100,92300,92000,92100,92200,92300,92400,92500,92600,92700,92800,92900,5700,27700,20000,60100,400,2400,2100,7500,22500,39400,91900,91800,91700,91600,91500,91400,91300,91200,91100,91000,35100,45700,45700,52900,104900,29000,41100,13500,45000,34900,97200,90500,2401700,787900,0,0,0,0,0,
000050.SZ,000050,20251209,93500000,92000,1600,14720,1697,0,,,1326300,12184947,92200,91500,92100,92300,92000,92100,92200,92300,92400,92500,92600,92700,92800,92900,4500,27700,20000,60100,400,2400,2100,7500,22500,39400,91900,91800,91700,91600,91500,91400,91300,91200,91100,91000,35100,55800,43100,52900,104900,29000,41100,12500,45000,34900,97200,90500,2400500,794400,0,0,0,0,0,
000050.SZ,000050,20251209,93503000,91900,22000,202225,1723,0,,,1348300,12387172,92200,91500,92100,92300,92000,92100,92200,92300,92400,92500,92600,92700,92800,92900,20200,27700,20000,60100,400,2400,2100,7500,22500,39400,91900,91800,91700,91600,91500,91400,91300,91200,91100,91000,20000,55800,43200,52900,101900,29000,41100,12500,45000,34900,97200,90400,2416300,776700,0,0,0,0,0,
000050.SZ,000050,20251209,93506000,92000,3400,31279,1736,0,,,1351700,12418451,92200,91500,92100,92300,92000,92100,92200,92300,92400,92500,92600,92700,92800,92900,31700,27700,20000,60100,400,2400,2100,7500,22500,39400,91900,91800,91700,91600,91500,91400,91300,91200,91100,91000,19900,55800,43200,52900,101900,29000,41100,12500,45000,34900,97100,90400,2430800,776600,0,0,0,0,0,
000050.SZ,000050,20251209,93509000,92000,2700,24833,1740,0,,,1354400,12443284,92200,91500,92100,92300,92000,92100,92200,92300,92400,92500,92600,92700,92800,92900,38400,24700,20000,59900,3400,2400,2100,7500,22500,39400,91900,91800,91700,91600,91500,91400,91300,91200,91100,91000,19300,53400,43200,52900,101900,29000,41100,15500,45000,34900,97100,90400,2437300,776600,0,0,0,0,0,
000050.SZ,000050,20251209,93512000,91900,15900,146124,1746,0,,,1370300,12589408,92200,91500,92100,92300,92000,92100,92200,92300,92400,92500,92600,92700,92800,92900,26200,24700,20200,59800,3400,2400,2100,7500,22500,39400,91900,91800,91700,91600,91500,91400,91300,91200,91100,91000,7300,51400,43200,52900,95700,29000,41100,15500,45000,34900,97100,90400,2425200,756400,0,0,0,0,0,
000050.SZ,000050,20251209,93515000,92000,9400,86463,1756,0,,,1379700,12675871,92200,91500,92100,92300,92000,92100,92200,92300,92400,92500,92600,92700,92800,92900,19500,24700,20300,59800,3600,2400,2100,7500,22500,39400,91900,91800,91700,91600,91500,91400,91300,91200,91100,91000,6600,45400,43200,52900,95700,29000,41100,15500,45000,34900,97200,90400,2418800,749700,0,0,0,0,0,
000050.SZ,000050,20251209,93518000,92000,3300,30348,1766,0,,,1383000,12706219,92200,91500,92100,92300,92000,92100,92200,92300,92400,92500,92600,92700,92800,92900,38600,24700,20300,59800,3600,2400,2100,7500,22500,39400,91900,91800,91700,91600,91500,91400,91300,91200,91100,91000,9600,51300,43200,52900,95700,29000,41100,15500,45000,34900,97100,90400,2437900,758600,0,0,0,0,0,
000050.SZ,000050,20251209,93521000,91900,9700,89143,1781,0,,,1392700,12795362,92200,91500,92100,92300,91900,92000,92100,92200,92300,92400,92500,92600,92700,92800,3900,34100,24700,20300,59800,3600,2400,2100,7500,22500,91800,91700,91600,91500,91400,91300,91200,91100,91000,90900,54300,43200,59600,95700,29000,40400,15500,45000,34900,39700,97100,90400,2437300,758000,0,0,0,0,0,
000050.SZ,000050,20251209,93524000,91900,1400,12866,1786,0,,,1394100,12808228,92200,91500,92100,92300,91900,92000,92100,92200,92300,92400,92500,92600,92700,92800,4600,43400,24700,20300,59800,3600,2400,2100,7500,22500,91800,91700,91600,91500,91400,91300,91200,91100,91000,90900,54500,43200,59600,95700,29000,40400,15500,45000,34900,39700,97100,90400,2452500,758200,0,0,0,0,0,
000050.SZ,000050,20251209,93527000,91900,5500,50534,1802,0,,,1399600,12858762,92200,91500,92100,92300,92000,92100,92200,92300,92400,92500,92600,92700,92800,92900,43500,24700,20300,59800,3600,2400,2100,7500,22500,39400,91900,91800,91700,91600,91500,91400,91300,91200,91100,91000,700,55900,43200,59600,97200,29000,40400,15500,45000,34900,97100,90400,2448500,761800,0,0,0,0,0,
000050.SZ,000050,20251209,93530000,91900,400,3679,1805,0,,,1400000,12862441,92200,91500,92100,92300,92000,92100,92200,92300,92400,92500,92600,92700,92800,92900,43200,24700,20300,59800,3600,2400,2100,7500,22500,39400,91900,91800,91700,91600,91500,91400,91300,91200,91100,91000,9100,56200,43200,59600,97200,29000,40400,15500,45000,34900,97100,90400,2448200,771000,0,0,0,0,0,
000050.SZ,000050,20251209,93533000,91900,9400,86386,1816,0,,,1409400,12948827,92200,91500,92100,92300,92000,92100,92200,92300,92400,92500,92600,92700,92800,92900,45200,24700,20300,59800,3600,2400,2100,7500,22500,39400,91900,91800,91700,91600,91500,91400,91300,91200,91100,91000,200,56200,43200,61600,97200,29000,40400,15500,45000,34900,97100,90400,2455700,764100,0,0,0,0,0,
000050.SZ,000050,20251209,93536000,91800,3000,27565,1830,0,,,1412400,12976392,92200,91500,92100,92300,91900,92000,92100,92200,92300,92400,92500,92600,92700,92800,1000,46400,24700,20300,59800,3600,2400,2100,7500,22500,91800,91700,91600,91500,91400,91300,91200,91100,91000,90900,57400,43700,61600,90100,29000,40400,15500,45000,34900,39700,97100,90400,2463200,758500,0,0,0,0,0,
000050.SZ,000050,20251209,93539000,92000,26300,241894,1856,0,,,1438700,13218286,92200,91500,92100,92300,92000,92100,92200,92300,92400,92500,92600,92700,92800,92900,14300,24700,20300,59800,3600,2400,2100,7500,22500,44700,91900,91800,91700,91600,91500,91400,91300,91200,91100,91000,7200,57200,43700,61600,90100,29000,40400,15500,45000,34900,97200,90400,2430100,769500,0,0,0,0,0,
000050.SZ,000050,20251209,93542000,91900,5000,45966,1869,0,,,1443700,13264252,92200,91500,92100,92300,92000,92100,92200,92300,92400,92500,92600,92700,92800,92900,13800,24700,20700,59800,3600,2400,2100,7500,12500,44700,91900,91800,91700,91600,91500,91400,91300,91200,91100,91000,14500,57200,43700,61600,90100,29000,40400,15500,45000,34900,97200,90400,2420000,777100,0,0,0,0,0,
000050.SZ,000050,20251209,93545000,92000,2800,25760,1876,0,,,1446500,13290012,92200,91500,92100,92300,92000,92100,92200,92300,92400,92500,92600,92700,92800,92900,11300,24700,20700,59800,3600,2400,2100,7500,12500,44700,91900,91800,91700,91600,91500,91400,91300,91200,91100,91000,16000,57200,43700,64600,94400,29000,40400,15500,45000,34900,97200,90500,2417500,790900,0,0,0,0,0,
000050.SZ,000050,20251209,93548000,91900,3400,31259,1883,0,,,1449900,13321271,92200,91500,92100,92300,92000,92100,92200,92300,92400,92500,92600,92700,92800,92900,19100,24700,20800,59800,3600,2400,2100,7500,12500,44700,91900,91800,91700,91600,91500,91400,91300,91200,91100,91000,18100,57600,44700,64600,94900,29000,40400,15500,45000,34900,97200,90500,2425400,794900,0,0,0,0,0,
000050.SZ,000050,20251209,93551000,91900,400,3679,1885,0,,,1450300,13324950,92200,91500,92100,92300,92000,92100,92200,92300,92400,92500,92600,92700,92800,92900,12200,24700,20800,59800,3600,2400,2100,7500,12500,44700,91900,91800,91700,91600,91500,91400,91300,91200,91100,91000,19500,57600,44700,64600,94900,29000,40400,15500,45000,34900,97200,90500,2425100,796300,0,0,0,0,0,
000050.SZ,000050,20251209,93554000,91900,9400,86386,1889,0,,,1459700,13411336,92200,91500,92100,92300,92000,92100,92200,92300,92400,92500,92600,92700,92800,92900,12300,24700,20800,59800,3600,2400,1600,7500,12500,44700,91900,91800,91700,91600,91500,91400,91300,91200,91100,91000,13000,57600,43200,64700,94900,29000,40400,15500,45000,34900,97200,90400,2429700,788400,0,0,0,0,0,
000050.SZ,000050,20251209,93557000,92000,2400,22070,1895,0,,,1462100,13433406,92200,91500,92100,92300,92000,92100,92200,92300,92400,92500,92600,92700,92800,92900,12000,24700,20800,59800,3600,2400,1600,7500,12500,44700,91900,91800,91700,91600,91500,91400,91300,91200,91100,91000,16200,57600,43200,64700,95100,29000,40400,15500,45000,34900,97200,90500,2429400,793000,0,0,0,0,0,
000050.SZ,000050,20251209,93600000,92000,0,0,1895,0,,,1462100,13433406,92200,91500,92100,92300,92000,92100,92200,92300,92400,92500,92600,92700,92800,92900,13200,24700,20800,59800,3600,2400,1600,7500,12500,44700,91900,91800,91700,91600,91500,91400,91300,91200,91100,91000,14400,57600,42200,65200,95100,29000,40400,15500,45000,34900,97200,90400,2433800,790700,0,0,0,0,0,
000050.SZ,000050,20251209,93603000,92000,7900,72680,1910,0,,,1470000,13506086,92200,91500,92100,92300,92000,92100,92200,92300,92400,92500,92600,92700,92800,92900,6000,24700,20800,59800,3600,2400,1600,7500,12500,44700,91900,91800,91700,91600,91500,91400,91300,91200,91100,91000,14400,57600,42200,65200,95100,29000,40400,15500,45000,34900,97200,90400,2426600,790700,0,0,0,0,0,
000050.SZ,000050,20251209,93606000,91900,12100,111201,1924,0,,,1482100,13617287,92200,91500,92100,92300,92000,92100,92200,92300,92400,92500,92600,92700,92800,92900,6600,24700,20800,59800,3600,2400,1600,7500,12500,44700,91900,91800,91700,91600,91500,91400,91300,91200,91100,91000,2800,57600,42200,65200,95100,29000,41400,15500,45000,34900,97200,90400,2443400,780100,0,0,0,0,0,
000050.SZ,000050,20251209,93609000,91900,2100,19302,1929,0,,,1484200,13636589,92200,91500,92100,92300,92000,92100,92200,92300,92400,92500,92600,92700,92800,92900,9900,24700,20800,59800,3600,2400,1600,7500,12500,44700,91900,91800,91700,91600,91500,91400,91300,91200,91100,91000,2400,59500,42200,65200,95100,30000,41400,15500,45000,34900,97200,90400,2446700,782600,0,0,0,0,0,
000050.SZ,000050,20251209,93612000,91800,3100,28482,1936,0,,,1487300,13665071,92200,91500,92100,92300,91900,92000,92100,92200,92300,92400,92500,92600,92700,92800,1200,14500,24700,20800,59800,3600,2400,1600,7500,12500,91800,91700,91600,91500,91400,91300,91200,91100,91000,90900,58800,42200,65200,95600,30000,41400,15500,45000,34900,43700,97200,90400,2452500,780500,0,0,0,0,0,
000050.SZ,000050,20251209,93615000,91800,0,0,1936,0,,,1487300,13665071,92200,91500,92100,92300,91900,92000,92100,92200,92300,92400,92500,92600,92700,92800,8300,15800,24700,20800,59800,3600,2400,1600,7500,12500,91800,91700,91600,91500,91400,91300,91200,91100,91000,90900,57800,47400,65200,95600,30000,41400,15500,45000,34900,43700,97200,90400,2460900,784700,0,0,0,0,0,
000050.SZ,000050,20251209,93618000,91900,9700,89096,1944,0,,,1497000,13754167,92200,91500,92100,92300,91900,92000,92100,92200,92300,92400,92500,92600,92700,92800,15000,9700,24700,20800,59800,3600,2400,1600,7500,12500,91800,91700,91600,91500,91400,91300,91200,91100,91000,90900,52900,47400,65200,95700,30000,41400,15500,45000,34900,43700,97200,90400,2461800,780900,0,0,0,0,0,
000050.SZ,000050,20251209,93621000,91900,4000,36742,1956,0,,,1501000,13790909,92200,91500,92100,92300,91900,92000,92100,92200,92300,92400,92500,92600,92700,92800,14100,9700,24700,20800,59800,3600,2400,1600,7500,12500,91800,91700,91600,91500,91400,91300,91200,91100,91000,90900,52700,47400,65200,95700,30000,41400,15500,45000,34900,43700,97200,90400,2462900,780700,0,0,0,0,0,
000050.SZ,000050,20251209,93624000,91900,0,0,1956,0,,,1501000,13790909,92200,91500,92100,92300,91900,92000,92100,92200,92300,92400,92500,92600,92700,92800,17400,9700,24700,20800,60300,3600,2400,1600,7500,12500,91800,91700,91600,91500,91400,91300,91200,91100,91000,90900,52700,47400,65200,95700,30000,41400,15500,45000,34900,43700,97200,90400,2466700,780700,0,0,0,0,0,
000050.SZ,000050,20251209,93627000,91900,5700,52358,1968,0,,,1506700,13843267,92200,91500,92100,92300,91900,92000,92100,92200,92300,92400,92500,92600,92700,92800,13600,9700,24700,20800,60300,3600,2400,1600,7500,12500,91800,91700,91600,91500,91400,91300,91200,91100,91000,90900,50200,47400,65200,101100,32000,41400,15500,45000,34900,43700,97200,90400,2462900,785600,0,0,0,0,0,
000050.SZ,000050,20251209,93630000,91800,9000,82636,1973,0,,,1515700,13925903,92200,91500,92100,92300,91900,92000,92100,92200,92300,92400,92500,92600,92700,92800,12600,9700,24700,20800,60300,3600,5500,1600,7500,12500,91800,91700,91600,91500,91400,91300,91200,91100,91000,90900,52400,47400,65200,101100,32000,41400,15500,45000,34900,43700,97200,90400,2465000,788800,0,0,0,0,0,
000050.SZ,000050,20251209,93633000,91800,3300,30319,1978,0,,,1519000,13956222,92200,91500,92100,92300,91900,92000,92100,92200,92300,92400,92500,92600,92700,92800,12200,9700,24700,20800,60300,3600,5500,1600,7500,12500,91800,91700,91600,91500,91400,91300,91200,91100,91000,90900,51800,48000,65200,101100,32000,41400,15500,47000,34900,43700,97200,90400,2464600,790800,0,0,0,0,0,
000050.SZ,000050,20251209,93636000,91800,4400,40392,1981,0,,,1523400,13996614,92200,91500,92100,92300,91900,92000,92100,92200,92300,92400,92500,92600,92700,92800,12600,9700,24700,20800,60300,3600,5500,1600,7500,12500,91800,91700,91600,91500,91400,91300,91200,91100,91000,90900,47400,48000,65200,101100,32000,41400,15600,47000,34900,43700,97200,90400,2465000,786500,0,0,0,0,0,
000050.SZ,000050,20251209,93639000,91800,13500,123942,1999,0,,,1536900,14120556,92200,91500,92100,92300,91900,92000,92100,92200,92300,92400,92500,92600,92700,92800,13700,9700,24700,20800,60300,3600,5500,1600,7500,12500,91800,91700,91600,91500,91400,91300,91200,91100,91000,90900,36100,48000,61300,101100,32000,41400,15600,47000,33400,43700,97200,90400,2467900,769800,0,0,0,0,0,
000050.SZ,000050,20251209,93642000,91800,9600,88140,2011,0,,,1546500,14208696,92200,91500,92100,92300,91900,92000,92100,92200,92300,92400,92500,92600,92700,92800,13300,9300,24700,20800,60300,3600,5500,1600,7500,12500,91800,91700,91600,91500,91400,91300,91200,91100,91000,90900,28700,48000,61300,101100,32000,41400,15600,47000,33400,43700,97200,90400,2467100,762400,0,0,0,0,0,
000050.SZ,000050,20251209,93645000,91800,1600,14689,2017,0,,,1548100,14223385,92200,91500,92100,92300,91900,92000,92100,92200,92300,92400,92500,92600,92700,92800,15000,9300,24700,20800,60300,3600,5500,1600,7500,12500,91800,91700,91600,91500,91400,91300,91200,91100,91000,90900,35000,49000,61300,101100,32000,41400,15600,47000,33400,43700,97200,90400,2469100,769900,0,0,0,0,0,
000050.SZ,000050,20251209,93648000,91800,11000,100980,2028,0,,,1559100,14324365,92200,91500,92100,92300,91900,92000,92100,92200,92300,92400,92500,92600,92700,92800,11900,9300,24700,20800,60300,3600,5500,1600,7500,12500,91800,91700,91600,91500,91400,91300,91200,91100,91000,90900,25500,49000,61300,101100,32000,41400,15600,47000,33400,43700,97200,90400,2466000,762400,0,0,0,0,0,
000050.SZ,000050,20251209,93651000,91900,26800,246177,2061,0,,,1585900,14570542,92200,91500,92100,92300,91900,92000,92100,92200,92300,92400,92500,92600,92700,92800,7500,9300,24700,20800,60300,3600,5500,1600,7500,12500,91800,91700,91600,91500,91400,91300,91200,91100,91000,90900,14000,49000,61600,101200,32000,41400,15600,47500,33400,43700,97200,90400,2461800,751800,0,0,0,0,0,
000050.SZ,000050,20251209,93654000,91800,5000,45924,2076,0,,,1590900,14616466,92200,91500,92100,92300,91900,92000,92100,92200,92300,92400,92500,92600,92700,92800,6800,9300,24700,20800,60300,3600,5500,1600,7500,12500,91800,91700,91600,91500,91400,91300,91200,91100,91000,90900,11400,49400,65000,101200,32000,41400,15600,47500,33400,43700,97200,90400,2461100,753000,0,0,0,0,0,
000050.SZ,000050,20251209,93657000,91800,11600,106488,2088,0,,,1602500,14722954,92200,91500,92100,92300,91900,92000,92100,92200,92300,92400,92500,92600,92700,92800,7600,9300,24700,20800,60300,3600,5500,1600,2500,12500,91800,91700,91600,91500,91400,91300,91200,91100,91000,90900,1800,49100,65000,101200,32000,41400,15600,47500,34900,43700,97200,90300,2456900,744100,0,0,0,0,0,
000050.SZ,000050,20251209,93700000,91800,2300,21117,2095,0,,,1604800,14744071,92200,91500,92100,92300,91900,92000,92100,92200,92300,92400,92500,92600,92700,92800,12200,9300,24700,20800,60300,3600,5500,1600,2500,11400,91800,91700,91600,91500,91400,91300,91200,91100,91000,90900,8200,49700,65400,101200,32000,41400,15600,47500,34900,43700,97200,90400,2460400,751500,0,0,0,0,0,
000050.SZ,000050,20251209,93703000,91800,8400,77112,2107,0,,,1613200,14821183,92200,91500,92100,92300,91900,92000,92100,92200,92300,92400,92500,92600,92700,92800,6900,9300,24700,20800,60300,3600,5500,1600,2500,11400,91800,91700,91600,91500,91400,91300,91200,91100,91000,90900,1600,49700,65400,101200,32000,41400,15600,47500,34900,43700,97200,90300,2455100,745400,0,0,0,0,0,
000050.SZ,000050,20251209,93706000,91700,29900,274506,2148,0,,,1643100,15095689,92200,91500,92100,92300,91900,92000,92100,92200,92300,92400,92500,92600,92700,92800,1100,9000,24700,20800,60300,3600,5500,1600,2500,11400,91700,91600,91500,91400,91300,91200,91100,91000,90900,90800,51400,65400,101200,32000,41400,15600,47500,34900,43700,21600,97200,90300,2447200,744500,0,0,0,0,0,
000050.SZ,000050,20251209,93709000,91800,100,918,2149,0,,,1643200,15096607,92200,91500,92100,92300,91900,92000,92100,92200,92300,92400,92500,92600,92700,92800,3100,9000,24700,20800,60300,3600,5500,1600,2500,11400,91800,91700,91600,91500,91400,91300,91200,91100,91000,90900,7400,54600,65400,101200,32000,41400,15600,47500,34900,43700,97200,90400,2452200,755100,0,0,0,0,0,
000050.SZ,000050,20251209,93712000,91800,1800,16524,2156,0,,,1645000,15113131,92200,91500,92100,92300,91900,92000,92100,92200,92300,92400,92500,92600,92700,92800,2600,9000,24700,20800,60300,3600,5500,6600,2500,11400,91800,91700,91600,91500,91400,91300,91200,91100,91000,90900,10600,57600,65800,101200,32000,41400,15600,47500,34900,43700,97200,90400,2456700,762700,0,0,0,0,0,
000050.SZ,000050,20251209,93715000,91900,500,4595,2159,0,,,1645500,15117726,92200,91500,92100,92300,91900,92000,92100,92200,92300,92400,92500,92600,92700,92800,11800,11000,24700,20800,60300,3600,5500,6600,2500,11400,91800,91700,91600,91500,91400,91300,91200,91100,91000,90900,12300,58700,65800,101200,32000,41400,15600,47500,34900,43700,97200,90400,2491400,765500,0,0,0,0,0,
000050.SZ,000050,20251209,93718000,91900,9900,90885,2176,0,,,1655400,15208611,92200,91500,92100,92300,91900,92000,92100,92200,92300,92400,92500,92600,92700,92800,1900,11000,24700,20800,60300,3600,5500,6600,2500,11400,91800,91700,91600,91500,91400,91300,91200,91100,91000,90900,33200,59000,65800,90400,32000,41400,15600,47500,74900,43700,97200,90400,2483600,815900,0,0,0,0,0,
000050.SZ,000050,20251209,93721000,91900,3200,29395,2189,0,,,1658600,15238006,92200,91500,92100,92300,91900,92000,92100,92200,92300,92400,92500,92600,92700,92800,600,11000,24700,20800,60300,3600,5500,6600,2500,11400,91800,91700,91600,91500,91400,91300,91200,91100,91000,90900,31900,59000,65800,90400,32000,41400,15600,47500,34900,43700,97200,90400,2484800,775100,0,0,0,0,0,
000050.SZ,000050,20251209,93724000,91800,5500,50515,2202,0,,,1664100,15288521,92200,91500,92100,92300,91900,92000,92100,92200,92300,92400,92500,92600,92700,92800,200,11300,24700,20800,60300,3600,5500,6600,2500,11400,91800,91700,91600,91500,91400,91300,91200,91100,91000,90900,29400,59000,65800,90400,32000,41400,15600,47500,34900,43700,97200,90400,2487700,773600,0,0,0,0,0,
000050.SZ,000050,20251209,93727000,91900,5300,48690,2214,0,,,1669400,15337211,92200,91500,92100,92300,92000,92100,92200,92300,92400,92500,92600,92700,92800,92900,11600,24700,20800,60300,3600,5500,6600,2500,11400,44700,91900,91800,91700,91600,91500,91400,91300,91200,91100,91000,100,40700,57000,65800,90400,32000,41400,16600,47500,41000,97200,90400,2487800,790600,0,0,0,0,0,
000050.SZ,000050,20251209,93730000,92000,300,2760,2215,0,,,1669700,15339971,92200,91500,92100,92300,92000,92100,92200,92300,92400,92500,92600,92700,92800,92900,11300,24700,20800,60300,3600,5500,6600,2500,11400,44700,91900,91800,91700,91600,91500,91400,91300,91200,91100,91000,32000,40400,57000,68800,90400,32000,41400,16600,47500,41000,97200,90500,2487500,825200,0,0,0,0,0,
000050.SZ,000050,20251209,93733000,91900,1000,9190,2218,0,,,1670700,15349161,92200,91500,92100,92300,92000,92100,92200,92300,92400,92500,92600,92700,92800,92900,12500,24700,20800,60300,3600,5500,6600,2500,11400,44700,91900,91800,91700,91600,91500,91400,91300,91200,91100,91000,32300,40300,57000,69300,90400,32000,41400,16600,47500,41000,97200,90500,2490200,825900,0,0,0,0,0,
000050.SZ,000050,20251209,93736000,91900,2000,18386,2223,0,,,1672700,15367547,92200,91500,92100,92300,92000,92100,92200,92300,92400,92500,92600,92700,92800,92900,14500,24700,20800,60300,3600,5500,6600,2500,11400,44700,91900,91800,91700,91600,91500,91400,91300,91200,91100,91000,31200,40300,57000,69300,90400,32000,41400,16600,47500,41000,97200,90500,2492200,824800,0,0,0,0,0,
000050.SZ,000050,20251209,93739000,92000,300,2760,2224,0,,,1673000,15370307,92200,91500,92100,92300,92000,92100,92200,92300,92400,92500,92600,92700,92800,92900,14200,24700,20800,58300,3600,5500,6600,2500,11400,44700,91900,91800,91700,91600,91500,91400,91300,91200,91100,91000,31300,42300,57000,64300,90400,32000,41400,16600,52400,41000,97200,90500,2489900,826800,0,0,0,0,0,
000050.SZ,000050,20251209,93742000,92000,0,0,2224,0,,,1673000,15370307,92200,91500,92100,92300,92000,92100,92200,92300,92400,92500,92600,92700,92800,92900,14300,24700,20800,58300,3600,5500,6600,2500,16400,44700,91900,91800,91700,91600,91500,91400,91300,91200,91100,91000,34000,40200,57000,64100,90400,32000,41400,16600,52400,32700,97200,90500,2495000,821900,0,0,0,0,0,
000050.SZ,000050,20251209,93745000,92000,0,0,2224,0,,,1673000,15370307,92200,91500,92100,92300,92000,92100,92200,92300,92400,92500,92600,92700,92800,92900,16300,24700,20800,58300,3600,5500,6600,2500,16400,44700,91900,91800,91700,91600,91500,91400,91300,91200,91100,91000,44700,40200,57000,51600,90400,32000,39400,16600,52400,32700,97200,90500,2507300,818100,0,0,0,0,0,
000050.SZ,000050,20251209,93748000,91900,1300,11953,2228,0,,,1674300,15382260,92200,91500,92100,92300,92000,92100,92200,92300,92400,92500,92600,92700,92800,92900,15700,24700,20800,58300,3600,5500,6600,2500,16400,44700,91900,91800,91700,91600,91500,91400,91300,91200,91100,91000,44000,40200,57000,51600,90400,32000,39400,17600,52400,32700,97200,90500,2507200,818400,0,0,0,0,0,
000050.SZ,000050,20251209,93751000,91900,300,2757,2229,0,,,1674600,15385017,92200,91500,92100,92300,92000,92100,92200,92300,92400,92500,92600,92700,92800,92900,15700,24700,20800,58300,3600,5500,6600,2500,16400,44700,91900,91800,91700,91600,91500,91400,91300,91200,91100,91000,52900,40200,57000,52500,102400,32000,39400,19700,52400,32700,97200,90500,2507200,842300,0,0,0,0,0,
000050.SZ,000050,20251209,93754000,92000,18000,165600,2300,0,,,1692600,15550617,92200,91500,92100,92300,92100,92200,92300,92400,92500,92600,92700,92800,92900,93000,34200,20800,58300,3600,5500,6600,2500,16400,44700,72800,92000,91900,91800,91700,91600,91500,91400,91300,91200,91100,9200,52700,41600,57000,52500,111100,32000,42400,19700,52400,97200,90500,2503200,864400,0,0,0,0,0,
000050.SZ,000050,20251209,93757000,92000,1400,12892,2306,0,,,1694000,15563509,92200,91500,92100,92300,92100,92200,92300,92400,92500,92600,92700,92800,92900,93000,33200,20800,58400,3600,5500,6600,2500,16400,44700,72800,92000,91900,91800,91700,91600,91500,91400,91300,91200,91100,18100,50500,43900,57000,52500,112200,32000,42400,19700,52400,97200,90600,2503500,879500,0,0,0,0,0,
000050.SZ,000050,20251209,93800000,92100,100,921,2307,0,,,1694100,15564430,92200,91500,92100,92300,92100,92200,92300,92400,92500,92600,92700,92800,92900,93000,38800,20800,58400,3600,5500,6600,2500,16400,44700,72800,92000,91900,91800,91700,91600,91500,91400,91300,91200,91100,18500,50400,48800,57000,53600,112200,32000,42400,19700,52400,97200,90600,2509100,886800,0,0,0,0,0,
000050.SZ,000050,20251209,93803000,92000,7500,69000,2326,0,,,1701600,15633430,92200,91500,92100,92300,92100,92200,92300,92400,92500,92600,92700,92800,92900,93000,33500,20800,58400,3600,5500,6600,2500,16400,44700,72800,92000,91900,91800,91700,91600,91500,91400,91300,91200,91100,11800,50300,48800,57000,53600,112200,32000,42400,19700,52400,97200,90600,2503800,880000,0,0,0,0,0,
000050.SZ,000050,20251209,93806000,92100,1700,15656,2329,0,,,1703300,15649086,92200,91500,92100,92300,92100,92200,92300,92400,92500,92600,92700,92800,92900,93000,41200,25400,58400,3600,5500,6600,2500,16400,44700,72800,92000,91900,91800,91700,91600,91500,91400,91300,91200,91100,11800,50300,59800,57000,53600,112200,32000,42400,19700,52400,97200,90600,2520100,891000,0,0,0,0,0,
000050.SZ,000050,20251209,93809000,92000,1800,16563,2333,0,,,1705100,15665649,92200,91500,92100,92300,92100,92200,92300,92400,92500,92600,92700,92800,92900,93000,52100,25400,58400,3600,5500,6600,2500,16400,44700,72800,92000,91900,91800,91700,91600,91500,91400,91300,91200,91100,15500,50400,59800,59600,53600,112200,32000,42400,19700,52400,97200,90600,2532500,897400,0,0,0,0,0,
000050.SZ,000050,20251209,93812000,92000,18700,172040,2361,0,,,1723800,15837689,92200,91500,92100,92300,92000,92100,92200,92300,92400,92500,92600,92700,92800,92900,8700,41800,25400,58400,3600,5500,6600,2500,16400,44700,91900,91800,91700,91600,91500,91400,91300,91200,91100,91000,49800,61000,58600,53600,112200,32000,42400,19700,52400,37700,97200,90600,2541200,881500,0,0,0,0,0,
000050.SZ,000050,20251209,93815000,92000,20800,191359,2412,0,,,1744600,16029048,92200,91500,92100,92300,92100,92200,92300,92400,92500,92600,92700,92800,92900,93000,41800,25400,58400,3600,5500,6600,2500,16400,44700,76800,91900,91800,91700,91600,91500,91400,91300,91200,91100,91000,53600,61000,57600,53600,112200,32000,42400,19700,52400,37700,97200,90600,2532500,884300,0,0,0,0,0,
000050.SZ,000050,20251209,93818000,92000,11500,105800,2428,0,,,1756100,16134848,92200,91500,92100,92300,92000,92100,92200,92300,92400,92500,92600,92700,92800,92900,5900,41900,25400,58400,3600,5500,6600,2500,16400,44700,91900,91800,91700,91600,91500,91400,91300,91200,91100,91000,53900,61000,57600,53600,112200,32000,42400,19700,52400,37700,97200,90600,2538300,884600,0,0,0,0,0,
000050.SZ,000050,20251209,93821000,92000,1400,12880,2431,0,,,1757500,16147728,92200,91500,92100,92300,92000,92100,92200,92300,92400,92500,92600,92700,92800,92900,17900,41900,25400,58500,3600,5500,6600,2500,16400,44700,91900,91800,91700,91600,91500,91400,91300,91200,91100,91000,54800,61000,57600,55600,112100,32000,43400,19700,52400,37700,97200,90600,2550400,888400,0,0,0,0,0,
000050.SZ,000050,20251209,93824000,92000,7200,66238,2446,0,,,1764700,16213966,92200,91500,92100,92300,92000,92100,92200,92300,92400,92500,92600,92700,92800,92900,13100,41900,27400,58500,3600,5500,6600,2500,16400,44700,91900,91800,91700,91600,91500,91400,91300,91200,91100,91000,52000,63400,57600,52000,132600,32000,43400,19700,52400,37700,97200,90600,2548600,904900,0,0,0,0,0,
000050.SZ,000050,20251209,93827000,92000,9900,91027,2460,0,,,1774600,16304993,92200,91500,92100,92300,92000,92100,92200,92300,92400,92500,92600,92700,92800,92900,9000,41900,27400,58500,3600,5500,6600,2500,16400,44700,91900,91800,91700,91600,91500,91400,91300,91200,91100,91000,46900,66000,57600,52000,132100,32000,43400,19700,52400,37700,97200,90600,2544500,901900,0,0,0,0,0,
000050.SZ,000050,20251209,93830000,92000,9000,82800,2482,0,,,1783600,16387793,92200,91500,92100,92300,92100,92200,92300,92400,92500,92600,92700,92800,92900,93000,42900,27400,58500,3600,5500,6600,2500,16400,44700,76800,92000,91900,91800,91700,91600,91500,91400,91300,91200,91100,1700,63700,66000,53600,54000,132100,32000,43400,19700,52400,97200,90600,2539500,918400,0,0,0,0,0,
000050.SZ,000050,20251209,93833000,92000,9800,90174,2501,0,,,1793400,16477967,92200,91500,92100,92300,92100,92200,92300,92400,92500,92600,92700,92800,92900,93000,48000,36400,58500,3600,5500,6600,2500,16400,44700,76800,92000,91900,91800,91700,91600,91500,91400,91300,91200,91100,6700,64500,72000,53600,54000,133100,32000,43400,19700,52400,97200,90600,2553800,931200,0,0,0,0,0,
000050.SZ,000050,20251209,93836000,92000,5900,54283,2504,0,,,1799300,16532250,92200,91500,92100,92300,92100,92200,92300,92400,92500,92600,92700,92800,92900,93000,42200,36400,58500,3600,5500,6600,2500,16400,44700,76800,92000,91900,91800,91700,91600,91500,91400,91300,91200,91100,7000,64500,72000,53600,54000,133100,32000,43400,19700,52400,97200,90600,2550000,931500,0,0,0,0,0,
000050.SZ,000050,20251209,93839000,92000,7800,71760,2511,0,,,1807100,16604010,92200,91500,92100,92300,92000,92100,92200,92300,92400,92500,92600,92700,92800,92900,200,52100,36400,58500,3600,5500,6600,2500,16400,44700,91900,91800,91700,91600,91500,91400,91300,91200,91100,91000,65100,72000,53600,54000,133100,32000,43400,19700,52400,37700,97200,90600,2561100,925100,0,0,0,0,0,
000050.SZ,000050,20251209,93842000,92000,7300,67127,2522,0,,,1814400,16671137,92200,91500,92100,92300,92000,92100,92200,92300,92400,92500,92600,92700,92800,92900,10400,49800,36400,59800,3600,5500,6600,2500,16400,44700,91900,91800,91700,91600,91500,91400,91300,91200,91100,91000,62000,73000,53600,54000,133100,32000,43400,19700,52400,39200,97100,90600,2570300,924500,0,0,0,0,0,
000050.SZ,000050,20251209,93845000,91900,5700,52413,2527,0,,,1820100,16723550,92200,91500,92100,92300,92000,92100,92200,92300,92400,92500,92600,92700,92800,92900,4700,49800,36400,59800,3600,5500,6600,2500,16400,44700,91900,91800,91700,91600,91500,91400,91300,91200,91100,91000,59300,73000,53600,54000,133100,32000,43400,19700,52400,39200,97100,90600,2564600,921800,0,0,0,0,0,
000050.SZ,000050,20251209,93848000,92000,5900,54280,2536,0,,,1826000,16777830,92200,91500,92100,92300,92000,92100,92200,92300,92400,92500,92600,92700,92800,92900,2300,49800,36400,59800,3600,5500,6600,2500,16400,44700,91900,91800,91700,91600,91500,91400,91300,91200,91100,91000,59300,73000,53600,54000,133100,32000,43400,19700,52400,39200,97100,90600,2563700,921800,0,0,0,0,0,
000050.SZ,000050,20251209,93851000,91900,3600,33090,2540,0,,,1829600,16810920,92200,91500,92100,92300,92000,92100,92200,92300,92400,92500,92600,92700,92800,92900,6800,49800,36400,59800,3600,5500,6600,2500,16400,44700,91900,91800,91700,91600,91500,91400,91300,91200,91100,91000,56300,73000,53600,54000,134200,32000,43400,19700,52400,39200,97100,90600,2620600,919900,0,0,0,0,0,
000050.SZ,000050,20251209,93854000,91900,0,0,2540,0,,,1829600,16810920,92200,91500,92100,92300,92000,92100,92200,92300,92400,92500,92600,92700,92800,92900,19000,49800,36400,59800,3600,5500,6600,2500,16400,44700,91900,91800,91700,91600,91500,91400,91300,91200,91100,91000,56300,73000,51500,54000,134200,32000,44200,19700,52400,39200,97100,90600,2632800,918600,0,0,0,0,0,
000050.SZ,000050,20251209,93857000,91900,2600,23894,2542,0,,,1832200,16834814,92200,91500,92100,92300,92000,92100,92200,92300,92400,92500,92600,92700,92800,92900,17700,49800,36400,59800,3600,5500,6600,2500,16400,44700,91900,91800,91700,91600,91500,91400,91300,91200,91100,91000,53700,76000,51500,54000,113700,32000,44200,19700,52400,39200,97100,90600,2631500,898500,0,0,0,0,0,
000050.SZ,000050,20251209,93900000,92000,300,2760,2543,0,,,1832500,16837574,92200,91500,92100,92300,92000,92100,92200,92300,92400,92500,92600,92700,92800,92900,17900,49800,36400,59800,3600,5500,6600,2500,16400,44700,91900,91800,91700,91600,91500,91400,91300,91200,91100,91000,53700,77000,51500,54000,113700,32000,44200,19700,52400,39200,97100,90600,2632000,901100,0,0,0,0,0,
000050.SZ,000050,20251209,93903000,92000,9100,83649,2555,0,,,1841600,16921223,92200,91500,92100,92300,92000,92100,92200,92300,92400,92500,92600,92700,92800,92900,17000,49800,36400,59800,3600,5500,6600,2500,16400,44700,91900,91800,91700,91600,91500,91400,91300,91200,91100,91000,46900,77000,51500,54000,113700,32000,44200,19700,52400,39200,97100,90600,2637600,894300,0,0,0,0,0,
000050.SZ,000050,20251209,93906000,91900,48600,446634,2592,0,,,1890200,17367857,92200,91500,92100,92300,91900,92000,92100,92200,92300,92400,92500,92600,92700,92800,6500,17100,35300,36400,59800,3600,5500,6600,2500,16400,91800,91700,91600,91500,91400,91300,91200,91100,91000,90900,79000,51500,54000,113700,32000,44200,19700,52400,39200,43700,97100,90500,2629700,849400,0,0,0,0,0,
000050.SZ,000050,20251209,93909000,91900,13600,124984,2628,0,,,1903800,17492841,92200,91500,92100,92300,91900,92000,92100,92200,92300,92400,92500,92600,92700,92800,14800,30900,34300,36400,59800,3600,5500,6600,2500,16400,91800,91700,91600,91500,91400,91300,91200,91100,91000,90900,79300,51500,54500,113700,32000,44200,19700,52400,39200,43700,97000,90500,2650800,850200,0,0,0,0,0,
000050.SZ,000050,20251209,93912000,91800,15400,141384,2633,0,,,1919200,17634225,92200,91500,92100,92300,91900,92000,92100,92200,92300,92400,92500,92600,92700,92800,7600,26900,34300,36400,59800,3600,5500,6600,2500,16400,91800,91700,91600,91500,91400,91300,91200,91100,91000,90900,66100,51500,54500,113700,32000,44200,19700,52400,39200,43700,97100,90500,2641800,837000,0,0,0,0,0,
000050.SZ,000050,20251209,93915000,91900,900,8271,2636,0,,,1920100,17642496,92200,91500,92100,92300,91900,92000,92100,92200,92300,92400,92500,92600,92700,92800,19000,22300,34300,36400,59800,3600,5500,6600,2500,16400,91800,91700,91600,91500,91400,91300,91200,91100,91000,90900,66200,51600,54500,113700,32000,44200,19700,52400,39200,43700,97100,90500,2649200,837200,0,0,0,0,0,
000050.SZ,000050,20251209,93918000,91800,2700,24786,2637,0,,,1922800,17667282,92200,91500,92100,92300,91900,92000,92100,92200,92300,92400,92500,92600,92700,92800,22600,20600,33300,36400,59800,3600,5500,6600,2500,16400,91800,91700,91600,91500,91400,91300,91200,91100,91000,90900,63600,51600,54500,113700,32000,44200,19700,52400,39200,43700,97100,90500,2650100,834600,0,0,0,0,0,
000050.SZ,000050,20251209,93921000,91800,1300,11934,2638,0,,,1924100,17679216,92200,91500,92100,92300,91900,92000,92100,92200,92300,92400,92500,92600,92700,92800,21700,20600,32900,36400,59800,3400,5500,6600,2500,16400,91800,91700,91600,91500,91400,91300,91200,91100,91000,90900,62300,51600,54500,113700,32000,44200,19700,52400,39200,43700,97100,90500,2648600,833300,0,0,0,0,0,
000050.SZ,000050,20251209,93924000,91800,0,0,2638,0,,,1924100,17679216,92200,91500,92100,92300,91900,92000,92100,92200,92300,92400,92500,92600,92700,92800,22200,20600,32900,36400,59800,3400,5500,6600,2500,16400,91800,91700,91600,91500,91400,91300,91200,91100,91000,90900,62300,51600,54500,113700,32000,44200,19700,52400,39500,43700,97100,90500,2649100,833600,0,0,0,0,0,
000050.SZ,000050,20251209,93927000,91800,100,918,2639,0,,,1924200,17680134,92200,91500,92100,92300,91900,92000,92100,92200,92300,92400,92500,92600,92700,92800,22700,20600,32900,36400,59800,3400,5500,6600,2500,16400,91800,91700,91600,91500,91400,91300,91200,91100,91000,90900,62200,51600,54500,113700,32000,44200,19700,52400,39500,43700,97100,90500,2649600,833800,0,0,0,0,0,
000050.SZ,000050,20251209,93930000,91900,100,919,2640,0,,,1924300,17681053,92200,91500,92100,92300,91900,92000,92100,92200,92300,92400,92500,92600,92700,92800,23100,20800,32900,36400,59900,3400,5500,6600,2500,16400,91800,91700,91600,91500,91400,91300,91200,91100,91000,90900,73400,51600,54500,111700,32000,44200,19700,52400,39500,43700,97100,90500,2650300,843000,0,0,0,0,0,
000050.SZ,000050,20251209,93933000,91900,2100,19298,2646,0,,,1926400,17700351,92200,91500,92100,92300,91900,92000,92100,92200,92300,92400,92500,92600,92700,92800,22600,20700,32900,36400,59900,3400,5500,6600,2500,16400,91800,91700,91600,91500,91400,91300,91200,91100,91000,90900,72800,51600,59500,112200,32000,44200,19700,52400,39500,43700,97100,90500,2649800,847900,0,0,0,0,0,
000050.SZ,000050,20251209,93936000,91800,2000,18373,2651,0,,,1928400,17718724,92200,91500,92100,92300,91900,92000,92100,92200,92300,92400,92500,92600,92700,92800,22800,20700,32900,36400,59900,3400,5500,6600,2500,16400,91800,91700,91600,91500,91400,91300,91200,91100,91000,90900,72100,31600,59500,115500,33000,44200,19700,52400,39500,43700,97100,90500,2654000,831500,0,0,0,0,0,
000050.SZ,000050,20251209,93939000,91800,9700,89050,2661,0,,,1938100,17807774,92200,91500,92100,92300,91900,92000,92100,92200,92300,92400,92500,92600,92700,92800,23300,20600,32900,36400,64900,3400,5500,6600,2500,16400,91800,91700,91600,91500,91400,91300,91200,91100,91000,90900,62800,31600,62000,115500,33000,44200,19700,52400,39500,43700,97000,90400,2659400,826700,0,0,0,0,0,
000050.SZ,000050,20251209,93942000,91800,33291,305617,2690,0,,,1971391,18113391,92200,91500,92100,92300,91900,92000,92100,92200,92300,92400,92500,92600,92700,92800,23900,31300,32400,36400,64900,3400,5500,6600,2500,16400,91800,91700,91600,91500,91400,91300,91200,91100,91000,90900,33109,31600,62000,115500,33000,44200,19700,52400,39500,44000,97000,90400,2673800,797409,0,0,0,0,0,
000050.SZ,000050,20251209,93945000,91800,16300,149652,2717,0,,,1987691,18263043,92200,91500,92100,92300,91900,92000,92100,92200,92300,92400,92500,92600,92700,92800,27900,31300,32400,36400,64900,3400,5500,6600,2500,16400,91800,91700,91600,91500,91400,91300,91200,91100,91000,90900,18909,31600,62000,115500,33000,44200,19700,52400,62100,44000,97000,90400,2677800,805809,0,0,0,0,0,
000050.SZ,000050,20251209,93948000,91800,19609,180018,2745,0,,,2007300,18443061,92200,91500,92100,92300,91800,91900,92000,92100,92200,92300,92400,92500,92600,92700,21791,27100,30100,31400,36400,64900,3400,5500,6600,2500,91700,91600,91500,91400,91300,91200,91100,91000,90900,90800,31600,62000,115500,33000,44200,19700,52400,62100,44000,25900,97000,90400,2697991,787300,0,0,0,0,0,
000050.SZ,000050,20251209,93951000,91700,20900,191708,2771,0,,,2028200,18634769,92200,91500,92100,92300,91800,91900,92000,92100,92200,92300,92400,92500,92600,92700,32191,8900,30200,31400,36400,64900,3400,5500,6600,2500,91700,91600,91500,91400,91300,91200,91100,91000,90900,90800,15600,62500,115500,33000,44200,19700,52400,62100,44000,26100,97000,90300,2691491,772000,0,0,0,0,0,
000050.SZ,000050,20251209,93954000,91700,1200,11013,2776,0,,,2029400,18645782,92200,91500,92100,92300,91800,91900,92000,92100,92200,92300,92400,92500,92600,92700,58491,6600,32200,31400,36400,64900,3400,5500,6600,2500,91700,91600,91500,91400,91300,91200,91100,91000,90900,90800,16400,62500,115500,33000,44200,19700,52400,62100,44000,26100,96900,90300,2717491,772800,0,0,0,0,0,
000050.SZ,000050,20251209,93957000,91700,17200,157724,2806,0,,,2046600,18803506,92200,91500,92100,92300,91800,91900,92000,92100,92200,92300,92400,92500,92600,92700,53091,6600,20900,31200,36400,64900,3400,5500,6600,2500,91700,91600,91500,91400,91300,91200,91100,91000,90900,90800,1200,63600,115500,33000,44200,19700,52400,62100,44000,26100,97000,90300,2700591,758700,0,0,0,0,0,
000050.SZ,000050,20251209,94000000,91700,6800,62371,2824,0,,,2053400,18865877,92200,91500,92100,92300,91800,91900,92000,92100,92200,92300,92400,92500,92600,92700,56091,6400,20900,30800,36400,64900,3400,5500,6600,2500,91700,91600,91500,91400,91300,91200,91100,91000,90900,90800,9100,63700,115500,33000,44200,19700,52400,62300,44000,26100,97000,90300,2702991,766900,0,0,0,0,0,
000050.SZ,000050,20251209,94003000,91600,39600,362859,2873,0,,,2093000,19228736,92200,91500,92100,92300,91800,91900,92000,92100,92200,92300,92400,92500,92600,92700,59500,6400,20900,30800,36400,64900,3400,5500,6600,2500,91700,91600,91500,91400,91300,91200,91100,91000,90900,90800,1400,36700,112200,33000,44200,19700,52400,62300,44000,26100,97000,90200,2706400,728900,0,0,0,0,0,
000050.SZ,000050,20251209,94006000,91700,12500,114583,2899,0,,,2105500,19343319,92200,91500,92100,92300,91700,91800,91900,92000,92100,92200,92300,92400,92500,92600,25100,54500,6400,20900,30800,36400,64900,3400,5500,6600,91600,91500,91400,91300,91200,91100,91000,90900,90800,90700,32000,112200,33000,44200,19700,52400,62300,44000,26100,34300,97000,90200,2745400,722800,0,0,0,0,0,
000050.SZ,000050,20251209,94009000,91700,5600,51349,2907,0,,,2111100,19394668,92200,91500,92100,92300,91700,91800,91900,92000,92100,92200,92300,92400,92500,92600,37500,69800,6400,20900,30800,36400,64900,3400,5500,6600,91600,91500,91400,91300,91200,91100,91000,90900,90800,90700,44200,112000,33000,44200,19700,52400,62300,44000,26100,34300,96900,90300,2773100,734800,0,0,0,0,0,
000050.SZ,000050,20251209,94012000,91700,17100,156651,2926,0,,,2128200,19551319,92200,91500,92100,92300,91700,91800,91900,92000,92100,92200,92300,92400,92500,92600,23300,57900,6200,20600,30600,36200,64900,3400,5500,6600,91600,91500,91400,91300,91200,91100,91000,90900,90800,90700,30800,112000,32500,44200,19700,52400,62300,44000,26100,34300,97000,90200,2746200,720900,0,0,0,0,0,
000050.SZ,000050,20251209,94015000,91600,2400,21996,2931,0,,,2130600,19573315,92200,91500,92100,92300,91700,91800,91900,92000,92100,92200,92300,92400,92500,92600,24500,50500,6400,20600,30600,36100,64900,3400,5500,6600,91600,91500,91400,91300,91200,91100,91000,90900,90800,90700,31100,113000,31500,44200,19700,52400,62300,44000,26100,34300,97000,90200,2740100,721200,0,0,0,0,0,
000050.SZ,000050,20251209,94018000,91600,20600,188702,2950,0,,,2151200,19762017,92200,91500,92100,92300,91700,91800,91900,92000,92100,92200,92300,92400,92500,92600,38000,45500,6000,20200,30600,36100,64900,3400,5500,6600,91600,91500,91400,91300,91200,91100,91000,90900,90800,90700,16600,113300,31500,44200,19700,52400,62300,44000,26100,34300,97000,90200,2747800,707000,0,0,0,0,0,
000050.SZ,000050,20251209,94021000,91600,12500,114531,2975,0,,,2163700,19876548,92200,91500,92100,92300,91700,91800,91900,92000,92100,92200,92300,92400,92500,92600,35400,45500,6000,20200,30600,36100,64900,3400,5500,6600,91600,91500,91400,91300,91200,91100,91000,90900,90800,90700,10500,113400,31500,44200,19700,52400,63300,44000,26100,34300,97000,90200,2745200,703000,0,0,0,0,0,
000050.SZ,000050,20251209,94024000,91600,31600,289335,3014,0,,,2195300,20165883,92200,91500,92100,92300,91700,91800,91900,92000,92100,92200,92300,92400,92500,92600,36700,45100,5800,20200,30600,36100,64900,3400,5500,6600,91500,91400,91300,91200,91100,91000,90900,90800,90700,90600,100100,31500,44200,19700,55400,63300,44000,26100,34300,25500,97000,90200,2750100,682200,0,0,0,0,0,
000050.SZ,000050,20251209,94027000,91600,10800,98866,3040,0,,,2206100,20264749,92200,91500,92100,92300,91600,91700,91800,91900,92000,92100,92200,92300,92400,92500,4300,37300,44100,5600,20600,30600,36100,64400,3400,5500,91500,91400,91300,91200,91100,91000,90900,90800,90700,90600,94900,31500,44200,19700,55400,63300,44000,26100,34300,25500,96900,90100,2757400,677000,0,0,0,0,0,
000050.SZ,000050,20251209,94030000,91600,1300,11908,3043,0,,,2207400,20276657,92200,91500,92100,92300,91600,91700,91800,91900,92000,92100,92200,92300,92400,92500,19800,26600,43500,5600,20700,30600,36100,64400,3400,5500,91500,91400,91300,91200,91100,91000,90900,90800,90700,90600,96400,31500,44200,19700,55400,63300,44000,26100,34300,25500,96900,90100,2762000,678500,0,0,0,0,0,
000050.SZ,000050,20251209,94033000,91600,25700,235291,3067,0,,,2233100,20511948,92200,91500,92100,92300,91700,91800,91900,92000,92100,92200,92300,92400,92500,92600,30900,43400,5200,20700,30900,36100,64400,3400,5500,6600,91600,91500,91400,91300,91200,91100,91000,90900,90800,90700,400,85200,31500,44200,19700,55400,65300,45000,26100,34300,97000,90100,2745500,670700,0,0,0,0,0,
000050.SZ,000050,20251209,94036000,91600,15000,137409,3114,0,,,2248100,20649357,92200,91500,92100,92300,91700,91800,91900,92000,92100,92200,92300,92400,92500,92600,33600,43400,5200,20700,34400,36100,64400,3400,5500,6600,91600,91500,91400,91300,91200,91100,91000,90900,90800,90700,1100,85100,46500,45200,19700,55400,65300,45000,26100,34300,96900,90200,2751700,687400,0,0,0,0,0,
000050.SZ,000050,20251209,94039000,91600,3000,27498,3125,0,,,2251100,20676855,92200,91500,92100,92300,91700,91800,91900,92000,92100,92200,92300,92400,92500,92600,39500,43400,5200,20700,34400,36100,64400,3400,5500,6600,91600,91500,91400,91300,91200,91100,91000,90900,90800,90700,1900,86000,46500,45200,22700,55900,65300,45000,26100,34300,96900,90200,2757600,693200,0,0,0,0,0,
000050.SZ,000050,20251209,94042000,91600,8000,73227,3138,0,,,2259100,20750082,92200,91500,92100,92300,91700,91800,91900,92000,92100,92200,92300,92400,92500,92600,33300,43400,5200,20500,34400,36100,64400,3400,5500,6600,91600,91500,91400,91300,91200,91100,91000,90900,90800,90700,3000,82500,46500,45200,22700,55900,65300,45000,26100,34300,97000,90200,2751200,690800,0,0,0,0,0,
000050.SZ,000050,20251209,94045000,91600,1400,12833,3142,0,,,2260500,20762915,92200,91500,92100,92300,91700,91800,91900,92000,92100,92200,92300,92400,92500,92600,39700,43400,5200,20500,34400,36100,64400,3400,5500,6600,91600,91500,91400,91300,91200,91100,91000,90900,90800,90700,28000,87500,46500,45200,22700,55900,65300,45000,26100,34300,96900,90200,2757900,720800,0,0,0,0,0,
000050.SZ,000050,20251209,94048000,91700,5500,50407,3149,0,,,2266000,20813322,92200,91500,92100,92300,91700,91800,91900,92000,92100,92200,92300,92400,92500,92600,35300,43400,4600,20500,34400,36100,64400,3400,5500,6600,91600,91500,91400,91300,91200,91100,91000,90900,90800,90700,27200,87800,48800,44200,22700,55900,65300,45000,26100,34300,96900,90200,2752900,731600,0,0,0,0,0,
000050.SZ,000050,20251209,94051000,91600,4900,44894,3154,0,,,2270900,20858216,92200,91500,92100,92300,91700,91800,91900,92000,92100,92200,92300,92400,92500,92600,34700,43400,4200,20500,34400,36100,64400,3400,5500,6600,91600,91500,91400,91300,91200,91100,91000,90900,90800,90700,35300,89600,48800,44200,22700,55900,65300,45000,28100,34300,97000,90200,2750900,743500,0,0,0,0,0,
000050.SZ,000050,20251209,94054000,91700,300,2751,3155,0,,,2271200,20860967,92200,91500,92100,92300,91700,91800,91900,92000,92100,92200,92300,92400,92500,92600,36200,43400,4200,20500,34400,36100,64400,3400,5500,6600,91600,91500,91400,91300,91200,91100,91000,90900,90800,90700,40700,92100,48800,44200,22700,55900,65300,45000,28100,34300,96900,90200,2750400,751400,0,0,0,0,0,
000050.SZ,000050,20251209,94057000,91700,55000,503813,3184,0,,,2326200,21364780,92200,91500,92100,92300,91700,91800,91900,92000,92100,92200,92300,92400,92500,92600,33100,43400,4200,20500,34400,36100,64400,3400,5500,6600,91600,91500,91400,91300,91200,91100,91000,90900,90800,90700,42300,92600,50300,44200,26700,55900,66900,45000,28100,34300,97000,90300,2747300,760600,0,0,0,0,0,
000050.SZ,000050,20251209,94100000,91600,5500,50420,3197,0,,,2331700,21415200,92200,91500,92100,92300,91700,91800,91900,92000,92100,92200,92300,92400,92500,92600,31100,43400,4200,20500,34400,36100,64400,3400,5500,6600,91600,91500,91400,91300,91200,91100,91000,90900,90800,90700,14800,92600,51300,44200,26700,55900,71200,45000,28100,34300,97000,90200,2745300,738400,0,0,0,0,0,
000050.SZ,000050,20251209,94103000,91700,3400,31162,3205,0,,,2335100,21446362,92200,91500,92100,92300,91700,91800,91900,92000,92100,92200,92300,92400,92500,92600,49600,43400,4200,20500,34400,36100,64400,3400,5500,6600,91600,91500,91400,91300,91200,91100,91000,90900,90800,90700,26400,92600,51300,45200,27300,55900,72200,45000,28100,34300,96900,90200,2763800,752600,0,0,0,0,0,
000050.SZ,000050,20251209,94106000,91600,22100,202436,3221,0,,,2357200,21648798,92200,91500,92100,92300,91700,91800,91900,92000,92100,92200,92300,92400,92500,92600,30500,43500,4200,20500,34400,36100,64400,3400,20500,6600,91600,91500,91400,91300,91200,91100,91000,90900,90800,90700,5300,93000,51300,46400,27300,55900,72200,45000,28100,34300,96900,90200,2759800,733100,0,0,0,0,0,
000050.SZ,000050,20251209,94109000,91600,19900,182301,3243,0,,,2377100,21831099,92200,91500,92100,92300,91600,91700,91800,91900,92000,92100,92200,92300,92400,92500,2600,31600,43500,4200,20500,36400,36100,64400,3400,20500,91500,91400,91300,91200,91100,91000,90900,90800,90700,90600,92600,51300,46400,27300,57900,72200,45000,28100,34300,25500,96900,90200,2766200,729400,0,0,0,0,0,
000050.SZ,000050,20251209,94112000,91600,8800,80600,3266,0,,,2385900,21911699,92200,91500,92100,92300,91700,91800,91900,92000,92100,92200,92300,92400,92500,92600,32100,43500,3700,20500,36900,36100,64400,3400,18400,5300,91600,91500,91400,91300,91200,91100,91000,90900,90800,90700,7700,92100,51300,47400,27300,57900,72200,45000,28100,34300,96900,90200,2762000,737600,0,0,0,0,0,
000050.SZ,000050,20251209,94115000,91600,15100,138293,3284,0,,,2401000,22049992,92200,91500,92100,92300,91600,91700,91800,91900,92000,92100,92200,92300,92400,92500,14900,39600,43500,3700,20500,36900,36100,64400,3400,18400,91500,91400,91300,91200,91100,91000,90900,90800,90700,90600,89300,51300,47400,27300,57900,72200,45000,28100,34300,25500,96900,90200,2784400,727100,0,0,0,0,0,
000050.SZ,000050,20251209,94118000,91600,30500,279299,3308,0,,,2431500,22329291,92200,91500,92100,92300,91600,91700,91800,91900,92000,92100,92200,92300,92400,92500,16900,29400,43500,4200,20500,36900,36100,64400,3400,18400,91500,91400,91300,91200,91100,91000,90900,90800,90700,90600,81200,51300,47400,27300,57900,71200,45000,28100,34300,25500,96900,90200,2781700,718000,0,0,0,0,0,
000050.SZ,000050,20251209,94121000,91600,11200,102520,3323,0,,,2442700,22431811,92200,91500,92100,92300,91600,91700,91800,91900,92000,92100,92200,92300,92400,92500,17500,27400,42600,4200,20500,36900,36100,64400,3400,18400,91500,91400,91300,91200,91100,91000,90900,90800,90700,90600,73900,51300,47400,27300,57900,71200,45000,28100,34300,25500,96900,90200,2779400,710700,0,0,0,0,0,
000050.SZ,000050,20251209,94124000,91600,300,2748,3324,0,,,2443000,22434559,92200,91500,92100,92300,91600,91700,91800,91900,92000,92100,92200,92300,92400,92500,27800,27400,42100,6300,20500,34900,36100,64400,3400,18400,91500,91400,91300,91200,91100,91000,90900,90800,90700,90600,73900,51300,47400,27300,57900,71200,45000,28100,34300,25500,96900,90200,2790300,710700,0,0,0,0,0,
000050.SZ,000050,20251209,94127000,91600,26000,237951,3343,0,,,2469000,22672510,92200,91500,92100,92300,91600,91700,91800,91900,92000,92100,92200,92300,92400,92500,23300,19300,42100,6300,20700,34900,36100,64400,3400,18400,91500,91400,91300,91200,91100,91000,90900,90800,90700,90600,63000,53200,47400,27300,57900,71200,45000,28100,34300,25500,96900,90100,2778400,701700,0,0,0,0,0,
000050.SZ,000050,20251209,94130000,91600,49300,451502,3379,0,,,2518300,23124012,92200,91500,92100,92300,91700,91800,91900,92000,92100,92200,92300,92400,92500,92600,18100,42100,6300,20700,34900,36100,64400,3400,18400,5300,91600,91500,91400,91300,91200,91100,91000,90900,90800,90700,11100,57400,53200,47400,27300,57900,71200,45000,28100,34300,97000,90100,2753900,707200,0,0,0,0,0,
000050.SZ,000050,20251209,94133000,91500,15900,145651,3407,0,,,2534200,23269663,92200,91500,92100,92300,91600,91700,91800,91900,92000,92100,92200,92300,92400,92500,400,30100,42100,5900,20700,34900,36100,64400,3400,18400,91500,91400,91300,91200,91100,91000,90900,90800,90700,90600,55900,53200,48400,27300,57900,76200,45000,28100,34300,25500,96900,90100,2768900,700600,0,0,0,0,0,
000050.SZ,000050,20251209,94136000,91500,33700,308495,3418,0,,,2567900,23578158,92200,91500,92100,92300,91600,91700,91800,91900,92000,92100,92200,92300,92400,92500,8000,31200,42100,6400,20700,34900,36100,64400,3400,18400,91500,91400,91300,91200,91100,91000,90900,90800,90700,90600,38200,53200,48400,32300,57900,76200,45000,28100,34300,25500,96900,90100,2778100,688200,0,0,0,0,0,
000050.SZ,000050,20251209,94139000,91500,11500,105336,3432,0,,,2579400,23683494,92200,91500,92100,92300,91600,91700,91800,91900,92000,92100,92200,92300,92400,92500,19100,30900,42100,6400,20700,34900,36100,64400,3400,18400,91500,91400,91300,91200,91100,91000,90900,90800,90700,90600,41400,53200,48400,32300,57900,76200,45000,28100,34300,25500,96900,90100,2790900,691400,0,0,0,0,0,
000050.SZ,000050,20251209,94142000,91500,16200,148233,3454,0,,,2595600,23831727,92200,91500,92100,92300,91600,91700,91800,91900,92000,92100,92200,92300,92400,92500,24200,27000,43900,6400,20700,34900,36100,64400,3400,18400,91500,91400,91300,91200,91100,91000,90900,90800,90700,90600,26700,53200,53400,33300,57900,76200,45000,28100,34300,25500,96900,90100,2793900,682700,0,0,0,0,0,
000050.SZ,000050,20251209,94145000,91500,7400,67769,3466,0,,,2603000,23899496,92200,91500,92100,92300,91600,91700,91800,91900,92000,92100,92200,92300,92400,92500,20800,27000,43200,6400,20700,34900,36100,64400,3400,18400,91500,91400,91300,91200,91100,91000,90900,90800,90700,90600,25800,83200,53400,34000,57900,76200,45000,28100,34300,25500,96900,90100,2792900,712500,0,0,0,0,0,
000050.SZ,000050,20251209,94148000,91500,28100,257118,3496,0,,,2631100,24156614,92200,91500,92100,92300,91500,91600,91700,91800,91900,92000,92100,92200,92300,92400,13700,23600,17600,43200,6400,20700,34900,36100,64400,3400,91400,91300,91200,91100,91000,90900,90800,90700,90600,90500,85200,53400,34000,57900,76200,45000,28100,34300,25500,24900,96900,90100,2803100,688700,0,0,0,0,0,
000050.SZ,000050,20251209,94151000,91500,18300,167320,3511,0,,,2649400,24323934,92200,91400,92100,92300,91500,91600,91700,91800,91900,92000,92100,92200,92300,92400,12300,21100,17100,43500,6400,20300,34900,36100,64400,3400,91400,91300,91200,91100,91000,90900,90800,90700,90600,90500,72700,53400,37000,57900,76200,45000,28100,34300,25500,24900,96900,90100,2798600,680300,0,0,0,0,0,
000050.SZ,000050,20251209,94154000,91500,2000,18300,3518,0,,,2651400,24342234,92200,91400,92100,92300,91500,91600,91700,91800,91900,92000,92100,92200,92300,92400,20200,19500,17100,43500,6400,20300,25100,36100,64400,3400,91400,91300,91200,91100,91000,90900,90800,90700,90600,90500,72700,53400,37000,57900,79200,45000,28100,34300,25500,24900,96900,90100,2795100,683300,0,0,0,0,0,
000050.SZ,000050,20251209,94157000,91500,28000,256124,3555,0,,,2679400,24598358,92200,91400,92100,92300,91500,91600,91700,91800,91900,92000,92100,92200,92300,92400,1200,22900,17100,43500,6400,20700,24900,36100,36600,3400,91400,91300,91200,91100,91000,90900,90800,90700,90600,90500,61700,53400,37000,57900,79200,45000,28100,39100,25500,24900,97000,90100,2751900,677100,0,0,0,0,0,
000050.SZ,000050,20251209,94200000,91500,1200,10980,3558,0,,,2680600,24609338,92200,91400,92100,92300,91600,91700,91800,91900,92000,92100,92200,92300,92400,92500,22900,17100,43500,6400,20700,24900,36100,36600,3400,18400,91500,91400,91300,91200,91100,91000,90900,90800,90700,90600,4300,63700,53900,37000,57900,79400,45000,28100,39100,27100,97000,90100,2750700,685900,0,0,0,0,0,
000050.SZ,000050,20251209,94203000,91500,15000,137250,3587,0,,,2695600,24746588,92200,91400,92100,92300,91600,91700,91800,91900,92000,92100,92200,92300,92400,92500,29100,17100,43500,6400,20700,24900,36100,36600,3400,18400,91500,91400,91300,91200,91100,91000,90900,90800,90700,90600,23400,63700,52400,39000,57900,79700,48000,28100,39100,27100,97000,90100,2756900,710800,0,0,0,0,0,
000050.SZ,000050,20251209,94206000,91500,33900,310211,3605,0,,,2729500,25056799,92200,91400,92100,92300,91500,91600,91700,91800,91900,92000,92100,92200,92300,92400,24500,21100,19800,43500,6400,20700,24900,36100,19500,3400,91400,91300,91200,91100,91000,90900,90800,90700,90600,90500,64900,52400,41300,57900,79700,48000,28100,39100,27100,24900,96900,90100,2759100,690900,0,0,0,0,0,
000050.SZ,000050,20251209,94209000,91500,31700,290038,3672,0,,,2761200,25346837,92200,91400,92100,92300,91500,91600,91700,91800,91900,92000,92100,92200,92300,92400,8500,26300,19800,43500,6400,20700,24900,36100,19500,3400,91400,91300,91200,91100,91000,90900,90800,90700,90600,90500,65800,52400,46200,58400,79700,48000,28100,39100,27600,24900,97000,90100,2748300,697700,0,0,0,0,0,
000050.SZ,000050,20251209,94212000,91500,38800,355024,3705,0,,,2800000,25701861,92200,91400,92100,92300,91500,91600,91700,91800,91900,92000,92100,92200,92300,92400,2700,20400,19800,43500,6400,20700,24900,36100,19500,3400,91400,91300,91200,91100,91000,90900,90800,90700,90600,90500,65900,57400,46200,58400,80200,48000,28100,39100,27600,24900,97000,90100,2736600,703300,0,0,0,0,0,
000050.SZ,000050,20251209,94215000,91500,61100,558499,3729,0,,,2861100,26260360,92200,91400,92100,92300,91600,91700,91800,91900,92000,92100,92200,92300,92400,92500,20400,19800,43500,6400,20700,24900,36100,14500,3400,18400,91500,91400,91300,91200,91100,91000,90900,90800,90700,90600,4700,9300,57400,51200,58400,81000,48000,28100,39100,27600,97000,90000,2728900,657400,0,0,0,0,0,
000050.SZ,000050,20251209,94218000,91500,29500,269940,3744,0,,,2890600,26530300,92200,91400,92100,92300,91500,91600,91700,91800,91900,92000,92100,92200,92300,92400,25900,18900,20300,43500,6400,20700,24900,36100,14500,3400,91400,91300,91200,91100,91000,90900,90800,90700,90600,90500,10300,57400,52200,58400,81000,48000,28100,39100,27600,24900,97000,90000,2753800,654700,0,0,0,0,0,
000050.SZ,000050,20251209,94221000,91300,25600,233929,3766,0,,,2916200,26764229,92200,91300,92100,92300,91500,91600,91700,91800,91900,92000,92100,92200,92300,92400,1100,18900,20300,43500,6400,20700,24900,36100,14500,3400,91400,91300,91200,91100,91000,90900,90800,90700,90600,90500,1800,49500,52200,58900,81000,48000,28100,39100,27600,24900,97000,90000,2730100,638800,0,0,0,0,0,
000050.SZ,000050,20251209,94224000,91500,1000,9150,3770,0,,,2917200,26773379,92200,91300,92100,92300,91500,91600,91700,91800,91900,92000,92100,92200,92300,92400,10300,19900,20100,48500,6400,30700,24900,36100,14500,3400,91400,91300,91200,91100,91000,90900,90800,90700,90600,90500,4400,49500,52200,42400,81000,48000,28100,39100,27600,24900,97000,89900,2755100,624900,0,0,0,0,0,
