万得代码,交易所代码,自然日,时间,委托编号,交易所委托号,委托类型,委托代码,委托价格,委托数量,
000050.SZ,000050,20251209,91500040,0,561,0,S,95300,300,
000050.SZ,000050,20251209,91500040,0,562,0,S,98500,300,
000050.SZ,000050,20251209,91500040,0,563,0,S,101500,300,
000050.SZ,000050,20251209,91500040,0,564,0,B,85800,300,
000050.SZ,000050,20251209,91500050,0,701,0,B,91000,1000,
000050.SZ,000050,20251209,91500050,0,1074,0,S,101500,1000,
000050.SZ,000050,20251209,91500050,0,1084,0,S,96900,3300,
000050.SZ,000050,20251209,91500060,0,2344,0,B,93700,300,
000050.SZ,000050,20251209,91500070,0,6503,0,B,90800,1300,
000050.SZ,000050,20251209,91500070,0,6907,0,S,95000,200,
000050.SZ,000050,20251209,91500070,0,6909,0,S,98000,200,
000050.SZ,000050,20251209,91500070,0,6910,0,S,101500,200,
000050.SZ,000050,20251209,91500070,0,7464,0,S,94500,1000,
000050.SZ,000050,20251209,91500070,0,8192,0,S,96900,1000,
000050.SZ,000050,20251209,91500070,0,8324,0,S,95900,1000,
000050.SZ,000050,20251209,91500070,0,8326,0,S,95400,1000,
000050.SZ,000050,20251209,91500070,0,8328,0,S,94900,1000,
000050.SZ,000050,20251209,91500070,0,8488,0,S,94400,1000,
000050.SZ,000050,20251209,91500070,0,8490,0,S,93900,1000,
000050.SZ,000050,20251209,91500080,0,8818,0,S,92300,1400,
000050.SZ,000050,20251209,91500080,0,9176,0,B,86400,200,
000050.SZ,000050,20251209,91500080,0,9178,0,B,87900,200,
000050.SZ,000050,20251209,91500080,0,10092,0,S,101500,500,
000050.SZ,000050,20251209,91500080,0,10179,0,B,83100,500,
000050.SZ,000050,20251209,91500080,0,12433,0,S,100000,100,
000050.SZ,000050,20251209,91500090,0,13786,0,S,101400,2500,
000050.SZ,000050,20251209,91500090,0,13955,0,S,101300,4000,
000050.SZ,000050,20251209,91500090,0,14408,0,S,99700,200,
000050.SZ,000050,20251209,91500090,0,14409,0,S,101500,200,
000050.SZ,000050,20251209,91500090,0,14670,0,S,101500,1500,
000050.SZ,000050,20251209,91500090,0,15456,0,S,101500,100,
000050.SZ,000050,20251209,91500100,0,16930,0,S,98000,2700,
000050.SZ,000050,20251209,91500100,0,16961,0,S,101500,2100,
000050.SZ,000050,20251209,91500100,0,18336,0,S,101300,2000,
000050.SZ,000050,20251209,91500100,0,19202,0,S,101500,500,
000050.SZ,000050,20251209,91500100,0,19452,0,S,98100,1000,
000050.SZ,000050,20251209,91500110,0,20400,0,S,95200,1200,
000050.SZ,000050,20251209,91500110,0,20666,0,S,101300,100,
000050.SZ,000050,20251209,91500110,0,21469,0,S,94900,1000,
000050.SZ,000050,20251209,91500110,0,21622,0,S,101500,1000,
000050.SZ,000050,20251209,91500110,0,21895,0,S,101500,7200,
000050.SZ,000050,20251209,91500120,0,24426,0,S,101500,1000,
000050.SZ,000050,20251209,91500120,0,24881,0,S,95200,1000,
000050.SZ,000050,20251209,91500120,0,24882,0,B,91000,1000,
000050.SZ,000050,20251209,91500130,0,27581,0,S,101500,100,
000050.SZ,000050,20251209,91500130,0,27603,0,B,83800,100,
000050.SZ,000050,20251209,91500130,0,27676,0,S,101000,1000,
000050.SZ,000050,20251209,91500130,0,27761,0,S,101500,1300,
000050.SZ,000050,20251209,91500130,0,28326,0,S,101000,1900,
000050.SZ,000050,20251209,91500130,0,29412,0,S,101500,3700,
000050.SZ,000050,20251209,91500130,0,29479,0,S,97000,400,
000050.SZ,000050,20251209,91500140,0,30005,0,S,93600,100,
000050.SZ,000050,20251209,91500140,0,30006,0,S,94900,100,
000050.SZ,000050,20251209,91500140,0,30720,0,S,101000,100,
000050.SZ,000050,20251209,91500140,0,31660,0,S,101500,1300,
000050.SZ,000050,20251209,91500140,0,31662,0,S,98500,1100,
000050.SZ,000050,20251209,91500140,0,32335,0,S,95100,2000,
000050.SZ,000050,20251209,91500150,0,35553,0,S,101500,500,
000050.SZ,000050,20251209,91500160,0,36755,0,S,101500,1000,
000050.SZ,000050,20251209,91500160,0,38459,0,S,92300,100,
000050.SZ,000050,20251209,91500160,0,38583,0,B,92400,5600,
000050.SZ,000050,20251209,91500160,0,38639,0,B,92300,11300,
000050.SZ,000050,20251209,91500160,0,39206,0,S,101500,400,
000050.SZ,000050,20251209,91500160,0,39377,0,S,98700,1500,
000050.SZ,000050,20251209,91500160,0,39378,0,S,96900,1500,
000050.SZ,000050,20251209,91500160,0,39493,0,S,101000,1700,
000050.SZ,000050,20251209,91500170,0,39770,0,S,101500,500,
000050.SZ,000050,20251209,91500170,0,41403,0,S,96300,17500,
000050.SZ,000050,20251209,91500170,0,41673,0,S,93000,1000,
000050.SZ,000050,20251209,91500170,0,41674,0,S,93500,1000,
000050.SZ,000050,20251209,91500170,0,41689,0,S,93000,10000,
000050.SZ,000050,20251209,91500170,0,42408,0,S,101500,6000,
000050.SZ,000050,20251209,91500180,0,42942,0,B,91100,1000,
000050.SZ,000050,20251209,91500180,0,44125,0,S,94400,100,
000050.SZ,000050,20251209,91500180,0,44224,0,S,101000,13400,
000050.SZ,000050,20251209,91500190,0,46085,0,S,96500,1500,
000050.SZ,000050,20251209,91500190,0,47210,0,S,99000,200,
000050.SZ,000050,20251209,91500200,0,49419,0,S,94500,1000,
000050.SZ,000050,20251209,91500200,0,49422,0,S,95000,1000,
000050.SZ,000050,20251209,91500200,0,49444,0,S,95500,1000,
000050.SZ,000050,20251209,91500200,0,49445,0,S,96000,1000,
000050.SZ,000050,20251209,91500200,0,49466,0,S,96500,1000,
000050.SZ,000050,20251209,91500200,0,49999,0,B,83100,600,
000050.SZ,000050,20251209,91500200,0,50071,0,B,85000,600,
000050.SZ,000050,20251209,91500200,0,50444,0,B,91800,1300,
000050.SZ,000050,20251209,91500200,0,50665,0,B,90700,3400,
000050.SZ,000050,20251209,91500210,0,51881,0,S,93900,3000,
000050.SZ,000050,20251209,91500210,0,51886,0,B,91100,3000,
000050.SZ,000050,20251209,91500210,0,52821,0,B,87600,100,
000050.SZ,000050,20251209,91500220,0,53195,0,S,97900,200,
000050.SZ,000050,20251209,91500220,0,53747,0,B,83200,100,
000050.SZ,000050,20251209,91500220,0,55014,0,S,98800,7000,
000050.SZ,000050,20251209,91500220,0,55085,0,B,91600,100,
000050.SZ,000050,20251209,91500230,0,55240,0,S,101500,300,
000050.SZ,000050,20251209,91500230,0,55242,0,S,99900,300,
000050.SZ,000050,20251209,91500230,0,55243,0,S,95900,200,
000050.SZ,000050,20251209,91500230,0,56768,0,B,92200,2000,
000050.SZ,000050,20251209,91500230,0,57037,0,S,94300,2000,
000050.SZ,000050,20251209,91500240,0,57261,0,S,94500,500,
000050.SZ,000050,20251209,91500240,0,57262,0,S,95000,500,
000050.SZ,000050,20251209,91500240,0,57263,0,S,95500,500,
000050.SZ,000050,20251209,91500240,0,57264,0,S,96000,500,
000050.SZ,000050,20251209,91500240,0,57265,0,S,96500,500,
000050.SZ,000050,20251209,91500240,0,57266,0,S,97000,500,
000050.SZ,000050,20251209,91500240,0,57267,0,S,97500,500,
000050.SZ,000050,20251209,91500240,0,57268,0,S,98000,500,
000050.SZ,000050,20251209,91500240,0,57269,0,S,98500,500,
000050.SZ,000050,20251209,91500240,0,57270,0,S,99000,500,
000050.SZ,000050,20251209,91500240,0,57271,0,S,99500,500,
000050.SZ,000050,20251209,91500240,0,57272,0,S,100000,400,
000050.SZ,000050,20251209,91500240,0,57274,0,B,92000,500,
000050.SZ,000050,20251209,91500240,0,57275,0,B,91500,500,
000050.SZ,000050,20251209,91500240,0,57276,0,B,91000,500,
000050.SZ,000050,20251209,91500240,0,57277,0,B,90500,500,
000050.SZ,000050,20251209,91500240,0,57278,0,B,90000,500,
000050.SZ,000050,20251209,91500240,0,58207,0,S,96400,100,
000050.SZ,000050,20251209,91500240,0,58209,0,S,96000,100,
000050.SZ,000050,20251209,91500250,0,59407,0,S,101500,600,
000050.SZ,000050,20251209,91500250,0,60136,0,S,101500,10000,
000050.SZ,000050,20251209,91500250,0,60137,0,S,100000,10000,
000050.SZ,000050,20251209,91500250,0,60138,0,S,98500,10000,
000050.SZ,000050,20251209,91500250,0,60139,0,S,97000,10000,
000050.SZ,000050,20251209,91500250,0,60152,0,S,95500,10000,
000050.SZ,000050,20251209,91500250,0,60153,0,S,94900,5000,
000050.SZ,000050,20251209,91500250,0,60154,0,S,94300,5000,
000050.SZ,000050,20251209,91500250,0,60157,0,B,91500,5000,
000050.SZ,000050,20251209,91500250,0,60376,0,B,83100,1000,
000050.SZ,000050,20251209,91500260,0,60476,0,S,101300,1800,
000050.SZ,000050,20251209,91500260,0,60615,0,S,96700,600,
000050.SZ,000050,20251209,91500270,0,62067,0,S,101500,300,
000050.SZ,000050,20251209,91500270,0,62498,0,S,94900,300,
000050.SZ,000050,20251209,91500280,0,63364,0,S,98800,6000,
000050.SZ,000050,20251209,91500280,0,64390,0,S,101500,1000,
000050.SZ,000050,20251209,91500290,0,64783,0,S,99800,5000,
000050.SZ,000050,20251209,91500300,0,66322,0,S,101500,3000,
000050.SZ,000050,20251209,91500300,0,66323,0,S,101000,500,
000050.SZ,000050,20251209,91500300,0,66324,0,S,100500,500,
000050.SZ,000050,20251209,91500300,0,66325,0,S,100000,500,
000050.SZ,000050,20251209,91500300,0,66419,0,S,99500,500,
000050.SZ,000050,20251209,91500300,0,66420,0,S,99000,500,
000050.SZ,000050,20251209,91500300,0,66421,0,S,98500,500,
000050.SZ,000050,20251209,91500300,0,66422,0,S,98000,500,
000050.SZ,000050,20251209,91500300,0,67004,0,S,101500,1000,
000050.SZ,000050,20251209,91500300,0,67580,0,S,97800,900,
000050.SZ,000050,20251209,91500300,0,67845,0,S,100000,2000,
000050.SZ,000050,20251209,91500300,0,67846,0,S,101500,1000,
000050.SZ,000050,20251209,91500300,0,67862,0,S,99700,8700,
000050.SZ,000050,20251209,91500300,0,67863,0,S,98700,8700,
000050.SZ,000050,20251209,91500300,0,67864,0,S,100700,8800,
000050.SZ,000050,20251209,91500300,0,67865,0,S,101500,8800,
000050.SZ,000050,20251209,91500310,0,68985,0,B,90800,300,
000050.SZ,000050,20251209,91500310,0,69185,0,B,90500,600,
000050.SZ,000050,20251209,91500310,0,69310,0,B,90100,200,
000050.SZ,000050,20251209,91500320,0,70219,0,S,97500,500,
000050.SZ,000050,20251209,91500320,0,70244,0,S,97000,500,
000050.SZ,000050,20251209,91500320,0,70245,0,S,96500,500,
000050.SZ,000050,20251209,91500320,0,70246,0,S,96000,500,
000050.SZ,000050,20251209,91500320,0,70247,0,S,95500,500,
000050.SZ,000050,20251209,91500320,0,70248,0,S,95300,500,
000050.SZ,000050,20251209,91500320,0,70496,0,S,100800,2000,
000050.SZ,000050,20251209,91500320,0,70525,0,S,93000,300,
000050.SZ,000050,20251209,91500320,0,70819,0,S,98200,500,
000050.SZ,000050,20251209,91500320,0,71237,0,B,84800,1000,
000050.SZ,000050,20251209,91500330,0,72037,0,B,90200,100,
000050.SZ,000050,20251209,91500340,0,74774,0,S,101500,2000,
000050.SZ,000050,20251209,91500350,0,74869,0,S,101400,1500,
000050.SZ,000050,20251209,91500350,0,75540,0,S,101000,500,
000050.SZ,000050,20251209,91500350,0,75541,0,B,87500,500,
000050.SZ,000050,20251209,91500370,0,77750,0,S,95400,4100,
000050.SZ,000050,20251209,91500370,0,77751,0,S,95800,1000,
000050.SZ,000050,20251209,91500370,0,77752,0,S,97200,3200,
000050.SZ,000050,20251209,91500370,0,77942,0,S,101500,800,
000050.SZ,000050,20251209,91500370,0,78303,0,S,101500,1000,
000050.SZ,000050,20251209,91500380,0,78928,0,S,101000,900,
000050.SZ,000050,20251209,91500380,0,79474,0,B,92300,100,
000050.SZ,000050,20251209,91500400,0,81147,0,S,93200,6600,
000050.SZ,000050,20251209,91500410,0,82466,0,B,92000,600,
000050.SZ,000050,20251209,91500410,0,82467,0,B,91000,600,
000050.SZ,000050,20251209,91500410,0,82510,0,B,92400,200,
000050.SZ,000050,20251209,91500410,0,83068,0,B,92400,100,
000050.SZ,000050,20251209,91500430,0,84629,0,S,91900,500,
000050.SZ,000050,20251209,91500430,0,85409,0,S,101400,2700,
000050.SZ,000050,20251209,91500440,0,86066,0,S,101500,1900,
000050.SZ,000050,20251209,91500440,0,86067,0,S,101000,1800,
000050.SZ,000050,20251209,91500440,0,86068,0,S,100500,1700,
000050.SZ,000050,20251209,91500440,0,86069,0,S,100000,1600,
000050.SZ,000050,20251209,91500440,0,86070,0,S,99500,1600,
000050.SZ,000050,20251209,91500440,0,86071,0,S,99000,1500,
000050.SZ,000050,20251209,91500440,0,86072,0,S,98500,1400,
000050.SZ,000050,20251209,91500440,0,86073,0,S,98000,1300,
000050.SZ,000050,20251209,91500440,0,86074,0,S,97500,1200,
000050.SZ,000050,20251209,91500440,0,86075,0,S,97000,1100,
000050.SZ,000050,20251209,91500440,0,86076,0,S,96500,1100,
000050.SZ,000050,20251209,91500440,0,86077,0,S,96000,1700,
000050.SZ,000050,20251209,91500440,0,86078,0,S,95500,1600,
000050.SZ,000050,20251209,91500440,0,86079,0,S,95000,1600,
000050.SZ,000050,20251209,91500440,0,86080,0,S,94700,1500,
000050.SZ,000050,20251209,91500440,0,86133,0,S,101500,500,
000050.SZ,000050,20251209,91500460,0,88981,0,S,101500,1500,
000050.SZ,000050,20251209,91500480,0,90491,0,S,101500,60000,
000050.SZ,000050,20251209,91500490,0,91822,0,S,95900,3300,
000050.SZ,000050,20251209,91500490,0,91965,0,S,93500,900,
000050.SZ,000050,20251209,91500500,0,92953,0,S,101500,6000,
000050.SZ,000050,20251209,91500500,0,93276,0,S,94400,4900,
000050.SZ,000050,20251209,91500500,0,93320,0,B,91900,1100,
000050.SZ,000050,20251209,91500510,0,93892,0,S,94900,2100,
000050.SZ,000050,20251209,91500530,0,95823,0,S,93900,5000,
000050.SZ,000050,20251209,91500530,0,96595,0,S,94400,2700,
000050.SZ,000050,20251209,91500550,0,97927,0,B,83100,300,
000050.SZ,000050,20251209,91500550,0,98058,0,S,98600,200,
000050.SZ,000050,20251209,91500550,0,98073,0,S,101500,3000,
000050.SZ,000050,20251209,91500560,0,98814,0,S,101500,1900,
000050.SZ,000050,20251209,91500560,0,98815,0,S,101000,1800,
000050.SZ,000050,20251209,91500560,0,98818,0,S,100500,1700,
000050.SZ,000050,20251209,91500560,0,98838,0,S,100000,1400,
000050.SZ,000050,20251209,91500560,0,98860,0,S,99500,1500,
000050.SZ,000050,20251209,91500560,0,98861,0,S,99000,1600,
000050.SZ,000050,20251209,91500560,0,98862,0,S,98500,1300,
000050.SZ,000050,20251209,91500560,0,98863,0,S,98000,1200,
000050.SZ,000050,20251209,91500560,0,98878,0,S,97500,1100,
000050.SZ,000050,20251209,91500560,0,98879,0,S,97000,1000,
000050.SZ,000050,20251209,91500560,0,98880,0,S,96500,1000,
000050.SZ,000050,20251209,91500560,0,98883,0,S,96000,1000,
000050.SZ,000050,20251209,91500560,0,98886,0,S,95500,1000,
000050.SZ,000050,20251209,91500560,0,98887,0,S,95000,1000,
000050.SZ,000050,20251209,91500560,0,98952,0,S,94500,1900,
000050.SZ,000050,20251209,91500560,0,99163,0,S,101500,15000,
000050.SZ,000050,20251209,91500570,0,100312,0,S,95400,4000,
000050.SZ,000050,20251209,91500570,0,100935,0,S,101500,500,
000050.SZ,000050,20251209,91500570,0,101041,0,B,83100,10000,
000050.SZ,000050,20251209,91500570,0,101042,0,B,90800,3000,
000050.SZ,000050,20251209,91500580,0,101177,0,S,98500,2000,
000050.SZ,000050,20251209,91500580,0,101314,0,S,101200,1500,
000050.SZ,000050,20251209,91500580,0,101349,0,S,94300,5000,
000050.SZ,000050,20251209,91500580,0,101350,0,S,96300,5000,
000050.SZ,000050,20251209,91500580,0,101648,0,S,97500,200,
000050.SZ,000050,20251209,91500580,0,101649,0,S,98500,200,
000050.SZ,000050,20251209,91500580,0,101652,0,S,101000,200,
000050.SZ,000050,20251209,91500580,0,101653,0,S,100000,200,
000050.SZ,000050,20251209,91500580,0,101656,0,S,98000,200,
000050.SZ,000050,20251209,91500580,0,101890,0,B,88000,1000,
000050.SZ,000050,20251209,91500590,0,102797,0,S,97500,200,
000050.SZ,000050,20251209,91500590,0,102799,0,S,98500,200,
000050.SZ,000050,20251209,91500590,0,102800,0,S,99500,200,
000050.SZ,000050,20251209,91500590,0,102802,0,S,101500,200,
000050.SZ,000050,20251209,91500590,0,102803,0,S,101000,200,
000050.SZ,000050,20251209,91500590,0,102804,0,S,100000,200,
000050.SZ,000050,20251209,91500590,0,102896,0,S,100800,200,
000050.SZ,000050,20251209,91500590,0,102898,0,S,101500,200,
000050.SZ,000050,20251209,91500600,0,102913,0,S,99500,200,
000050.SZ,000050,20251209,91500600,0,102914,0,S,101500,200,
000050.SZ,000050,20251209,91500600,0,103366,0,S,101500,500,
000050.SZ,000050,20251209,91500600,0,103713,0,S,98000,200,
000050.SZ,000050,20251209,91500600,0,103715,0,S,101500,200,
000050.SZ,000050,20251209,91500610,0,104777,0,B,86400,100,
000050.SZ,000050,20251209,91500610,0,104782,0,S,101500,100,
000050.SZ,000050,20251209,91500610,0,104916,0,B,90700,500,
000050.SZ,000050,20251209,91500610,0,105051,0,S,98000,1000,
000050.SZ,000050,20251209,91500630,0,106122,0,B,83800,400,
000050.SZ,000050,20251209,91500630,0,106600,0,S,96600,300,
000050.SZ,000050,20251209,91500630,0,106601,0,S,97600,500,
000050.SZ,000050,20251209,91500630,0,106602,0,B,88800,300,
000050.SZ,000050,20251209,91500630,0,106965,0,B,90900,5000,
000050.SZ,000050,20251209,91500630,0,106966,0,B,90500,5000,
000050.SZ,000050,20251209,91500640,0,107123,0,S,99600,6000,
000050.SZ,000050,20251209,91500650,0,108169,0,S,95300,1200,
000050.SZ,000050,20251209,91500650,0,108475,0,S,101500,800,
000050.SZ,000050,20251209,91500650,0,108486,0,S,101000,300,
000050.SZ,000050,20251209,91500650,0,108498,0,S,100500,300,
000050.SZ,000050,20251209,91500650,0,108499,0,S,100000,300,
000050.SZ,000050,20251209,91500650,0,108516,0,S,99500,300,
000050.SZ,000050,20251209,91500650,0,108517,0,S,99000,300,
000050.SZ,000050,20251209,91500650,0,108518,0,S,98500,300,
000050.SZ,000050,20251209,91500650,0,108519,0,S,98000,200,
000050.SZ,000050,20251209,91500650,0,108528,0,S,97500,200,
000050.SZ,000050,20251209,91500650,0,108529,0,S,97000,200,
000050.SZ,000050,20251209,91500650,0,108531,0,S,96500,200,
000050.SZ,000050,20251209,91500660,0,109292,0,S,94700,5000,
000050.SZ,000050,20251209,91500660,0,109344,0,S,101500,1500,
000050.SZ,000050,20251209,91500660,0,109403,0,S,96000,1100,
000050.SZ,000050,20251209,91500660,0,109512,0,S,95500,500,
000050.SZ,000050,20251209,91500660,0,109513,0,S,96000,500,
000050.SZ,000050,20251209,91500660,0,109721,0,B,91500,600,
000050.SZ,000050,20251209,91500670,0,110959,0,B,88800,100,
000050.SZ,000050,20251209,91500670,0,110960,0,B,84800,100,
000050.SZ,000050,20251209,91500670,0,110979,0,B,92000,500,
000050.SZ,000050,20251209,91500680,0,111147,0,S,94800,2200,
000050.SZ,000050,20251209,91500690,0,112127,0,S,92900,1000,
000050.SZ,000050,20251209,91500710,0,113735,0,S,101500,200,
000050.SZ,000050,20251209,91500720,0,114939,0,S,101500,500,
000050.SZ,000050,20251209,91500740,0,116253,0,S,99800,6000,
000050.SZ,000050,20251209,91500760,0,117748,0,S,93100,300,
000050.SZ,000050,20251209,91500760,0,117750,0,S,94100,300,
000050.SZ,000050,20251209,91500770,0,119210,0,B,91400,1000,
000050.SZ,000050,20251209,91500780,0,119234,0,B,91100,1000,
000050.SZ,000050,20251209,91500780,0,119497,0,S,101500,100,
000050.SZ,000050,20251209,91500780,0,119876,0,S,100100,200,
000050.SZ,000050,20251209,91500780,0,119882,0,S,95100,200,
000050.SZ,000050,20251209,91500790,0,120383,0,S,101500,5900,
000050.SZ,000050,20251209,91500790,0,120538,0,S,101500,300,
000050.SZ,000050,20251209,91500800,0,120961,0,S,101000,1800,
000050.SZ,000050,20251209,91500800,0,120962,0,S,100500,1700,
000050.SZ,000050,20251209,91500800,0,120963,0,S,100000,1600,
000050.SZ,000050,20251209,91500800,0,120964,0,S,99500,1500,
000050.SZ,000050,20251209,91500800,0,120965,0,S,99000,1400,
000050.SZ,000050,20251209,91500800,0,120966,0,S,98500,1300,
000050.SZ,000050,20251209,91500800,0,120967,0,S,98000,1200,
000050.SZ,000050,20251209,91500800,0,120968,0,S,97500,1200,
000050.SZ,000050,20251209,91500800,0,120969,0,S,97000,1100,
000050.SZ,000050,20251209,91500800,0,120984,0,S,93300,1500,
000050.SZ,000050,20251209,91500800,0,121007,0,B,91200,1500,
000050.SZ,000050,20251209,91500820,0,122805,0,S,95400,5500,
000050.SZ,000050,20251209,91500830,0,123207,0,S,96500,1100,
000050.SZ,000050,20251209,91500830,0,123255,0,S,96000,1000,
000050.SZ,000050,20251209,91500830,0,123294,0,S,95500,1900,
000050.SZ,000050,20251209,91500830,0,123295,0,S,95000,1800,
000050.SZ,000050,20251209,91500830,0,123296,0,S,94500,1700,
000050.SZ,000050,20251209,91500830,0,123297,0,S,94000,1600,
000050.SZ,000050,20251209,91500830,0,123298,0,S,93500,1400,
000050.SZ,000050,20251209,91500850,0,124723,0,S,96000,1000,
000050.SZ,000050,20251209,91500850,0,124823,0,S,101400,1000,
000050.SZ,000050,20251209,91500860,0,125671,0,B,86000,100,
000050.SZ,000050,20251209,91500860,0,125672,0,S,98000,100,
000050.SZ,000050,20251209,91500860,0,125816,0,S,93400,2400,
000050.SZ,000050,20251209,91500880,0,127481,0,B,89700,500,
000050.SZ,000050,20251209,91500910,0,128936,0,S,101500,200,
000050.SZ,000050,20251209,91500910,0,128937,0,S,98800,200,
000050.SZ,000050,20251209,91500910,0,128938,0,S,94800,200,
000050.SZ,000050,20251209,91500910,0,128945,0,S,96800,200,
000050.SZ,000050,20251209,91500920,0,129339,0,S,93900,500,
000050.SZ,000050,20251209,91500920,0,129509,0,B,90000,1200,
000050.SZ,000050,20251209,91500940,0,130682,0,S,101500,1200,
000050.SZ,000050,20251209,91500940,0,130954,0,B,91400,5500,
000050.SZ,000050,20251209,91500950,0,131352,0,B,90700,10000,
000050.SZ,000050,20251209,91501010,0,136046,0,S,93600,5000,
000050.SZ,000050,20251209,91501060,0,139288,0,S,96500,1000,
000050.SZ,000050,20251209,91501080,0,140728,0,S,101500,5000,
000050.SZ,000050,20251209,91501080,0,140744,0,S,101400,5000,
000050.SZ,000050,20251209,91501080,0,140873,0,S,93900,3000,
000050.SZ,000050,20251209,91501230,0,151283,0,S,101000,600,
000050.SZ,000050,20251209,91501250,0,152216,0,S,92900,6000,
000050.SZ,000050,20251209,91501250,0,152218,0,S,93100,6000,
000050.SZ,000050,20251209,91501260,0,152312,0,B,92200,1500,
000050.SZ,000050,20251209,91501280,0,153543,0,S,101000,1000,
000050.SZ,000050,20251209,91501290,0,153701,0,S,93900,100,
000050.SZ,000050,20251209,91501290,0,153703,0,B,91300,200,
000050.SZ,000050,20251209,91501320,0,155417,0,B,86900,2000,
000050.SZ,000050,20251209,91501360,0,157782,0,B,91300,200,
000050.SZ,000050,20251209,91501360,0,157783,0,S,94100,300,
000050.SZ,000050,20251209,91501360,0,157784,0,S,93200,300,
000050.SZ,000050,20251209,91501360,0,157790,0,B,92000,500,
000050.SZ,000050,20251209,91501370,0,158372,0,S,101100,1100,
000050.SZ,000050,20251209,91501380,0,158917,0,S,100100,1000,
000050.SZ,000050,20251209,91501400,0,160375,0,S,101500,5000,
000050.SZ,000050,20251209,91501420,0,161167,0,S,96000,3000,
000050.SZ,000050,20251209,91501420,0,161168,0,B,88500,4000,
000050.SZ,000050,20251209,91501430,0,162052,0,S,96500,1000,
000050.SZ,000050,20251209,91501430,0,162096,0,B,86500,200,
000050.SZ,000050,20251209,91501430,0,162233,0,S,101500,900,
000050.SZ,000050,20251209,91501430,0,162271,0,S,94400,100,
000050.SZ,000050,20251209,91501430,0,162272,0,S,95300,100,
000050.SZ,000050,20251209,91501450,0,163407,0,S,92300,2000,
000050.SZ,000050,20251209,91501450,0,163534,0,S,96900,1200,
000050.SZ,000050,20251209,91501460,0,163745,0,S,100500,100,
000050.SZ,000050,20251209,91501510,0,167397,0,S,97900,600,
000050.SZ,000050,20251209,91501510,0,167528,0,S,98000,200,
000050.SZ,000050,20251209,91501510,0,167529,0,S,100800,200,
000050.SZ,000050,20251209,91501530,0,169019,0,B,92400,1000,
000050.SZ,000050,20251209,91501530,0,169021,0,B,91300,2000,
000050.SZ,000050,20251209,91501530,0,169025,0,B,88600,3000,
000050.SZ,000050,20251209,91501530,0,169540,0,B,91600,1000,
000050.SZ,000050,20251209,91501570,0,171939,0,S,99500,200,
000050.SZ,000050,20251209,91501570,0,171941,0,S,101500,200,
000050.SZ,000050,20251209,91501580,0,172819,0,S,101000,9000,
000050.SZ,000050,20251209,91501620,0,174851,0,S,93900,3000,
000050.SZ,000050,20251209,91501630,0,175565,0,S,101500,400,
000050.SZ,000050,20251209,91501640,0,176259,0,S,97100,4700,
000050.SZ,000050,20251209,91501650,0,177432,0,S,101400,2200,
000050.SZ,000050,20251209,91501650,0,177448,0,S,99900,300,
000050.SZ,000050,20251209,91501650,0,177479,0,S,94000,100,
000050.SZ,000050,20251209,91501650,0,177506,0,S,95000,200,
000050.SZ,000050,20251209,91501650,0,177515,0,S,96500,200,
000050.SZ,000050,20251209,91501650,0,177516,0,S,98000,200,
000050.SZ,000050,20251209,91501660,0,177972,0,S,101000,600,
000050.SZ,000050,20251209,91501660,0,178009,0,B,91500,200,
000050.SZ,000050,20251209,91501660,0,178101,0,S,101300,1500,
000050.SZ,000050,20251209,91501680,0,178991,0,S,101200,4000,
000050.SZ,000050,20251209,91501690,0,179710,0,S,96200,4000,
000050.SZ,000050,20251209,91501690,0,179771,0,B,85000,4000,
000050.SZ,000050,20251209,91501690,0,179874,0,B,91200,6300,
000050.SZ,000050,20251209,91501730,0,181284,0,S,93800,200,
000050.SZ,000050,20251209,91501770,0,183215,0,S,96800,1900,
000050.SZ,000050,20251209,91501790,0,183745,0,S,99900,400,
000050.SZ,000050,20251209,91501790,0,183905,0,B,83300,200,
000050.SZ,000050,20251209,91501810,0,184904,0,S,97000,10000,
000050.SZ,000050,20251209,91501830,0,185547,0,S,101500,1000,
000050.SZ,000050,20251209,91501830,0,185549,0,S,96000,500,
000050.SZ,000050,20251209,91501840,0,185980,0,B,86700,29000,
000050.SZ,000050,20251209,91501840,0,186124,0,S,96000,100,
000050.SZ,000050,20251209,91501840,0,186125,0,S,98000,100,
000050.SZ,000050,20251209,91501840,0,186126,0,S,100000,100,
000050.SZ,000050,20251209,91501850,0,186408,0,S,101000,1000,
000050.SZ,000050,20251209,91501860,0,187168,0,S,95000,1000,
000050.SZ,000050,20251209,91501870,0,187334,0,S,95000,3000,
000050.SZ,000050,20251209,91501880,0,187803,0,B,89900,100,
000050.SZ,000050,20251209,91501890,0,188100,0,S,100800,100,
000050.SZ,000050,20251209,91501900,0,188603,0,S,94300,50000,
000050.SZ,000050,20251209,91501900,0,188609,0,S,94100,30000,
000050.SZ,000050,20251209,91501900,0,188642,0,B,91700,20000,
000050.SZ,000050,20251209,91501910,0,188890,0,B,92000,400,
000050.SZ,000050,20251209,91501940,0,190104,0,S,95000,2000,
000050.SZ,000050,20251209,91501940,0,190105,0,S,100000,2000,
000050.SZ,000050,20251209,91501940,0,190106,0,S,95000,1500,
000050.SZ,000050,20251209,91501940,0,190107,0,S,100000,1500,
000050.SZ,000050,20251209,91501960,0,191353,0,S,94000,2000,
000050.SZ,000050,20251209,91501960,0,191359,0,S,95000,2000,
000050.SZ,000050,20251209,91501970,0,191538,0,S,94900,10000,
000050.SZ,000050,20251209,91501970,0,191539,0,B,88100,5900,
000050.SZ,000050,20251209,91501980,0,192024,0,S,97300,1000,
000050.SZ,000050,20251209,91501980,0,192025,0,B,88000,1000,
000050.SZ,000050,20251209,91501980,0,192153,0,S,93900,1000,
000050.SZ,000050,20251209,91501980,0,192154,0,S,95900,900,
000050.SZ,000050,20251209,91501980,0,192155,0,B,90100,1000,
000050.SZ,000050,20251209,91501980,0,192156,0,B,88100,1000,
000050.SZ,000050,20251209,91501980,0,192157,0,B,86100,1000,
000050.SZ,000050,20251209,91501980,0,192158,0,B,84100,1000,
000050.SZ,000050,20251209,91501990,0,192279,0,S,97300,1000,
000050.SZ,000050,20251209,91501990,0,192290,0,B,86500,1000,
000050.SZ,000050,20251209,91501990,0,192340,0,S,100000,1500,
000050.SZ,000050,20251209,91501990,0,192488,0,S,94300,1000,
000050.SZ,000050,20251209,91501990,0,192490,0,B,88500,1000,
000050.SZ,000050,20251209,91502010,0,193478,0,B,91300,1000,
000050.SZ,000050,20251209,91502020,0,194280,0,S,95000,2500,
000050.SZ,000050,20251209,91502030,0,194656,0,S,101300,500,
000050.SZ,000050,20251209,91502030,0,194992,0,B,92100,2000,
000050.SZ,000050,20251209,91502040,0,195108,0,B,92000,400,
000050.SZ,000050,20251209,91502040,0,195117,0,S,94300,200,
000050.SZ,000050,20251209,91502070,0,196744,0,S,101500,2500,
000050.SZ,000050,20251209,91502080,0,197008,0,S,94300,200,
000050.SZ,000050,20251209,91502100,0,197693,0,S,94500,1000,
000050.SZ,000050,20251209,91502100,0,197780,0,S,98700,2200,
000050.SZ,000050,20251209,91502120,0,198475,0,S,94000,5300,
000050.SZ,000050,20251209,91502180,0,201268,0,S,92800,2000,
000050.SZ,000050,20251209,91502180,0,201270,0,S,93300,1600,
000050.SZ,000050,20251209,91502180,0,201282,0,B,91000,2000,
000050.SZ,000050,20251209,91502200,0,202300,0,B,90000,200,
000050.SZ,000050,20251209,91502290,0,205361,0,S,96500,2900,
000050.SZ,000050,20251209,91502330,0,207329,0,S,94700,8600,
000050.SZ,000050,20251209,91502330,0,207338,0,S,94700,8600,
000050.SZ,000050,20251209,91502350,0,207753,0,S,100600,1000,
000050.SZ,000050,20251209,91502350,0,207768,0,S,97600,1000,
000050.SZ,000050,20251209,91502360,0,207988,0,B,83500,40000,
000050.SZ,000050,20251209,91502380,0,208543,0,S,95400,600,
000050.SZ,000050,20251209,91502530,0,215119,0,B,92000,1000,
000050.SZ,000050,20251209,91502530,0,215150,0,S,94100,1000,
000050.SZ,000050,20251209,91502540,0,215314,0,S,94900,400,
000050.SZ,000050,20251209,91502540,0,215471,0,S,94500,6000,
000050.SZ,000050,20251209,91502600,0,218580,0,S,94000,100,
000050.SZ,000050,20251209,91502610,0,218807,0,B,87100,200,
000050.SZ,000050,20251209,91502610,0,218964,0,S,101500,100,
000050.SZ,000050,20251209,91502640,0,219923,0,S,95000,300,
000050.SZ,000050,20251209,91502650,0,220427,0,S,99500,200,
000050.SZ,000050,20251209,91502650,0,220429,0,S,100500,200,
000050.SZ,000050,20251209,91502650,0,220430,0,S,101500,200,
000050.SZ,000050,20251209,91502650,0,220431,0,S,99000,200,
000050.SZ,000050,20251209,91502650,0,220630,0,S,101500,500,
000050.SZ,000050,20251209,91502660,0,220745,0,S,97600,1600,
000050.SZ,000050,20251209,91502660,0,220868,0,S,100500,200,
000050.SZ,000050,20251209,91502670,0,221147,0,S,99000,200,
000050.SZ,000050,20251209,91502670,0,221148,0,S,98000,200,
000050.SZ,000050,20251209,91502670,0,221266,0,S,98000,200,
000050.SZ,000050,20251209,91502670,0,221267,0,S,99500,200,
000050.SZ,000050,20251209,91502670,0,221346,0,S,98000,200,
000050.SZ,000050,20251209,91502670,0,221347,0,S,100800,200,
000050.SZ,000050,20251209,91502690,0,221791,0,S,99500,200,
000050.SZ,000050,20251209,91502690,0,221792,0,S,100800,200,
000050.SZ,000050,20251209,91502690,0,221987,0,S,97000,1000,
000050.SZ,000050,20251209,91502700,0,222133,0,B,89000,100,
000050.SZ,000050,20251209,91502700,0,222142,0,B,88000,100,
000050.SZ,000050,20251209,91502700,0,222164,0,B,87000,100,
000050.SZ,000050,20251209,91502740,0,223601,0,S,101500,500,
000050.SZ,000050,20251209,91502750,0,223621,0,S,101200,5000,
000050.SZ,000050,20251209,91502910,0,226817,0,S,101500,1400,
000050.SZ,000050,20251209,91502950,0,228320,0,S,94900,2800,
000050.SZ,000050,20251209,91502960,0,228498,0,S,94700,8600,
000050.SZ,000050,20251209,91502960,0,228503,0,S,94700,6400,
000050.SZ,000050,20251209,91503000,0,229745,0,S,101500,2500,
000050.SZ,000050,20251209,91503020,0,230820,0,B,90900,11700,
000050.SZ,000050,20251209,91503020,0,230821,0,B,90600,11700,
000050.SZ,000050,20251209,91503030,0,230859,0,B,91100,11000,
000050.SZ,000050,20251209,91503030,0,230862,0,B,90900,11000,
000050.SZ,000050,20251209,91503030,0,230865,0,B,90700,11000,
000050.SZ,000050,20251209,91503030,0,230867,0,B,90600,11000,
000050.SZ,000050,20251209,91503030,0,230869,0,B,90500,11000,
000050.SZ,000050,20251209,91503030,0,230873,0,B,90200,11000,
000050.SZ,000050,20251209,91503030,0,230879,0,B,90100,11000,
000050.SZ,000050,20251209,91503030,0,230995,0,S,94700,8300,
000050.SZ,000050,20251209,91503030,0,231024,0,S,94700,6700,
000050.SZ,000050,20251209,91503100,0,232519,0,B,92300,1000,
000050.SZ,000050,20251209,91503200,0,235585,0,S,101500,5000,
000050.SZ,000050,20251209,91503210,0,235715,0,S,93800,1000,
000050.SZ,000050,20251209,91503220,0,235972,0,S,94200,600,
000050.SZ,000050,20251209,91503270,0,236954,0,B,86300,400,
000050.SZ,000050,20251209,91503280,0,237039,0,S,101100,300,
000050.SZ,000050,20251209,91503350,0,238480,0,S,94000,21300,
000050.SZ,000050,20251209,91503350,0,238481,0,S,93500,21400,
000050.SZ,000050,20251209,91503380,0,238926,0,S,101500,100,
000050.SZ,000050,20251209,91503380,0,238970,0,B,85000,500,
000050.SZ,000050,20251209,91503400,0,239462,0,S,95200,400,
000050.SZ,000050,20251209,91503410,0,239608,0,S,101500,600,
000050.SZ,000050,20251209,91503410,0,239610,0,S,100500,400,
000050.SZ,000050,20251209,91503410,0,239611,0,S,100000,400,
000050.SZ,000050,20251209,91503410,0,239612,0,S,99000,400,
000050.SZ,000050,20251209,91503410,0,239613,0,S,96500,400,
000050.SZ,000050,20251209,91503410,0,239614,0,S,95500,400,
000050.SZ,000050,20251209,91503410,0,239615,0,S,94500,500,
000050.SZ,000050,20251209,91503410,0,239631,0,S,96800,1000,
000050.SZ,000050,20251209,91503410,0,239634,0,S,97800,1000,
000050.SZ,000050,20251209,91503410,0,239638,0,S,99800,1000,
000050.SZ,000050,20251209,91503410,0,239640,0,S,100800,2000,
000050.SZ,000050,20251209,91503410,0,239831,0,B,86300,400,
000050.SZ,000050,20251209,91503420,0,240116,0,B,83600,11900,
000050.SZ,000050,20251209,91503490,0,241738,0,S,93900,19400,
000050.SZ,000050,20251209,91503500,0,242410,0,S,95800,1000,
000050.SZ,000050,20251209,91503500,0,242415,0,S,98800,1000,
000050.SZ,000050,20251209,91503510,0,242562,0,S,97800,300,
000050.SZ,000050,20251209,91503510,0,242732,0,S,96500,6000,
000050.SZ,000050,20251209,91503520,0,243051,0,S,92900,9400,
000050.SZ,000050,20251209,91503520,0,243053,0,S,93000,2000,
000050.SZ,000050,20251209,91503530,0,243329,0,S,101000,500,
000050.SZ,000050,20251209,91503530,0,243330,0,S,99500,400,
000050.SZ,000050,20251209,91503530,0,243331,0,S,98000,400,
000050.SZ,000050,20251209,91503530,0,243332,0,S,97500,400,
000050.SZ,000050,20251209,91503530,0,243333,0,S,97000,400,
000050.SZ,000050,20251209,91503530,0,243334,0,S,96000,400,
000050.SZ,000050,20251209,91503530,0,243335,0,S,95000,400,
000050.SZ,000050,20251209,91503560,0,244394,0,S,95100,800,
000050.SZ,000050,20251209,91503570,0,244880,0,S,101500,2800,
000050.SZ,000050,20251209,91503630,0,246347,0,B,86700,100,
000050.SZ,000050,20251209,91503630,0,246348,0,B,84700,100,
000050.SZ,000050,20251209,91503650,0,246910,0,S,92300,1000,
000050.SZ,000050,20251209,91503650,0,247018,0,S,95600,1600,
000050.SZ,000050,20251209,91503680,0,247850,0,S,101500,2000,
000050.SZ,000050,20251209,91503710,0,248615,0,S,96500,800,
000050.SZ,000050,20251209,91503710,0,248682,0,S,101500,300,
000050.SZ,000050,20251209,91503720,0,248768,0,S,94500,500,
000050.SZ,000050,20251209,91503720,0,248769,0,B,91000,500,
000050.SZ,000050,20251209,91503800,0,249849,0,S,92300,1700,
000050.SZ,000050,20251209,91503920,0,251303,0,S,95900,1300,
000050.SZ,000050,20251209,91503920,0,251304,0,S,100800,1400,
000050.SZ,000050,20251209,91503930,0,251699,0,S,93100,400,
000050.SZ,000050,20251209,91503950,0,252124,0,S,96000,400,
000050.SZ,000050,20251209,91504020,0,253326,0,S,101500,1000,
000050.SZ,000050,20251209,91504090,0,254035,0,S,95700,200,
000050.SZ,000050,20251209,91504090,0,254073,0,B,90100,600,
000050.SZ,000050,20251209,91504100,0,254108,0,S,96800,400,
000050.SZ,000050,20251209,91504100,0,254110,0,S,101500,1400,
000050.SZ,000050,20251209,91504130,0,254457,0,S,93700,2000,
000050.SZ,000050,20251209,91504130,0,254464,0,B,92000,800,
000050.SZ,000050,20251209,91504130,0,254467,0,B,92000,400,
000050.SZ,000050,20251209,91504130,0,254471,0,B,92000,200,
000050.SZ,000050,20251209,91504160,0,254775,0,S,95200,400,
000050.SZ,000050,20251209,91504270,0,256335,0,B,92000,200,
000050.SZ,000050,20251209,91504300,0,256907,0,S,101500,500,
000050.SZ,000050,20251209,91504340,0,257173,0,S,100800,2000,
000050.SZ,000050,20251209,91504440,0,258481,0,S,94300,400,
000050.SZ,000050,20251209,91504440,0,258487,0,S,94300,200,
000050.SZ,000050,20251209,91504440,0,258489,0,S,94300,100,
000050.SZ,000050,20251209,91504460,0,258625,0,S,94300,100,
000050.SZ,000050,20251209,91504500,0,259378,0,S,98400,4500,
000050.SZ,000050,20251209,91504560,0,260614,0,S,95000,700,
000050.SZ,000050,20251209,91504620,0,261628,0,S,101500,5000,
000050.SZ,000050,20251209,91504750,0,263147,0,S,101300,4000,
000050.SZ,000050,20251209,91504850,0,263294,0,S,101500,100,
000050.SZ,000050,20251209,91504910,0,263595,0,S,99300,500,
000050.SZ,000050,20251209,91504940,0,263917,0,S,93400,11000,
000050.SZ,000050,20251209,91504950,0,264091,0,S,97300,300,
000050.SZ,000050,20251209,91505100,0,264957,0,B,92300,200,
000050.SZ,000050,20251209,91505110,0,265067,0,S,101000,600,
000050.SZ,000050,20251209,91505140,0,265188,0,B,85500,600,
000050.SZ,000050,20251209,91505260,0,266371,0,B,85000,100,
000050.SZ,000050,20251209,91505270,0,266434,0,B,83100,12100,
000050.SZ,000050,20251209,91505470,0,267496,0,S,101500,300,
000050.SZ,000050,20251209,91505490,0,267648,0,S,97000,20000,
000050.SZ,000050,20251209,91505490,0,267661,0,S,99000,30000,
000050.SZ,000050,20251209,91505490,0,267667,0,S,100000,50000,
000050.SZ,000050,20251209,91505490,0,267671,0,S,101000,50000,
000050.SZ,000050,20251209,91505490,0,267675,0,S,101500,50000,
000050.SZ,000050,20251209,91505510,0,268022,0,S,95800,2000,
000050.SZ,000050,20251209,91505530,0,268155,0,S,101000,8500,
000050.SZ,000050,20251209,91505920,0,271536,0,S,99900,4000,
000050.SZ,000050,20251209,91506350,0,273509,0,S,101000,5000,
000050.SZ,000050,20251209,91506350,0,273510,0,S,95200,1000,
000050.SZ,000050,20251209,91506400,0,273631,0,B,91000,1500,
000050.SZ,000050,20251209,91506400,0,273694,0,S,101500,100,
000050.SZ,000050,20251209,91506430,0,273865,0,S,101500,30000,
000050.SZ,000050,20251209,91506540,0,274585,0,S,101500,100,
000050.SZ,000050,20251209,91506730,0,276132,0,B,90700,2600,
000050.SZ,000050,20251209,91507150,0,277436,0,S,97800,1000,
000050.SZ,000050,20251209,91507150,0,277438,0,S,101000,1000,
000050.SZ,000050,20251209,91507180,0,277673,0,S,97200,1700,
000050.SZ,000050,20251209,91507210,0,277926,0,S,101500,100,
000050.SZ,000050,20251209,91507280,0,278134,0,S,101500,800,
000050.SZ,000050,20251209,91507410,0,278456,0,B,90900,1700,
000050.SZ,000050,20251209,91507470,0,278514,0,B,85700,200,
000050.SZ,000050,20251209,91507470,0,278515,0,S,101500,100,
000050.SZ,000050,20251209,91507490,0,278590,0,S,99900,1100,
000050.SZ,000050,20251209,91507650,0,279869,0,B,89700,2700,
000050.SZ,000050,20251209,91507930,0,280481,0,S,101500,100,
000050.SZ,000050,20251209,91507930,0,280482,0,S,101400,100,
000050.SZ,000050,20251209,91507930,0,280491,0,B,93100,100,
000050.SZ,000050,20251209,91507930,0,280506,0,S,101000,100,
000050.SZ,000050,20251209,91508660,0,282266,0,S,94300,11600,
000050.SZ,000050,20251209,91508680,0,282417,0,S,93900,1000,
000050.SZ,000050,20251209,91509120,0,283177,0,S,101500,4000,
000050.SZ,000050,20251209,91509610,0,283969,0,S,95000,20000,
000050.SZ,000050,20251209,91509610,0,283973,0,S,96000,20000,
000050.SZ,000050,20251209,91509610,0,283975,0,S,98000,20000,
000050.SZ,000050,20251209,91510020,0,284674,0,B,95100,600,
000050.SZ,000050,20251209,91510930,0,285982,0,S,92400,200,
000050.SZ,000050,20251209,91511060,0,286194,0,S,101500,5100,
000050.SZ,000050,20251209,91511720,0,287058,0,B,92400,200,
000050.SZ,000050,20251209,91511850,0,287093,0,B,91500,10000,
000050.SZ,000050,20251209,91512590,0,287677,0,S,95300,5100,
000050.SZ,000050,20251209,91512640,0,287824,0,S,95200,100,
000050.SZ,000050,20251209,91516010,0,288832,0,S,93600,100,
000050.SZ,000050,20251209,91516010,0,288834,0,B,90700,100,
000050.SZ,000050,20251209,91516410,0,288923,0,S,94000,200,
000050.SZ,000050,20251209,91516980,0,288990,0,B,92400,200,
000050.SZ,000050,20251209,91517040,0,289006,0,S,94500,100,
000050.SZ,000050,20251209,91517040,0,289007,0,B,90700,100,
000050.SZ,000050,20251209,91518220,0,289225,0,S,101500,1000,
000050.SZ,000050,20251209,91525720,0,290707,0,S,99800,500,
000050.SZ,000050,20251209,91527940,0,291139,0,S,95500,100,
000050.SZ,000050,20251209,91527940,0,291140,0,B,91100,100,
000050.SZ,000050,20251209,91528980,0,291357,0,S,101400,1000,
000050.SZ,000050,20251209,91530520,0,291689,0,B,83100,11900,
000050.SZ,000050,20251209,91531960,0,291999,0,B,92400,200,
000050.SZ,000050,20251209,91535330,0,292785,0,S,93000,100,
000050.SZ,000050,20251209,91541330,0,294226,0,S,93500,100,
000050.SZ,000050,20251209,91546970,0,295577,0,S,95900,100,
000050.SZ,000050,20251209,91546970,0,295578,0,B,88700,100,
000050.SZ,000050,20251209,91547010,0,295599,0,B,92400,200,
000050.SZ,000050,20251209,91547360,0,295711,0,S,94000,100,
000050.SZ,000050,20251209,91553420,0,297251,0,S,94500,100,
000050.SZ,000050,20251209,91559480,0,298841,0,S,95000,100,
000050.SZ,000050,20251209,91604470,0,300280,0,B,83100,100,
000050.SZ,000050,20251209,91604470,0,300281,0,B,83100,100,
000050.SZ,000050,20251209,91604470,0,300282,0,B,83100,100,
000050.SZ,000050,20251209,91604470,0,300283,0,B,83100,100,
000050.SZ,000050,20251209,91605190,0,300520,0,S,95000,2300,
000050.SZ,000050,20251209,91605550,0,300624,0,B,92000,100,
000050.SZ,000050,20251209,91610500,0,301920,0,S,96800,100,
000050.SZ,000050,20251209,91611690,0,302253,0,B,91500,100,
000050.SZ,000050,20251209,91613500,0,302722,0,S,101000,1000,
000050.SZ,000050,20251209,91614040,0,302862,0,B,87800,100,
000050.SZ,000050,20251209,91615870,0,303333,0,S,92400,400,
000050.SZ,000050,20251209,91616630,0,303537,0,S,101500,12900,
000050.SZ,000050,20251209,91620240,0,304442,0,S,95100,1000,
000050.SZ,000050,20251209,91623430,0,305218,0,B,92000,2000,
000050.SZ,000050,20251209,91623550,0,305250,0,S,93000,2000,
000050.SZ,000050,20251209,91624760,0,305551,0,S,94900,1000,
000050.SZ,000050,20251209,91630710,0,307361,0,S,94800,800,
000050.SZ,000050,20251209,91631820,0,307796,0,B,83100,100,
000050.SZ,000050,20251209,91635100,0,308666,0,S,98000,2000,
000050.SZ,000050,20251209,91637670,0,309356,0,S,94300,1000,
000050.SZ,000050,20251209,91644280,0,311072,0,S,101500,600,
000050.SZ,000050,20251209,91655570,0,314154,0,S,92900,2500,
000050.SZ,000050,20251209,91659240,0,315190,0,B,90500,200,
000050.SZ,000050,20251209,91659280,0,315199,0,S,92300,300,
000050.SZ,000050,20251209,91700080,0,315453,0,B,91000,100,
000050.SZ,000050,20251209,91703790,0,316623,0,S,101500,500,
000050.SZ,000050,20251209,91706910,0,317557,0,S,93200,2500,
000050.SZ,000050,20251209,91730890,0,324778,0,S,101500,500,
000050.SZ,000050,20251209,91734070,0,325777,0,S,101500,5000,
000050.SZ,000050,20251209,91734910,0,326027,0,S,92900,2000,
000050.SZ,000050,20251209,91737660,0,326932,0,B,90700,600,
000050.SZ,000050,20251209,91740120,0,327762,0,S,101300,12500,
000050.SZ,000050,20251209,91745490,0,329473,0,S,101500,2000,
000050.SZ,000050,20251209,91747020,0,329979,0,S,95800,100,
000050.SZ,000050,20251209,91803230,0,335252,0,S,94000,2000,
000050.SZ,000050,20251209,91809630,0,337297,0,S,93100,2000,
000050.SZ,000050,20251209,91812690,0,338279,0,S,94500,1000,
000050.SZ,000050,20251209,91816870,0,339675,0,B,92400,100,
000050.SZ,000050,20251209,91826060,0,342831,0,S,95000,900,
000050.SZ,000050,20251209,91835460,0,346063,0,S,93200,6500,
000050.SZ,000050,20251209,91845410,0,349466,0,S,101300,1000,
000050.SZ,000050,20251209,91846260,0,349760,0,S,95800,6000,
000050.SZ,000050,20251209,91856800,0,353412,0,S,92400,1700,
000050.SZ,000050,20251209,91857310,0,353598,0,S,101500,300,
000050.SZ,000050,20251209,91900170,0,354637,0,S,96800,3000,
000050.SZ,000050,20251209,91903160,0,355718,0,S,87700,100,
000050.SZ,000050,20251209,91904640,0,356250,0,S,99400,6000,
000050.SZ,000050,20251209,91905110,0,356437,0,S,99900,1000,
000050.SZ,000050,20251209,91914990,0,360273,0,S,93300,5200,
000050.SZ,000050,20251209,91919070,0,361793,0,S,98800,1000,
000050.SZ,000050,20251209,91920390,0,362302,0,S,94800,4000,
000050.SZ,000050,20251209,91929020,0,365538,0,S,92600,300,
000050.SZ,000050,20251209,91930400,0,366054,0,S,101000,1000,
000050.SZ,000050,20251209,91930680,0,366157,0,S,93500,5000,
000050.SZ,000050,20251209,91944030,0,371016,0,S,93600,5000,
000050.SZ,000050,20251209,91947420,0,372248,0,S,92800,8000,
000050.SZ,000050,20251209,91947820,0,372410,0,S,96100,5000,
000050.SZ,000050,20251209,91953040,0,374405,0,B,91400,1000,
000050.SZ,000050,20251209,91954210,0,374905,0,S,101500,5000,
000050.SZ,000050,20251209,91957380,0,376180,0,S,95700,2000,
000050.SZ,000050,20251209,92001080,0,377732,0,B,96900,100,
000050.SZ,000050,20251209,92001900,0,378065,0,S,92800,10000,
000050.SZ,000050,20251209,92001930,0,378082,0,B,101500,200,
000050.SZ,000050,20251209,92002070,0,378168,0,B,94100,100,
000050.SZ,000050,20251209,92002080,0,378191,0,S,90500,100,
000050.SZ,000050,20251209,92002490,0,378351,0,S,93500,2600,
000050.SZ,000050,20251209,92005010,0,379304,0,B,94100,100,
000050.SZ,000050,20251209,92005210,0,379392,0,B,92400,1000,
000050.SZ,000050,20251209,92010600,0,381305,0,S,94300,100,
000050.SZ,000050,20251209,92012640,0,382013,0,S,91000,1900,
000050.SZ,000050,20251209,92013380,0,382232,0,S,95000,1000,
000050.SZ,000050,20251209,92014840,0,382685,0,S,93800,300,
000050.SZ,000050,20251209,92016610,0,383203,0,S,99000,2100,
000050.SZ,000050,20251209,92022050,0,385000,0,S,95300,2000,
000050.SZ,000050,20251209,92023460,0,385491,0,B,99700,400,
000050.SZ,000050,20251209,92023750,0,385571,0,S,94100,300,
000050.SZ,000050,20251209,92023810,0,385593,0,B,91800,2000,
000050.SZ,000050,20251209,92025560,0,386196,0,B,99700,200,
000050.SZ,000050,20251209,92026000,0,386366,0,S,101500,1000,
000050.SZ,000050,20251209,92028350,0,387153,0,S,100800,1000,
000050.SZ,000050,20251209,92030750,0,387993,0,S,94500,300,
000050.SZ,000050,20251209,92036530,0,390021,0,B,92400,200,
000050.SZ,000050,20251209,92036710,0,390090,0,S,94800,300,
000050.SZ,000050,20251209,92040030,0,391237,0,B,86500,1000,
000050.SZ,000050,20251209,92042730,0,392216,0,S,95100,300,
000050.SZ,000050,20251209,92043590,0,392495,0,S,95500,2700,
000050.SZ,000050,20251209,92046120,0,393374,0,S,92000,8400,
000050.SZ,000050,20251209,92047530,0,393897,0,S,101400,1000,
000050.SZ,000050,20251209,92049160,0,394465,0,S,92700,5000,
000050.SZ,000050,20251209,92050120,0,394793,0,S,96400,400,
000050.SZ,000050,20251209,92050190,0,394806,0,B,92000,500,
000050.SZ,000050,20251209,92050190,0,394807,0,S,101400,400,
000050.SZ,000050,20251209,92050890,0,395046,0,S,95500,300,
000050.SZ,000050,20251209,92054160,0,396292,0,S,90500,100,
000050.SZ,000050,20251209,92055250,0,396673,0,S,93300,1000,
000050.SZ,000050,20251209,92058040,0,397686,0,S,95000,3200,
000050.SZ,000050,20251209,92059160,0,398088,0,S,96000,1100,
000050.SZ,000050,20251209,92059600,0,398254,0,S,101500,500,
000050.SZ,000050,20251209,92100170,0,398461,0,S,87700,100,
000050.SZ,000050,20251209,92102830,0,399493,0,S,98400,400,
000050.SZ,000050,20251209,92103050,0,399580,0,S,91000,2000,
000050.SZ,000050,20251209,92104670,0,400184,0,S,101500,3000,
000050.SZ,000050,20251209,92105520,0,400519,0,S,94400,500,
000050.SZ,000050,20251209,92105530,0,400521,0,B,101500,200,
000050.SZ,000050,20251209,92105640,0,400569,0,S,101500,2800,
000050.SZ,000050,20251209,92106360,0,400863,0,S,94000,2000,
000050.SZ,000050,20251209,92114980,0,404149,0,B,90100,1000,
000050.SZ,000050,20251209,92116670,0,404823,0,S,92900,2000,
000050.SZ,000050,20251209,92117120,0,404998,0,S,95000,1000,
000050.SZ,000050,20251209,92120060,0,406126,0,S,100400,2000,
000050.SZ,000050,20251209,92123210,0,407381,0,S,94500,800,
000050.SZ,000050,20251209,92127020,0,408885,0,B,101500,100,
000050.SZ,000050,20251209,92127650,0,409122,0,B,91200,500,
000050.SZ,000050,20251209,92129950,0,410084,0,S,94400,300,
000050.SZ,000050,20251209,92133940,0,411659,0,S,96300,500,
000050.SZ,000050,20251209,92135000,0,412100,0,B,92200,1500,
000050.SZ,000050,20251209,92136150,0,412547,0,S,100000,1400,
000050.SZ,000050,20251209,92137730,0,413207,0,S,101500,6000,
000050.SZ,000050,20251209,92140590,0,414344,0,S,95100,500,
000050.SZ,000050,20251209,92141200,0,414597,0,S,101500,500,
000050.SZ,000050,20251209,92153350,0,419597,0,B,85800,1400,
000050.SZ,000050,20251209,92157830,0,421510,0,B,91500,5000,
000050.SZ,000050,20251209,92201210,0,423198,0,S,95300,200,
000050.SZ,000050,20251209,92207560,0,426248,0,S,93700,5000,
000050.SZ,000050,20251209,92210250,0,427424,0,S,95000,500,
000050.SZ,000050,20251209,92212100,0,428201,0,S,94800,3600,
000050.SZ,000050,20251209,92217340,0,430419,0,S,93900,1100,
000050.SZ,000050,20251209,92226630,0,434675,0,B,90000,1400,
000050.SZ,000050,20251209,92229420,0,436039,0,S,101500,3000,
000050.SZ,000050,20251209,92229830,0,436244,0,S,101500,500,
000050.SZ,000050,20251209,92231190,0,436893,0,S,101500,1500,
000050.SZ,000050,20251209,92236530,0,439219,0,S,96900,1200,
000050.SZ,000050,20251209,92237410,0,439609,0,S,94400,6000,
000050.SZ,000050,20251209,92240360,0,440944,0,S,99800,9200,
000050.SZ,000050,20251209,92246680,0,444120,0,S,92300,2000,
000050.SZ,000050,20251209,92249070,0,445237,0,B,91400,500,
000050.SZ,000050,20251209,92253640,0,447444,0,S,98800,1000,
000050.SZ,000050,20251209,92253700,0,447465,0,S,101500,5000,
000050.SZ,000050,20251209,92257650,0,449368,0,B,92300,1100,
000050.SZ,000050,20251209,92258540,0,449759,0,B,90900,1000,
000050.SZ,000050,20251209,92305340,0,453072,0,S,101500,5000,
000050.SZ,000050,20251209,92306580,0,453643,0,S,93300,1000,
000050.SZ,000050,20251209,92307730,0,454194,0,S,92300,300,
000050.SZ,000050,20251209,92308120,0,454382,0,S,94300,2000,
000050.SZ,000050,20251209,92308840,0,454731,0,S,94300,2100,
000050.SZ,000050,20251209,92316290,0,458564,0,S,99600,3000,
000050.SZ,000050,20251209,92318490,0,459649,0,S,92300,1000,
000050.SZ,000050,20251209,92321580,0,461330,0,S,93500,8000,
000050.SZ,000050,20251209,92323170,0,462190,0,S,95200,700,
000050.SZ,000050,20251209,92324300,0,462812,0,B,92400,1000,
000050.SZ,000050,20251209,92326340,0,463946,0,S,101500,500,
000050.SZ,000050,20251209,92326500,0,464028,0,S,94300,500,
000050.SZ,000050,20251209,92327010,0,464354,0,S,92300,8100,
000050.SZ,000050,20251209,92327160,0,464441,0,S,90500,100,
000050.SZ,000050,20251209,92327660,0,464719,0,B,91600,5000,
000050.SZ,000050,20251209,92328780,0,465323,0,S,94700,2000,
000050.SZ,000050,20251209,92328870,0,465373,0,S,92500,200,
000050.SZ,000050,20251209,92329490,0,465669,0,B,92300,300,
000050.SZ,000050,20251209,92331360,0,466705,0,S,92300,1200,
000050.SZ,000050,20251209,92332000,0,467042,0,B,90100,2000,
000050.SZ,000050,20251209,92335540,0,469043,0,S,91000,1200,
000050.SZ,000050,20251209,92335840,0,469191,0,S,96500,5400,
000050.SZ,000050,20251209,92336050,0,469294,0,B,92300,800,
000050.SZ,000050,20251209,92337100,0,469950,0,S,93000,10000,
000050.SZ,000050,20251209,92337660,0,470303,0,S,99900,3000,
000050.SZ,000050,20251209,92339500,0,471321,0,B,92300,1100,
000050.SZ,000050,20251209,92341950,0,472653,0,S,93000,3200,
000050.SZ,000050,20251209,92345220,0,474594,0,S,87700,100,
000050.SZ,000050,20251209,92346980,0,475685,0,S,92300,2000,
000050.SZ,000050,20251209,92348200,0,476471,0,S,99000,35300,
000050.SZ,000050,20251209,92349030,0,476930,0,S,94500,18700,
000050.SZ,000050,20251209,92349990,0,477503,0,B,91900,1000,
000050.SZ,000050,20251209,92350220,0,477653,0,S,88600,200,
000050.SZ,000050,20251209,92354180,0,479960,0,B,90000,1000,
000050.SZ,000050,20251209,92354390,0,480097,0,S,92900,1000,
000050.SZ,000050,20251209,92359780,0,483312,0,S,92000,1100,
000050.SZ,000050,20251209,92400180,0,483700,0,S,87700,500,
000050.SZ,000050,20251209,92400570,0,483955,0,B,91700,500,
000050.SZ,000050,20251209,92404430,0,486534,0,B,92300,3300,
000050.SZ,000050,20251209,92405720,0,487390,0,S,101500,4600,
000050.SZ,000050,20251209,92406050,0,487631,0,B,92300,800,
000050.SZ,000050,20251209,92407010,0,488346,0,S,92700,1000,
000050.SZ,000050,20251209,92408110,0,489102,0,B,88500,1000,
000050.SZ,000050,20251209,92408160,0,489131,0,S,101500,2000,
000050.SZ,000050,20251209,92409370,0,489952,0,S,92800,1000,
000050.SZ,000050,20251209,92410790,0,490945,0,S,92300,10000,
000050.SZ,000050,20251209,92411210,0,491276,0,S,83100,2800,
000050.SZ,000050,20251209,92412160,0,492021,0,S,90500,100,
000050.SZ,000050,20251209,92412980,0,492650,0,S,93200,1100,
000050.SZ,000050,20251209,92412990,0,492658,0,S,91000,1300,
000050.SZ,000050,20251209,92414770,0,494059,0,B,90300,1400,
000050.SZ,000050,20251209,92415940,0,494977,0,S,101000,100,
000050.SZ,000050,20251209,92417240,0,496024,0,S,92300,600,
000050.SZ,000050,20251209,92418040,0,496665,0,S,93500,2000,
000050.SZ,000050,20251209,92420830,0,499044,0,B,90900,1500,
000050.SZ,000050,20251209,92421260,0,499388,0,S,94500,1500,
000050.SZ,000050,20251209,92422370,0,500391,0,S,90700,3000,
000050.SZ,000050,20251209,92424260,0,501971,0,S,93300,3000,
000050.SZ,000050,20251209,92429450,0,506691,0,S,94300,1200,
000050.SZ,000050,20251209,92431060,0,508260,0,B,92800,100,
000050.SZ,000050,20251209,92436060,0,512774,0,B,92300,800,
000050.SZ,000050,20251209,92437350,0,514032,0,S,98800,1400,
000050.SZ,000050,20251209,92445680,0,522852,0,S,101100,200,
000050.SZ,000050,20251209,92447060,0,524280,0,B,87000,1000,
000050.SZ,000050,20251209,92448430,0,525804,0,S,83100,400,
000050.SZ,000050,20251209,92450390,0,528953,0,S,90900,900,
000050.SZ,000050,20251209,92451930,0,531240,0,S,90600,400,
000050.SZ,000050,20251209,92452580,0,532023,0,S,92100,28500,
000050.SZ,000050,20251209,92453210,0,532958,0,B,101500,300,
000050.SZ,000050,20251209,92453730,0,533748,0,S,101300,3000,
000050.SZ,000050,20251209,92454210,0,534356,0,B,92900,10000,
000050.SZ,000050,20251209,92454330,0,534533,0,S,89500,1200,
000050.SZ,000050,20251209,92454560,0,534898,0,B,93200,300,
000050.SZ,000050,20251209,92454980,0,535614,0,B,93200,100,
000050.SZ,000050,20251209,92455030,0,535797,0,S,92300,700,
000050.SZ,000050,20251209,92455030,0,535813,0,S,92300,900,
000050.SZ,000050,20251209,92455580,0,536851,0,B,93200,100,
000050.SZ,000050,20251209,92455880,0,537509,0,S,91400,200,
000050.SZ,000050,20251209,92455980,0,537745,0,B,93200,100,
000050.SZ,000050,20251209,92455980,0,537747,0,B,93200,200,
000050.SZ,000050,20251209,92456300,0,538744,0,S,91400,100,
000050.SZ,000050,20251209,92456660,0,539993,0,B,92300,100,
000050.SZ,000050,20251209,92457160,0,541436,0,S,90500,200,
000050.SZ,000050,20251209,92457170,0,541474,0,B,92100,200,
000050.SZ,000050,20251209,92457240,0,541682,0,S,87700,200,
000050.SZ,000050,20251209,92457530,0,542644,0,S,90500,1600,
000050.SZ,000050,20251209,92457840,0,543706,0,S,91400,6900,
000050.SZ,000050,20251209,92458650,0,546893,0,S,90400,2200,
000050.SZ,000050,20251209,92458700,0,547102,0,S,90200,1000,
000050.SZ,000050,20251209,92459500,0,550059,0,S,93800,3500,
000050.SZ,000050,20251209,92459570,0,550518,0,S,92000,9400,
000050.SZ,000050,20251209,92459580,0,550555,0,S,92000,700,
000050.SZ,000050,20251209,92459790,0,551436,0,B,93000,100,
000050.SZ,000050,20251209,92459820,0,551596,0,B,97000,10300,
000050.SZ,000050,20251209,92459920,0,552352,0,S,89300,1500,
000050.SZ,000050,20251209,93000030,0,643873,0,B,93400,1000,
000050.SZ,000050,20251209,93000050,0,647842,0,S,92000,2400,
000050.SZ,000050,20251209,93000050,0,648813,0,S,92000,9000,
000050.SZ,000050,20251209,93000060,0,654523,0,S,101500,1300,
000050.SZ,000050,20251209,93000060,0,658188,0,S,95600,1300,
000050.SZ,000050,20251209,93000060,0,658883,0,S,93900,4000,
000050.SZ,000050,20251209,93000060,0,659087,0,S,92000,600,
000050.SZ,000050,20251209,93000060,0,661532,0,S,101500,400,
000050.SZ,000050,20251209,93000060,0,661835,0,S,92100,2200,
000050.SZ,000050,20251209,93000070,0,665108,0,S,92000,17000,
000050.SZ,000050,20251209,93000070,0,666463,0,B,83100,200,
000050.SZ,000050,20251209,93000080,0,670781,0,S,91800,1500,
000050.SZ,000050,20251209,93000080,0,672987,0,B,91800,1100,
000050.SZ,000050,20251209,93000080,0,673620,0,B,92100,1600,
000050.SZ,000050,20251209,93000090,0,676025,0,B,92100,1300,
000050.SZ,000050,20251209,93000100,0,679445,0,S,93500,1100,
000050.SZ,000050,20251209,93000100,0,684413,0,S,99800,1000,
000050.SZ,000050,20251209,93000110,0,685976,0,S,92100,5600,
000050.SZ,000050,20251209,93000120,0,693413,0,S,92000,1700,
000050.SZ,000050,20251209,93000130,0,696259,0,B,91400,1000,
000050.SZ,000050,20251209,93000130,0,696622,0,S,92000,1000,
000050.SZ,000050,20251209,93000130,0,697049,0,S,98000,200,
000050.SZ,000050,20251209,93000130,0,697457,0,B,90900,1000,
000050.SZ,000050,20251209,93000130,0,698259,0,S,101500,100,
000050.SZ,000050,20251209,93000130,0,700259,0,B,91800,800,
000050.SZ,000050,20251209,93000140,0,701950,0,S,101500,500,
000050.SZ,000050,20251209,93000140,0,705562,0,B,90900,2000,
000050.SZ,000050,20251209,93000140,0,707669,0,S,95200,1000,
000050.SZ,000050,20251209,93000160,0,714803,0,S,94900,2000,
000050.SZ,000050,20251209,93000160,0,714986,0,S,91900,12000,
000050.SZ,000050,20251209,93000160,0,715587,0,B,92100,6000,
000050.SZ,000050,20251209,93000160,0,717107,0,S,92900,6900,
000050.SZ,000050,20251209,93000170,0,723372,0,B,83200,1000,
000050.SZ,000050,20251209,93000180,0,724865,0,S,93800,19400,
000050.SZ,000050,20251209,93000190,0,728976,0,B,92000,25900,
000050.SZ,000050,20251209,93000190,0,731809,0,S,93000,40400,
000050.SZ,000050,20251209,93000190,0,731931,0,S,96200,2000,
000050.SZ,000050,20251209,93000190,0,732457,0,S,94900,500,
000050.SZ,000050,20251209,93000200,0,734211,0,B,91700,100,
000050.SZ,000050,20251209,93000200,0,734326,0,S,95300,1000,
000050.SZ,000050,20251209,93000200,0,734816,0,S,101100,2000,
000050.SZ,000050,20251209,93000200,0,735004,0,S,92000,300,
000050.SZ,000050,20251209,93000200,0,736606,0,B,90100,200,
000050.SZ,000050,20251209,93000210,0,738030,0,S,94300,1300,
000050.SZ,000050,20251209,93000220,0,743270,0,B,91300,700,
000050.SZ,000050,20251209,93000230,0,745501,0,B,90400,3800,
000050.SZ,000050,20251209,93000240,0,747322,0,S,95000,1800,
000050.SZ,000050,20251209,93000240,0,747864,0,B,91600,500,
000050.SZ,000050,20251209,93000240,0,749147,0,B,92000,100,
000050.SZ,000050,20251209,93000250,0,751381,0,B,92200,200,
000050.SZ,000050,20251209,93000250,0,752559,0,B,91600,500,
000050.SZ,000050,20251209,93000270,0,759415,0,B,86500,1000,
000050.SZ,000050,20251209,93000270,0,759815,0,B,92100,100,
000050.SZ,000050,20251209,93000270,0,761484,0,S,94200,1000,
000050.SZ,000050,20251209,93000280,0,763502,0,B,92100,300,
000050.SZ,000050,20251209,93000280,0,763947,0,B,90700,1000,
000050.SZ,000050,20251209,93000290,0,764924,0,S,94400,10000,
000050.SZ,000050,20251209,93000290,0,765834,0,S,92100,1100,
000050.SZ,000050,20251209,93000290,0,767582,0,B,90900,1000,
000050.SZ,000050,20251209,93000300,0,768092,0,S,93800,3800,
000050.SZ,000050,20251209,93000300,0,768831,0,B,91900,1000,
000050.SZ,000050,20251209,93000300,0,770160,0,S,93500,2000,
000050.SZ,000050,20251209,93000300,0,770884,0,B,91600,200,
000050.SZ,000050,20251209,93000310,0,773179,0,B,91800,400,
000050.SZ,000050,20251209,93000340,0,781649,0,S,91900,1000,
000050.SZ,000050,20251209,93000350,0,782134,0,B,92000,300,
000050.SZ,000050,20251209,93000350,0,782138,0,S,91900,200,
000050.SZ,000050,20251209,93000350,0,782146,0,S,91800,100,
000050.SZ,000050,20251209,93000350,0,782160,0,S,92000,100,
000050.SZ,000050,20251209,93000350,0,782186,0,S,91900,100,
000050.SZ,000050,20251209,93000350,0,782280,0,B,92000,300,
000050.SZ,000050,20251209,93000350,0,783760,0,B,92000,200,
000050.SZ,000050,20251209,93000360,0,786561,0,B,92100,600,
000050.SZ,000050,20251209,93000360,0,786714,0,S,91900,100,
000050.SZ,000050,20251209,93000370,0,787596,0,S,92300,27800,
000050.SZ,000050,20251209,93000390,0,792525,0,S,98000,5000,
000050.SZ,000050,20251209,93000390,0,792576,0,B,91800,5000,
000050.SZ,000050,20251209,93000400,0,794636,0,S,93100,5600,
000050.SZ,000050,20251209,93000410,0,795005,0,B,92000,300,
000050.SZ,000050,20251209,93000410,0,795010,0,B,92000,300,
000050.SZ,000050,20251209,93000410,0,795016,0,B,92000,300,
000050.SZ,000050,20251209,93000410,0,795056,0,B,92000,300,
000050.SZ,000050,20251209,93000410,0,795889,0,B,91900,300,
000050.SZ,000050,20251209,93000420,0,796804,0,B,92000,100,
000050.SZ,000050,20251209,93000420,0,796857,0,B,92000,100,
000050.SZ,000050,20251209,93000430,0,799156,0,S,91900,47300,
000050.SZ,000050,20251209,93000440,0,800193,0,B,91800,3000,
000050.SZ,000050,20251209,93000450,0,802319,0,B,91900,3000,
000050.SZ,000050,20251209,93000450,0,803283,0,B,91800,3100,
000050.SZ,000050,20251209,93000480,0,807202,0,S,92000,5000,
000050.SZ,000050,20251209,93000480,0,807502,0,S,94400,4000,
000050.SZ,000050,20251209,93000480,0,807562,0,B,91800,800,
000050.SZ,000050,20251209,93000500,0,810114,0,B,91600,600,
000050.SZ,000050,20251209,93000520,0,812591,0,S,101500,2000,
000050.SZ,000050,20251209,93000520,0,812850,0,B,90000,2000,
000050.SZ,000050,20251209,93000520,0,812857,0,S,92100,2000,
000050.SZ,000050,20251209,93000540,0,815223,0,B,91800,1000,
000050.SZ,000050,20251209,93000550,0,817618,0,S,95800,400,
000050.SZ,000050,20251209,93000560,0,819816,0,S,92100,20000,
000050.SZ,000050,20251209,93000560,0,820286,0,S,92000,5000,
000050.SZ,000050,20251209,93000570,0,820814,0,S,92000,1300,
000050.SZ,000050,20251209,93000580,0,821941,0,B,91900,2000,
000050.SZ,000050,20251209,93000590,0,823552,0,B,91800,6600,
000050.SZ,000050,20251209,93000620,0,829341,0,S,92600,1300,
000050.SZ,000050,20251209,93000640,0,831663,0,S,95200,10000,
000050.SZ,000050,20251209,93000640,0,831862,0,B,91800,21600,
000050.SZ,000050,20251209,93000660,0,835276,0,S,91900,600,
000050.SZ,000050,20251209,93000680,0,839224,0,B,91100,1000,
000050.SZ,000050,20251209,93000680,0,839275,0,S,92000,3000,
000050.SZ,000050,20251209,93000680,0,839401,0,S,98000,4300,
000050.SZ,000050,20251209,93000690,0,841838,0,S,95000,200,
000050.SZ,000050,20251209,93000710,0,843769,0,S,92700,500,
000050.SZ,000050,20251209,93000710,0,843869,0,S,92000,2000,
000050.SZ,000050,20251209,93000720,0,844975,0,B,91800,10000,
000050.SZ,000050,20251209,93000730,0,846084,0,B,92000,100,
000050.SZ,000050,20251209,93000730,0,846393,0,S,92000,5400,
000050.SZ,000050,20251209,93000730,0,846800,0,B,91800,3000,
000050.SZ,000050,20251209,93000740,0,847438,0,B,91800,2000,
000050.SZ,000050,20251209,93000740,0,847663,0,S,94000,1000,
000050.SZ,000050,20251209,93000740,0,849402,0,S,99800,1000,
000050.SZ,000050,20251209,93000750,0,850102,0,S,97300,1000,
000050.SZ,000050,20251209,93000750,0,850487,0,B,91500,1000,
000050.SZ,000050,20251209,93000780,0,853854,0,B,91100,16800,
000050.SZ,000050,20251209,93000800,0,857861,0,S,100000,6000,
000050.SZ,000050,20251209,93000820,0,860665,0,B,91700,4000,
000050.SZ,000050,20251209,93000820,0,860956,0,S,97000,1500,
000050.SZ,000050,20251209,93000830,0,862370,0,B,92000,200,
000050.SZ,000050,20251209,93000850,0,866204,0,B,92000,300,
000050.SZ,000050,20251209,93000850,0,866206,0,B,92000,300,
000050.SZ,000050,20251209,93000850,0,866214,0,B,92000,300,
000050.SZ,000050,20251209,93000860,0,866724,0,S,92000,16100,
000050.SZ,000050,20251209,93000860,0,867957,0,S,91800,31900,
000050.SZ,000050,20251209,93000880,0,870260,0,S,91900,100,
000050.SZ,000050,20251209,93000890,0,870630,0,B,91600,3000,
000050.SZ,000050,20251209,93000900,0,872511,0,B,91400,500,
000050.SZ,000050,20251209,93000910,0,874270,0,B,91900,900,
000050.SZ,000050,20251209,93000930,0,876281,0,B,91800,2200,
000050.SZ,000050,20251209,93000930,0,877452,0,S,95800,1500,
000050.SZ,000050,20251209,93000940,0,878980,0,S,92300,17100,
000050.SZ,000050,20251209,93000950,0,880164,0,S,101300,5700,
000050.SZ,000050,20251209,93000950,0,880616,0,S,95900,10000,
000050.SZ,000050,20251209,93000960,0,881194,0,B,91900,100,
000050.SZ,000050,20251209,93001010,0,888634,0,S,94300,6800,
000050.SZ,000050,20251209,93001010,0,888740,0,B,92000,300,
000050.SZ,000050,20251209,93001020,0,889996,0,B,91500,1000,
000050.SZ,000050,20251209,93001020,0,890610,0,S,92700,1500,
000050.SZ,000050,20251209,93001020,0,891287,0,B,91500,800,
000050.SZ,000050,20251209,93001020,0,891394,0,B,92000,1000,
000050.SZ,000050,20251209,93001030,0,892860,0,B,92000,800,
000050.SZ,000050,20251209,93001040,0,893194,0,S,92000,3000,
000050.SZ,000050,20251209,93001050,0,894783,0,S,92900,1200,
000050.SZ,000050,20251209,93001050,0,894986,0,S,100200,200,
000050.SZ,000050,20251209,93001050,0,895395,0,B,92000,2500,
000050.SZ,000050,20251209,93001060,0,895747,0,B,92000,2000,
000050.SZ,000050,20251209,93001080,0,897792,0,S,92000,7200,
000050.SZ,000050,20251209,93001080,0,898486,0,B,91900,100,
000050.SZ,000050,20251209,93001080,0,898704,0,B,90200,200,
000050.SZ,000050,20251209,93001120,0,903544,0,B,91700,18000,
000050.SZ,000050,20251209,93001130,0,904426,0,B,90800,5100,
000050.SZ,000050,20251209,93001130,0,904965,0,B,91000,500,
000050.SZ,000050,20251209,93001150,0,906571,0,B,91600,4000,
000050.SZ,000050,20251209,93001150,0,906923,0,S,96200,7500,
000050.SZ,000050,20251209,93001220,0,913351,0,S,92000,700,
000050.SZ,000050,20251209,93001260,0,917072,0,B,90600,100,
000050.SZ,000050,20251209,93001280,0,918453,0,S,101500,3000,
000050.SZ,000050,20251209,93001300,0,920384,0,B,91100,1000,
000050.SZ,000050,20251209,93001340,0,922615,0,S,91800,2100,
000050.SZ,000050,20251209,93001350,0,923813,0,S,91800,2100,
000050.SZ,000050,20251209,93001370,0,925004,0,S,91900,600,
000050.SZ,000050,20251209,93001400,0,927798,0,S,93700,60000,
000050.SZ,000050,20251209,93001430,0,929782,0,B,91700,1300,
000050.SZ,000050,20251209,93001430,0,930274,0,B,91900,200,
000050.SZ,000050,20251209,93001460,0,933129,0,B,91700,500,
000050.SZ,000050,20251209,93001470,0,933852,0,S,92000,1000,
000050.SZ,000050,20251209,93001490,0,935288,0,B,92000,5000,
000050.SZ,000050,20251209,93001500,0,936080,0,B,91600,10000,
000050.SZ,000050,20251209,93001500,0,936240,0,B,91300,5500,
000050.SZ,000050,20251209,93001590,0,944561,0,S,99700,2000,
000050.SZ,000050,20251209,93001600,0,945647,0,B,91900,300,
000050.SZ,000050,20251209,93001610,0,945940,0,S,101500,3000,
000050.SZ,000050,20251209,93001610,0,946732,0,S,95000,400,
000050.SZ,000050,20251209,93001620,0,947469,0,S,93300,1000,
000050.SZ,000050,20251209,93001650,0,950248,0,B,92000,1600,
000050.SZ,000050,20251209,93001680,0,952957,0,B,91900,100,
000050.SZ,000050,20251209,93001680,0,953228,0,S,101100,2000,
000050.SZ,000050,20251209,93001730,0,957526,0,B,91000,200,
000050.SZ,000050,20251209,93001740,0,958256,0,B,92800,200,
000050.SZ,000050,20251209,93001790,0,962496,0,B,91700,500,
000050.SZ,000050,20251209,93001790,0,962952,0,S,101500,500,
000050.SZ,000050,20251209,93001800,0,963804,0,B,91600,100,
000050.SZ,000050,20251209,93001810,0,964375,0,B,90000,100,
000050.SZ,000050,20251209,93001810,0,964408,0,B,91800,3000,
000050.SZ,000050,20251209,93001820,0,965020,0,B,92000,27700,
000050.SZ,000050,20251209,93001940,0,975873,0,B,92100,2500,
000050.SZ,000050,20251209,93001950,0,977301,0,B,91800,1000,
000050.SZ,000050,20251209,93001950,0,977826,0,B,92100,1100,
000050.SZ,000050,20251209,93001970,0,979430,0,B,91900,500,
000050.SZ,000050,20251209,93002040,0,986014,0,B,90000,1000,
000050.SZ,000050,20251209,93002050,0,986650,0,B,91200,500,
000050.SZ,000050,20251209,93002060,0,987607,0,S,92100,600,
000050.SZ,000050,20251209,93002060,0,988036,0,S,91900,600,
000050.SZ,000050,20251209,93002100,0,990246,0,S,92000,4300,
000050.SZ,000050,20251209,93002130,0,992417,0,S,95000,3100,
000050.SZ,000050,20251209,93002140,0,992990,0,S,99000,500,
000050.SZ,000050,20251209,93002140,0,993653,0,S,94900,1300,
000050.SZ,000050,20251209,93002160,0,994807,0,S,93600,2800,
000050.SZ,000050,20251209,93002220,0,998755,0,B,91600,300,
000050.SZ,000050,20251209,93002260,0,1000690,0,B,92100,3200,
000050.SZ,000050,20251209,93002280,0,1002447,0,B,90800,500,
000050.SZ,000050,20251209,93002360,0,1005955,0,S,93300,12800,
000050.SZ,000050,20251209,93002370,0,1006570,0,S,97900,3000,
000050.SZ,000050,20251209,93002410,0,1008565,0,S,91900,500,
000050.SZ,000050,20251209,93002430,0,1009822,0,S,94400,1000,
000050.SZ,000050,20251209,93002450,0,1011576,0,S,94000,3000,
000050.SZ,000050,20251209,93002460,0,1011617,0,S,95500,100,
000050.SZ,000050,20251209,93002500,0,1014303,0,S,101500,2500,
000050.SZ,000050,20251209,93002510,0,1014639,0,S,97300,2600,
000050.SZ,000050,20251209,93002510,0,1014781,0,S,91900,100,
000050.SZ,000050,20251209,93002530,0,1015910,0,S,91900,100,
000050.SZ,000050,20251209,93002540,0,1016267,0,B,91200,500,
000050.SZ,000050,20251209,93002540,0,1016272,0,S,93600,600,
000050.SZ,000050,20251209,93002550,0,1016918,0,S,92100,100,
000050.SZ,000050,20251209,93002650,0,1023864,0,S,98700,2000,
000050.SZ,000050,20251209,93002650,0,1023866,0,S,92000,2000,
000050.SZ,000050,20251209,93002670,0,1025528,0,S,96800,2000,
000050.SZ,000050,20251209,93002700,0,1027132,0,S,93800,3000,
000050.SZ,000050,20251209,93002700,0,1027222,0,S,91400,700,
000050.SZ,000050,20251209,93002730,0,1028388,0,S,93600,11200,
000050.SZ,000050,20251209,93002780,0,1031620,0,B,91900,5400,
000050.SZ,000050,20251209,93002790,0,1031789,0,S,97300,1000,
000050.SZ,000050,20251209,93002810,0,1033473,0,B,91800,100,
000050.SZ,000050,20251209,93002810,0,1033502,0,S,92000,200,
000050.SZ,000050,20251209,93002820,0,1033597,0,S,92000,700,
000050.SZ,000050,20251209,93002920,0,1039479,0,S,98000,300,
000050.SZ,000050,20251209,93002920,0,1039567,0,S,91700,700,
000050.SZ,000050,20251209,93002930,0,1040041,0,S,101400,2000,
000050.SZ,000050,20251209,93002930,0,1040289,0,S,101200,2000,
000050.SZ,000050,20251209,93002970,0,1042921,0,S,95400,2000,
000050.SZ,000050,20251209,93002980,0,1043832,0,B,92100,500,
000050.SZ,000050,20251209,93003010,0,1045609,0,B,91600,500,
000050.SZ,000050,20251209,93003070,0,1050437,0,B,91300,20000,
000050.SZ,000050,20251209,93003130,0,1053847,0,B,92100,2000,
000050.SZ,000050,20251209,93003160,0,1055676,0,S,101500,1500,
000050.SZ,000050,20251209,93003230,0,1059469,0,B,90500,200,
000050.SZ,000050,20251209,93003250,0,1060221,0,B,92300,2300,
000050.SZ,000050,20251209,93003260,0,1060807,0,S,92000,400,
000050.SZ,000050,20251209,93003290,0,1062531,0,B,91800,1000,
000050.SZ,000050,20251209,93003320,0,1063258,0,S,92500,100,
000050.SZ,000050,20251209,93003350,0,1064173,0,B,91500,1000,
000050.SZ,000050,20251209,93003350,0,1064177,0,B,92000,2000,
000050.SZ,000050,20251209,93003370,0,1064988,0,B,89300,10000,
000050.SZ,000050,20251209,93003370,0,1065243,0,B,92000,200,
000050.SZ,000050,20251209,93003410,0,1067152,0,B,92000,500,
000050.SZ,000050,20251209,93003430,0,1068286,0,B,91800,600,
000050.SZ,000050,20251209,93003440,0,1068823,0,B,92100,1000,
000050.SZ,000050,20251209,93003450,0,1069604,0,S,91900,100,
000050.SZ,000050,20251209,93003470,0,1070438,0,B,92000,700,
000050.SZ,000050,20251209,93003510,0,1071822,0,B,92200,200,
000050.SZ,000050,20251209,93003580,0,1074422,0,S,101500,3000,
000050.SZ,000050,20251209,93003590,0,1075445,0,S,101500,10000,
000050.SZ,000050,20251209,93003620,0,1076544,0,S,93700,3000,
000050.SZ,000050,20251209,93003620,0,1076707,0,S,94400,3000,
000050.SZ,000050,20251209,93003630,0,1077453,0,B,91600,2000,
000050.SZ,000050,20251209,93003660,0,1079192,0,S,92000,1100,
000050.SZ,000050,20251209,93003660,0,1079353,0,B,91800,2300,
000050.SZ,000050,20251209,93003680,0,1080559,0,S,94000,500,
000050.SZ,000050,20251209,93003700,0,1082156,0,S,101400,10500,
000050.SZ,000050,20251209,93003830,0,1089047,0,S,91700,200,
000050.SZ,000050,20251209,93003850,0,1089737,0,S,92200,2200,
000050.SZ,000050,20251209,93003860,0,1090372,0,S,94300,1000,
000050.SZ,000050,20251209,93003860,0,1090561,0,B,91800,400,
000050.SZ,000050,20251209,93003900,0,1092035,0,B,91700,300,
000050.SZ,000050,20251209,93003900,0,1092040,0,B,91800,200,
000050.SZ,000050,20251209,93003910,0,1092465,0,B,87600,500,
000050.SZ,000050,20251209,93003910,0,1092466,0,S,96600,500,
000050.SZ,000050,20251209,93003930,0,1093278,0,S,92000,4300,
000050.SZ,000050,20251209,93004020,0,1098484,0,S,92000,3400,
000050.SZ,000050,20251209,93004050,0,1100430,0,S,91700,600,
000050.SZ,000050,20251209,93004110,0,1103164,0,S,91900,600,
000050.SZ,000050,20251209,93004170,0,1105433,0,S,91900,800,
000050.SZ,000050,20251209,93004250,0,1109096,0,S,101500,300,
000050.SZ,000050,20251209,93004350,0,1111982,0,B,92000,600,
000050.SZ,000050,20251209,93004360,0,1112281,0,B,91800,1000,
000050.SZ,000050,20251209,93004440,0,1116343,0,S,93700,11900,
000050.SZ,000050,20251209,93004470,0,1117563,0,B,92100,1000,
000050.SZ,000050,20251209,93004500,0,1118873,0,B,92300,100,
000050.SZ,000050,20251209,93004620,0,1123675,0,B,91700,2100,
000050.SZ,000050,20251209,93004660,0,1125662,0,S,91900,400,
000050.SZ,000050,20251209,93004660,0,1125670,0,S,95000,400,
000050.SZ,000050,20251209,93004670,0,1125908,0,B,92000,100,
000050.SZ,000050,20251209,93004710,0,1127599,0,B,92000,2800,
000050.SZ,000050,20251209,93004720,0,1127822,0,S,91700,2500,
000050.SZ,000050,20251209,93004820,0,1131659,0,S,91900,3300,
000050.SZ,000050,20251209,93004820,0,1131660,0,S,92000,2700,
000050.SZ,000050,20251209,93004920,0,1135429,0,B,91900,300,
000050.SZ,000050,20251209,93004990,0,1138291,0,S,94000,1000,
000050.SZ,000050,20251209,93005000,0,1138949,0,B,91900,400,
000050.SZ,000050,20251209,93005060,0,1143064,0,S,92900,6900,
000050.SZ,000050,20251209,93005070,0,1143364,0,S,92100,100,
000050.SZ,000050,20251209,93005120,0,1144912,0,S,93500,5000,
000050.SZ,000050,20251209,93005150,0,1145860,0,S,92000,600,
000050.SZ,000050,20251209,93005190,0,1147260,0,B,91900,100,
000050.SZ,000050,20251209,93005210,0,1147589,0,S,92000,1700,
000050.SZ,000050,20251209,93005390,0,1151152,0,B,91600,2700,
000050.SZ,000050,20251209,93005440,0,1152213,0,B,92000,100,
000050.SZ,000050,20251209,93005450,0,1152597,0,B,91000,2000,
000050.SZ,000050,20251209,93005490,0,1153502,0,S,91900,1500,
000050.SZ,000050,20251209,93005580,0,1155716,0,B,91900,600,
000050.SZ,000050,20251209,93005610,0,1156220,0,B,91600,1000,
000050.SZ,000050,20251209,93005780,0,1161392,0,B,91800,1000,
000050.SZ,000050,20251209,93005840,0,1162564,0,B,91800,2000,
000050.SZ,000050,20251209,93005940,0,1165324,0,B,91900,100,
000050.SZ,000050,20251209,93005950,0,1166012,0,B,92000,300,
000050.SZ,000050,20251209,93006080,0,1171024,0,B,92000,700,
000050.SZ,000050,20251209,93006120,0,1172203,0,B,91900,300,
000050.SZ,000050,20251209,93006120,0,1172299,0,S,93500,3000,
000050.SZ,000050,20251209,93006120,0,1172382,0,S,91900,200,
000050.SZ,000050,20251209,93006140,0,1172844,0,B,92000,1000,
000050.SZ,000050,20251209,93006160,0,1173324,0,B,91900,200,
000050.SZ,000050,20251209,93006160,0,1173327,0,B,91900,400,
000050.SZ,000050,20251209,93006160,0,1173366,0,S,91900,100,
000050.SZ,000050,20251209,93006160,0,1173367,0,B,91900,300,
000050.SZ,000050,20251209,93006160,0,1173369,0,B,91900,300,
000050.SZ,000050,20251209,93006160,0,1173373,0,B,91900,100,
000050.SZ,000050,20251209,93006160,0,1173374,0,S,91900,300,
000050.SZ,000050,20251209,93006160,0,1173376,0,B,91900,1100,
000050.SZ,000050,20251209,93006160,0,1173378,0,B,91900,200,
000050.SZ,000050,20251209,93006170,0,1173404,0,S,91900,200,
000050.SZ,000050,20251209,93006170,0,1173452,0,S,91900,300,
000050.SZ,000050,20251209,93006170,0,1173470,0,B,91900,200,
000050.SZ,000050,20251209,93006170,0,1173472,0,B,91900,200,
000050.SZ,000050,20251209,93006170,0,1173474,0,B,91900,100,
000050.SZ,000050,20251209,93006170,0,1173498,0,S,91900,300,
000050.SZ,000050,20251209,93006170,0,1173507,0,B,91900,1100,
000050.SZ,000050,20251209,93006170,0,1173528,0,S,91900,300,
000050.SZ,000050,20251209,93006180,0,1173657,0,S,91900,300,
000050.SZ,000050,20251209,93006180,0,1173778,0,S,91900,200,
000050.SZ,000050,20251209,93006190,0,1173884,0,B,91900,1100,
000050.SZ,000050,20251209,93006190,0,1174069,0,S,91900,300,
000050.SZ,000050,20251209,93006210,0,1174450,0,B,91900,100,
000050.SZ,000050,20251209,93006220,0,1174917,0,B,91900,100,
000050.SZ,000050,20251209,93006220,0,1175065,0,B,91900,100,
000050.SZ,000050,20251209,93006230,0,1175139,0,B,91900,600,
000050.SZ,000050,20251209,93006230,0,1175198,0,S,91900,700,
000050.SZ,000050,20251209,93006230,0,1175226,0,B,91900,1600,
000050.SZ,000050,20251209,93006230,0,1175227,0,S,92300,100,
000050.SZ,000050,20251209,93006270,0,1177007,0,B,91900,100,
000050.SZ,000050,20251209,93006270,0,1177203,0,S,92300,100,
000050.SZ,000050,20251209,93006290,0,1177584,0,B,91900,100,
000050.SZ,000050,20251209,93006290,0,1177605,0,B,91900,100,
000050.SZ,000050,20251209,93006290,0,1177609,0,B,91800,300,
000050.SZ,000050,20251209,93006300,0,1177879,0,S,92000,15300,
000050.SZ,000050,20251209,93006330,0,1178579,0,B,92000,200,
000050.SZ,000050,20251209,93006380,0,1179383,0,B,91900,100,
000050.SZ,000050,20251209,93006550,0,1184695,0,S,97300,1000,
000050.SZ,000050,20251209,93006770,0,1191506,0,S,91500,6000,
000050.SZ,000050,20251209,93006770,0,1191529,0,S,91500,600,
000050.SZ,000050,20251209,93006770,0,1191535,0,S,91500,1300,
000050.SZ,000050,20251209,93006780,0,1191792,0,S,97500,500,
000050.SZ,000050,20251209,93006780,0,1191795,0,S,91800,100,
000050.SZ,000050,20251209,93006780,0,1191809,0,S,91500,400,
000050.SZ,000050,20251209,93006790,0,1192333,0,S,91800,200,
000050.SZ,000050,20251209,93006870,0,1194479,0,B,91600,10000,
000050.SZ,000050,20251209,93006940,0,1196142,0,S,96600,200,
000050.SZ,000050,20251209,93007000,0,1197822,0,S,91900,300,
000050.SZ,000050,20251209,93007010,0,1198443,0,S,91800,100,
000050.SZ,000050,20251209,93007010,0,1198451,0,S,91800,100,
000050.SZ,000050,20251209,93007010,0,1198460,0,S,91800,100,
000050.SZ,000050,20251209,93007120,0,1202000,0,S,91800,300,
000050.SZ,000050,20251209,93007360,0,1206357,0,B,91900,800,
000050.SZ,000050,20251209,93007580,0,1212545,0,B,91800,200,
000050.SZ,000050,20251209,93007590,0,1212800,0,B,91800,200,
000050.SZ,000050,20251209,93007630,0,1213555,0,B,91900,100,
000050.SZ,000050,20251209,93007690,0,1215270,0,B,91800,100,
000050.SZ,000050,20251209,93007690,0,1215279,0,B,91800,300,
000050.SZ,000050,20251209,93007730,0,1216541,0,B,91800,100,
000050.SZ,000050,20251209,93007790,0,1217444,0,S,91900,500,
000050.SZ,000050,20251209,93007800,0,1217720,0,S,101400,1200,
000050.SZ,000050,20251209,93007850,0,1218470,0,B,91700,100,
000050.SZ,000050,20251209,93007860,0,1218858,0,B,91800,100,
000050.SZ,000050,20251209,93007940,0,1220262,0,B,91000,500,
000050.SZ,000050,20251209,93008090,0,1224569,0,B,91800,600,
000050.SZ,000050,20251209,93008290,0,1226941,0,B,91900,100,
000050.SZ,000050,20251209,93008390,0,1228257,0,B,91100,2000,
000050.SZ,000050,20251209,93008680,0,1232814,0,S,92200,300,
000050.SZ,000050,20251209,93008740,0,1233634,0,S,92300,100,
000050.SZ,000050,20251209,93008760,0,1233827,0,B,91900,2000,
000050.SZ,000050,20251209,93008800,0,1234206,0,B,91900,100,
000050.SZ,000050,20251209,93008840,0,1234784,0,S,94900,2000,
000050.SZ,000050,20251209,93008940,0,1236628,0,B,91800,400,
000050.SZ,000050,20251209,93008970,0,1237039,0,B,91500,1000,
000050.SZ,000050,20251209,93009010,0,1237814,0,S,97200,300,
000050.SZ,000050,20251209,93009190,0,1240901,0,S,91900,100,
000050.SZ,000050,20251209,93009270,0,1241929,0,B,92200,900,
000050.SZ,000050,20251209,93009290,0,1242423,0,B,92200,900,
000050.SZ,000050,20251209,93009390,0,1244613,0,B,91800,100,
000050.SZ,000050,20251209,93009410,0,1245186,0,B,92000,700,
000050.SZ,000050,20251209,93009430,0,1245768,0,S,91900,400,
000050.SZ,000050,20251209,93009460,0,1246374,0,B,91900,400,
000050.SZ,000050,20251209,93009460,0,1246489,0,B,91900,100,
000050.SZ,000050,20251209,93009530,0,1247442,0,B,91900,100,
000050.SZ,000050,20251209,93009630,0,1250258,0,B,91800,600,
000050.SZ,000050,20251209,93009710,0,1251928,0,B,91900,100,
000050.SZ,000050,20251209,93009860,0,1254614,0,S,91900,100,
000050.SZ,000050,20251209,93010130,0,1258743,0,S,91300,15300,
000050.SZ,000050,20251209,93010140,0,1258764,0,B,91900,100,
000050.SZ,000050,20251209,93010190,0,1259965,0,B,92000,2000,
000050.SZ,000050,20251209,93010470,0,1266149,0,S,91800,14000,
000050.SZ,000050,20251209,93010490,0,1266538,0,B,92000,100,
000050.SZ,000050,20251209,93010550,0,1268140,0,B,91900,600,
000050.SZ,000050,20251209,93010630,0,1269657,0,S,91900,200,
000050.SZ,000050,20251209,93010630,0,1269700,0,S,91900,100,
000050.SZ,000050,20251209,93011330,0,1278894,0,S,92000,300,
000050.SZ,000050,20251209,93011800,0,1284044,0,B,90500,500,
000050.SZ,000050,20251209,93011930,0,1285277,0,S,96500,4000,
000050.SZ,000050,20251209,93012080,0,1286923,0,B,91900,100,
000050.SZ,000050,20251209,93012130,0,1287437,0,B,91900,100,
000050.SZ,000050,20251209,93012200,0,1288159,0,B,91900,700,
000050.SZ,000050,20251209,93012210,0,1288290,0,B,91900,1000,
000050.SZ,000050,20251209,93012250,0,1288942,0,B,92300,300,
000050.SZ,000050,20251209,93012290,0,1290158,0,B,91900,100,
000050.SZ,000050,20251209,93012320,0,1290552,0,B,92200,1000,
000050.SZ,000050,20251209,93012330,0,1290637,0,S,92000,14600,
000050.SZ,000050,20251209,93012350,0,1290978,0,B,91900,100,
000050.SZ,000050,20251209,93012380,0,1291557,0,B,91900,100,
000050.SZ,000050,20251209,93012710,0,1298443,0,B,91900,100,
000050.SZ,000050,20251209,93012720,0,1298557,0,S,91900,500,
000050.SZ,000050,20251209,93012770,0,1299664,0,B,91900,600,
000050.SZ,000050,20251209,93012850,0,1301487,0,S,92000,300,
000050.SZ,000050,20251209,93013050,0,1304007,0,S,91800,8400,
000050.SZ,000050,20251209,93013080,0,1304352,0,B,92200,1300,
000050.SZ,000050,20251209,93013110,0,1304821,0,B,91900,100,
000050.SZ,000050,20251209,93013220,0,1306517,0,B,90000,5000,
000050.SZ,000050,20251209,93013270,0,1307303,0,B,92000,200,
000050.SZ,000050,20251209,93013270,0,1307305,0,B,92000,200,
000050.SZ,000050,20251209,93013270,0,1307326,0,B,92000,300,
000050.SZ,000050,20251209,93013270,0,1307348,0,B,92000,300,
000050.SZ,000050,20251209,93013270,0,1307374,0,B,92000,100,
000050.SZ,000050,20251209,93013270,0,1307382,0,B,92000,100,
000050.SZ,000050,20251209,93013280,0,1307611,0,B,92000,200,
000050.SZ,000050,20251209,93013290,0,1307696,0,B,92000,100,
000050.SZ,000050,20251209,93013300,0,1307950,0,B,92000,300,
000050.SZ,000050,20251209,93013300,0,1308027,0,B,91900,700,
000050.SZ,000050,20251209,93013310,0,1308270,0,B,92000,300,
000050.SZ,000050,20251209,93013390,0,1309882,0,S,92000,5500,
000050.SZ,000050,20251209,93013400,0,1310028,0,B,91900,600,
000050.SZ,000050,20251209,93013560,0,1312900,0,B,92000,600,
000050.SZ,000050,20251209,93013690,0,1315259,0,B,91500,10800,
000050.SZ,000050,20251209,93013740,0,1316003,0,S,93500,1100,
000050.SZ,000050,20251209,93013760,0,1316176,0,B,91900,200,
000050.SZ,000050,20251209,93013870,0,1317220,0,B,91900,400,
000050.SZ,000050,20251209,93014180,0,1320727,0,B,91900,100,
000050.SZ,000050,20251209,93014240,0,1321494,0,S,92000,400,
000050.SZ,000050,20251209,93014280,0,1321892,0,S,92000,400,
000050.SZ,000050,20251209,93014370,0,1322901,0,S,93900,100,
000050.SZ,000050,20251209,93014540,0,1324659,0,B,91900,1400,
000050.SZ,000050,20251209,93014610,0,1325607,0,B,91900,100,
000050.SZ,000050,20251209,93014830,0,1328197,0,S,91800,1000,
000050.SZ,000050,20251209,93015180,0,1332052,0,S,91300,14600,
000050.SZ,000050,20251209,93015220,0,1332552,0,S,92000,100,
000050.SZ,000050,20251209,93015220,0,1332557,0,S,92000,100,
000050.SZ,000050,20251209,93015230,0,1332571,0,S,92000,100,
000050.SZ,000050,20251209,93015230,0,1332656,0,S,91900,400,
000050.SZ,000050,20251209,93015280,0,1333472,0,B,91900,100,
000050.SZ,000050,20251209,93015280,0,1333556,0,S,91800,1300,
000050.SZ,000050,20251209,93015300,0,1334409,0,B,92200,900,
000050.SZ,000050,20251209,93015420,0,1337686,0,B,92000,100,
000050.SZ,000050,20251209,93015820,0,1347363,0,B,91900,400,
000050.SZ,000050,20251209,93015830,0,1347758,0,B,92200,1100,
000050.SZ,000050,20251209,93016020,0,1350699,0,S,92400,200,
000050.SZ,000050,20251209,93016160,0,1353110,0,S,92000,900,
000050.SZ,000050,20251209,93016220,0,1353918,0,S,91900,100,
000050.SZ,000050,20251209,93016490,0,1358994,0,S,91800,1200,
000050.SZ,000050,20251209,93016690,0,1363054,0,S,94900,1000,
000050.SZ,000050,20251209,93016690,0,1363058,0,S,91900,13200,
000050.SZ,000050,20251209,93016790,0,1364623,0,B,91900,300,
000050.SZ,000050,20251209,93016930,0,1366119,0,S,92000,100,
000050.SZ,000050,20251209,93016960,0,1366418,0,B,91900,100,
000050.SZ,000050,20251209,93017020,0,1367096,0,B,91900,600,
000050.SZ,000050,20251209,93017060,0,1367658,0,B,92000,1200,
000050.SZ,000050,20251209,93017290,0,1370604,0,B,91700,5000,
000050.SZ,000050,20251209,93017490,0,1372951,0,S,92000,600,
000050.SZ,000050,20251209,93017630,0,1374410,0,S,94700,1500,
000050.SZ,000050,20251209,93017730,0,1375401,0,B,91800,9400,
000050.SZ,000050,20251209,93018220,0,1380748,0,B,92200,300,
000050.SZ,000050,20251209,93018230,0,1381108,0,S,91800,100,
000050.SZ,000050,20251209,93018270,0,1381950,0,B,92100,1100,
000050.SZ,000050,20251209,93018560,0,1387828,0,B,91900,100,
000050.SZ,000050,20251209,93018590,0,1388350,0,B,92000,200,
000050.SZ,000050,20251209,93018590,0,1388366,0,B,92000,200,
000050.SZ,000050,20251209,93018830,0,1393177,0,S,91900,300,
000050.SZ,000050,20251209,93019320,0,1399521,0,S,92000,700,
000050.SZ,000050,20251209,93019420,0,1401512,0,B,91600,300,
000050.SZ,000050,20251209,93019550,0,1404363,0,B,91800,1100,
000050.SZ,000050,20251209,93019970,0,1409654,0,B,91900,200,
000050.SZ,000050,20251209,93019970,0,1409659,0,B,91900,100,
000050.SZ,000050,20251209,93019980,0,1409805,0,B,91900,100,
000050.SZ,000050,20251209,93020000,0,1410149,0,B,91900,100,
000050.SZ,000050,20251209,93020010,0,1410249,0,B,91900,100,
000050.SZ,000050,20251209,93020110,0,1411579,0,S,91200,10400,
000050.SZ,000050,20251209,93020190,0,1412380,0,S,91900,5000,
000050.SZ,000050,20251209,93020980,0,1421463,0,S,91900,200,
000050.SZ,000050,20251209,93021080,0,1422522,0,B,91800,1300,
000050.SZ,000050,20251209,93021170,0,1423556,0,B,91900,100,
000050.SZ,000050,20251209,93021190,0,1423760,0,B,91800,100,
000050.SZ,000050,20251209,93021190,0,1423765,0,B,91800,300,
000050.SZ,000050,20251209,93021190,0,1423766,0,B,91800,200,
000050.SZ,000050,20251209,93021190,0,1423770,0,B,91800,300,
000050.SZ,000050,20251209,93021190,0,1423773,0,B,91800,200,
000050.SZ,000050,20251209,93021290,0,1426564,0,B,91900,2800,
000050.SZ,000050,20251209,93021400,0,1428777,0,B,91800,7100,
000050.SZ,000050,20251209,93021490,0,1431179,0,B,92000,300,
000050.SZ,000050,20251209,93021500,0,1431271,0,S,91900,300,
000050.SZ,000050,20251209,93022420,0,1447292,0,S,91800,100,
000050.SZ,000050,20251209,93022670,0,1451035,0,S,91800,1100,
000050.SZ,000050,20251209,93022950,0,1454457,0,B,91800,100,
000050.SZ,000050,20251209,93023020,0,1455404,0,S,91800,3400,
000050.SZ,000050,20251209,93023480,0,1460600,0,B,91800,100,
000050.SZ,000050,20251209,93024180,0,1468246,0,B,91900,200,
000050.SZ,000050,20251209,93024200,0,1468878,0,B,92200,300,
000050.SZ,000050,20251209,93024240,0,1470131,0,B,91800,100,
000050.SZ,000050,20251209,93024240,0,1470147,0,B,92000,100,
000050.SZ,000050,20251209,93024250,0,1470322,0,B,92000,100,
000050.SZ,000050,20251209,93024250,0,1470373,0,B,92000,300,
000050.SZ,000050,20251209,93024260,0,1470605,0,B,92000,100,
000050.SZ,000050,20251209,93024270,0,1470826,0,B,92000,100,
000050.SZ,000050,20251209,93024280,0,1471049,0,B,91800,200,
000050.SZ,000050,20251209,93024310,0,1471494,0,B,91800,600,
000050.SZ,000050,20251209,93024340,0,1471981,0,B,91800,400,
000050.SZ,000050,20251209,93024390,0,1472438,0,S,92000,2000,
000050.SZ,000050,20251209,93024410,0,1472621,0,B,91800,400,
000050.SZ,000050,20251209,93024430,0,1472927,0,S,91800,600,
000050.SZ,000050,20251209,93024530,0,1475025,0,S,91900,300,
000050.SZ,000050,20251209,93024590,0,1475900,0,B,90500,1000,
000050.SZ,000050,20251209,93024650,0,1476703,0,S,91900,300,
000050.SZ,000050,20251209,93024970,0,1482244,0,B,91800,100,
000050.SZ,000050,20251209,93025020,0,1483028,0,B,91800,100,
000050.SZ,000050,20251209,93025060,0,1483760,0,B,91900,200,
000050.SZ,000050,20251209,93025460,0,1489867,0,B,91800,100,
000050.SZ,000050,20251209,93025510,0,1490541,0,B,91800,200,
000050.SZ,000050,20251209,93026060,0,1498433,0,B,91900,100,
000050.SZ,000050,20251209,93026100,0,1498845,0,S,91800,500,
000050.SZ,000050,20251209,93026390,0,1501641,0,B,91900,600,
000050.SZ,000050,20251209,93026470,0,1502407,0,B,91800,100,
000050.SZ,000050,20251209,93026690,0,1504591,0,B,92000,200,
000050.SZ,000050,20251209,93026690,0,1504593,0,B,92000,200,
000050.SZ,000050,20251209,93026690,0,1504595,0,B,92000,200,
000050.SZ,000050,20251209,93026690,0,1504605,0,B,92000,200,
000050.SZ,000050,20251209,93026700,0,1504643,0,B,92000,200,
000050.SZ,000050,20251209,93026700,0,1504670,0,B,92000,100,
000050.SZ,000050,20251209,93026700,0,1504692,0,B,92000,100,
000050.SZ,000050,20251209,93026700,0,1504700,0,B,92000,200,
000050.SZ,000050,20251209,93026700,0,1504702,0,B,92000,200,
000050.SZ,000050,20251209,93026740,0,1505002,0,B,92000,200,
000050.SZ,000050,20251209,93026800,0,1505518,0,B,91800,300,
000050.SZ,000050,20251209,93027030,0,1507720,0,S,91800,8100,
000050.SZ,000050,20251209,93027130,0,1508912,0,B,91800,100,
000050.SZ,000050,20251209,93027140,0,1508994,0,S,92600,500,
000050.SZ,000050,20251209,93027150,0,1509109,0,B,91800,100,
000050.SZ,000050,20251209,93027150,0,1509136,0,B,91800,100,
000050.SZ,000050,20251209,93027150,0,1509162,0,B,91800,100,
000050.SZ,000050,20251209,93027150,0,1509166,0,B,91800,600,
000050.SZ,000050,20251209,93027150,0,1509168,0,B,91800,800,
000050.SZ,000050,20251209,93027150,0,1509170,0,B,91800,100,
000050.SZ,000050,20251209,93027150,0,1509172,0,B,91800,100,
000050.SZ,000050,20251209,93027150,0,1509504,0,B,91800,100,
000050.SZ,000050,20251209,93027150,0,1509531,0,B,91900,900,
000050.SZ,000050,20251209,93027160,0,1509557,0,B,91800,100,
000050.SZ,000050,20251209,93027170,0,1510197,0,B,91800,1000,
000050.SZ,000050,20251209,93027170,0,1510220,0,B,91800,800,
000050.SZ,000050,20251209,93027170,0,1510242,0,B,91800,600,
000050.SZ,000050,20251209,93027170,0,1510243,0,B,91800,400,
000050.SZ,000050,20251209,93027170,0,1510301,0,B,91800,500,
000050.SZ,000050,20251209,93027170,0,1510302,0,B,91800,700,
000050.SZ,000050,20251209,93027220,0,1511419,0,B,92100,1000,
000050.SZ,000050,20251209,93027250,0,1511760,0,B,92100,1200,
000050.SZ,000050,20251209,93027260,0,1511956,0,B,91800,800,
000050.SZ,000050,20251209,93027300,0,1512607,0,S,101500,3000,
000050.SZ,000050,20251209,93027310,0,1512736,0,S,91800,14600,
000050.SZ,000050,20251209,93027320,0,1512797,0,S,91900,5500,
000050.SZ,000050,20251209,93027340,0,1513171,0,B,91800,100,
000050.SZ,000050,20251209,93027340,0,1513188,0,B,91800,300,
000050.SZ,000050,20251209,93027440,0,1515160,0,S,91900,100,
000050.SZ,000050,20251209,93027520,0,1516445,0,S,91900,800,
000050.SZ,000050,20251209,93027570,0,1517260,0,S,91900,300,
000050.SZ,000050,20251209,93027570,0,1517261,0,S,91900,300,
000050.SZ,000050,20251209,93027580,0,1517594,0,B,91800,13400,
000050.SZ,000050,20251209,93027610,0,1518412,0,S,91900,100,
000050.SZ,000050,20251209,93027620,0,1518415,0,S,91900,700,
000050.SZ,000050,20251209,93027650,0,1518978,0,B,92300,400,
000050.SZ,000050,20251209,93027770,0,1520554,0,B,91800,100,
000050.SZ,000050,20251209,93027910,0,1522565,0,S,93000,2000,
000050.SZ,000050,20251209,93028020,0,1523983,0,B,92100,1000,
000050.SZ,000050,20251209,93028510,0,1531729,0,B,91900,200,
000050.SZ,000050,20251209,93028540,0,1532212,0,B,91800,300,
000050.SZ,000050,20251209,93028620,0,1533444,0,S,91900,200,
000050.SZ,000050,20251209,93028960,0,1537989,0,S,95000,100,
000050.SZ,000050,20251209,93029210,0,1541642,0,B,91800,400,
000050.SZ,000050,20251209,93029330,0,1543338,0,S,96700,3000,
000050.SZ,000050,20251209,93029350,0,1543552,0,B,91800,200,
000050.SZ,000050,20251209,93029500,0,1545591,0,S,91800,200,
000050.SZ,000050,20251209,93029670,0,1547754,0,S,91800,3200,
000050.SZ,000050,20251209,93029840,0,1549850,0,B,91900,100,
000050.SZ,000050,20251209,93029850,0,1550005,0,B,91900,100,
000050.SZ,000050,20251209,93029870,0,1550182,0,B,91900,300,
000050.SZ,000050,20251209,93029870,0,1550211,0,B,91900,200,
000050.SZ,000050,20251209,93029890,0,1550387,0,B,91900,200,
000050.SZ,000050,20251209,93029890,0,1550435,0,S,94400,400,
000050.SZ,000050,20251209,93029920,0,1550852,0,B,91900,100,
000050.SZ,000050,20251209,93029950,0,1551066,0,B,91900,200,
000050.SZ,000050,20251209,93029960,0,1551285,0,S,91900,200,
000050.SZ,000050,20251209,93030030,0,1552274,0,S,101500,100,
000050.SZ,000050,20251209,93030030,0,1552285,0,S,101400,100,
000050.SZ,000050,20251209,93030150,0,1553947,0,S,92200,200,
000050.SZ,000050,20251209,93030150,0,1553982,0,S,92200,200,
000050.SZ,000050,20251209,93030210,0,1555136,0,B,92200,300,
000050.SZ,000050,20251209,93030330,0,1557777,0,B,92200,100,
000050.SZ,000050,20251209,93030490,0,1560111,0,B,91600,1000,
000050.SZ,000050,20251209,93030560,0,1562727,0,B,91800,300,
000050.SZ,000050,20251209,93030640,0,1564486,0,B,91900,300,
000050.SZ,000050,20251209,93030650,0,1564705,0,B,91900,100,
000050.SZ,000050,20251209,93030900,0,1568528,0,S,91900,300,
000050.SZ,000050,20251209,93031000,0,1569854,0,B,91900,400,
000050.SZ,000050,20251209,93031030,0,1570103,0,B,91900,100,
000050.SZ,000050,20251209,93031110,0,1571164,0,B,91800,300,
000050.SZ,000050,20251209,93031120,0,1571372,0,B,91900,200,
000050.SZ,000050,20251209,93031170,0,1572642,0,B,91300,2000,
000050.SZ,000050,20251209,93031670,0,1581088,0,S,91900,10600,
000050.SZ,000050,20251209,93031740,0,1582458,0,S,91900,200,
000050.SZ,000050,20251209,93031880,0,1584188,0,B,91800,700,
000050.SZ,000050,20251209,93031920,0,1584573,0,B,91900,700,
000050.SZ,000050,20251209,93031940,0,1584819,0,B,91900,500,
000050.SZ,000050,20251209,93032410,0,1590203,0,S,91900,300,
000050.SZ,000050,20251209,93032940,0,1595726,0,B,91800,2000,
000050.SZ,000050,20251209,93032950,0,1595750,0,B,91900,100,
000050.SZ,000050,20251209,93033150,0,1598075,0,B,91900,300,
000050.SZ,000050,20251209,93033150,0,1598078,0,B,91900,300,
000050.SZ,000050,20251209,93033150,0,1598080,0,B,91900,300,
000050.SZ,000050,20251209,93033150,0,1598083,0,B,91900,300,
000050.SZ,000050,20251209,93033150,0,1598086,0,B,91900,300,
000050.SZ,000050,20251209,93033150,0,1598091,0,B,91900,100,
000050.SZ,000050,20251209,93033150,0,1598093,0,B,91900,100,
000050.SZ,000050,20251209,93033150,0,1598106,0,B,91900,300,
000050.SZ,000050,20251209,93033150,0,1598110,0,B,91900,100,
000050.SZ,000050,20251209,93033150,0,1598119,0,B,91900,300,
000050.SZ,000050,20251209,93033150,0,1598241,0,B,91900,300,
000050.SZ,000050,20251209,93033150,0,1598317,0,B,91900,100,
000050.SZ,000050,20251209,93033150,0,1598319,0,B,91900,300,
000050.SZ,000050,20251209,93033150,0,1598324,0,B,91800,300,
000050.SZ,000050,20251209,93033150,0,1598328,0,B,91900,300,
000050.SZ,000050,20251209,93033150,0,1598333,0,B,91900,1800,
000050.SZ,000050,20251209,93033150,0,1598339,0,B,91900,300,
000050.SZ,000050,20251209,93033150,0,1598343,0,B,91900,300,
000050.SZ,000050,20251209,93033150,0,1598346,0,B,91900,300,
000050.SZ,000050,20251209,93033150,0,1598356,0,B,91900,300,
000050.SZ,000050,20251209,93033150,0,1598362,0,B,91900,200,
000050.SZ,000050,20251209,93033150,0,1598364,0,B,91900,300,
000050.SZ,000050,20251209,93033150,0,1598367,0,B,91900,300,
000050.SZ,000050,20251209,93033160,0,1598404,0,B,91800,100,
000050.SZ,000050,20251209,93033160,0,1598424,0,B,91900,200,
000050.SZ,000050,20251209,93033160,0,1598434,0,B,91900,300,
000050.SZ,000050,20251209,93033160,0,1598445,0,B,91900,200,
000050.SZ,000050,20251209,93033160,0,1598505,0,B,91900,300,
000050.SZ,000050,20251209,93033160,0,1598532,0,B,91900,100,
000050.SZ,000050,20251209,93033170,0,1598607,0,B,91900,300,
000050.SZ,000050,20251209,93033280,0,1601754,0,B,91900,100,
000050.SZ,000050,20251209,93033350,0,1602736,0,B,91900,300,
000050.SZ,000050,20251209,93033360,0,1603007,0,B,91900,600,
000050.SZ,000050,20251209,93033360,0,1603043,0,S,91800,13000,
000050.SZ,000050,20251209,93033410,0,1604207,0,B,91800,200,
000050.SZ,000050,20251209,93033410,0,1604212,0,B,91800,100,
000050.SZ,000050,20251209,93033410,0,1604214,0,B,91800,300,
000050.SZ,000050,20251209,93033410,0,1604216,0,B,91800,400,
000050.SZ,000050,20251209,93033410,0,1604221,0,B,91800,600,
000050.SZ,000050,20251209,93033410,0,1604224,0,B,91800,200,
000050.SZ,000050,20251209,93033420,0,1604442,0,B,91900,300,
000050.SZ,000050,20251209,93033430,0,1604521,0,B,91900,600,
000050.SZ,000050,20251209,93033480,0,1605389,0,B,91800,100,
000050.SZ,000050,20251209,93033480,0,1605451,0,S,91800,100,
000050.SZ,000050,20251209,93033570,0,1607248,0,B,91800,100,
000050.SZ,000050,20251209,93033570,0,1607252,0,B,91800,100,
000050.SZ,000050,20251209,93033570,0,1607254,0,B,91800,300,
000050.SZ,000050,20251209,93033570,0,1607256,0,B,91800,300,
000050.SZ,000050,20251209,93033570,0,1607258,0,B,91800,100,
000050.SZ,000050,20251209,93033620,0,1608103,0,S,91900,600,
000050.SZ,000050,20251209,93034360,0,1618966,0,B,91800,10000,
000050.SZ,000050,20251209,93034480,0,1621332,0,B,91800,1300,
000050.SZ,000050,20251209,93035120,0,1631409,0,B,91000,200,
000050.SZ,000050,20251209,93035160,0,1631783,0,S,91200,3900,
000050.SZ,000050,20251209,93035250,0,1633247,0,B,91800,100,
000050.SZ,000050,20251209,93035260,0,1633323,0,B,91800,100,
000050.SZ,000050,20251209,93035270,0,1633428,0,B,91800,100,
000050.SZ,000050,20251209,93035280,0,1633488,0,B,91800,100,
000050.SZ,000050,20251209,93035450,0,1635946,0,B,91900,200,
000050.SZ,000050,20251209,93035470,0,1636150,0,B,91900,300,
000050.SZ,000050,20251209,93035940,0,1641715,0,B,91800,1200,
000050.SZ,000050,20251209,93036020,0,1642781,0,B,91900,100,
000050.SZ,000050,20251209,93036160,0,1644676,0,B,91900,200,
000050.SZ,000050,20251209,93036210,0,1646361,0,B,92200,300,
000050.SZ,000050,20251209,93036230,0,1647257,0,B,92100,1600,
000050.SZ,000050,20251209,93036250,0,1647879,0,B,92100,1000,
000050.SZ,000050,20251209,93036370,0,1650475,0,S,91900,300,
000050.SZ,000050,20251209,93036460,0,1652360,0,B,92100,400,
000050.SZ,000050,20251209,93036520,0,1653487,0,B,92100,1100,
000050.SZ,000050,20251209,93036540,0,1653704,0,B,91600,1000,
000050.SZ,000050,20251209,93036950,0,1661430,0,B,91600,1100,
000050.SZ,000050,20251209,93037080,0,1663979,0,B,91800,1700,
000050.SZ,000050,20251209,93037220,0,1666958,0,B,91800,2700,
000050.SZ,000050,20251209,93037330,0,1668974,0,S,91800,4300,
000050.SZ,000050,20251209,93037420,0,1670980,0,B,91900,1000,
000050.SZ,000050,20251209,93037420,0,1671029,0,B,91900,300,
000050.SZ,000050,20251209,93037420,0,1671037,0,B,91900,400,
000050.SZ,000050,20251209,93037420,0,1671042,0,B,91900,300,
000050.SZ,000050,20251209,93037480,0,1672358,0,B,91900,200,
000050.SZ,000050,20251209,93037530,0,1673093,0,B,91900,200,
000050.SZ,000050,20251209,93037540,0,1673118,0,B,91900,300,
000050.SZ,000050,20251209,93037650,0,1674816,0,B,91800,100,
000050.SZ,000050,20251209,93037800,0,1677405,0,B,91800,400,
000050.SZ,000050,20251209,93037810,0,1677545,0,S,91900,7000,
000050.SZ,000050,20251209,93037820,0,1677768,0,B,91900,200,
000050.SZ,000050,20251209,93037820,0,1677810,0,B,91900,300,
000050.SZ,000050,20251209,93037820,0,1677814,0,B,91900,200,
000050.SZ,000050,20251209,93037820,0,1677826,0,B,91900,200,
000050.SZ,000050,20251209,93037830,0,1677876,0,B,91900,100,
000050.SZ,000050,20251209,93037830,0,1677892,0,B,91900,100,
000050.SZ,000050,20251209,93038900,0,1691493,0,B,91900,2300,
000050.SZ,000050,20251209,93038900,0,1691529,0,B,91900,1000,
000050.SZ,000050,20251209,93039140,0,1695653,0,B,91800,100,
000050.SZ,000050,20251209,93039150,0,1695918,0,B,92000,100,
000050.SZ,000050,20251209,93039170,0,1696156,0,B,91900,100,
000050.SZ,000050,20251209,93039190,0,1696799,0,B,92000,1400,
000050.SZ,000050,20251209,93039200,0,1696833,0,B,91900,300,
000050.SZ,000050,20251209,93039370,0,1700781,0,B,92200,200,
000050.SZ,000050,20251209,93039560,0,1704493,0,B,91900,2500,
000050.SZ,000050,20251209,93039650,0,1706252,0,B,91900,700,
000050.SZ,000050,20251209,93040060,0,1714688,0,B,91900,4400,
000050.SZ,000050,20251209,93040280,0,1719208,0,B,91800,1400,
000050.SZ,000050,20251209,93040390,0,1721180,0,S,92000,200,
000050.SZ,000050,20251209,93040390,0,1721221,0,S,91900,400,
000050.SZ,000050,20251209,93040820,0,1727823,0,B,92200,200,
000050.SZ,000050,20251209,93040920,0,1729378,0,B,91900,1000,
000050.SZ,000050,20251209,93040930,0,1729437,0,B,92000,100,
000050.SZ,000050,20251209,93041080,0,1732240,0,B,91900,1900,
000050.SZ,000050,20251209,93041100,0,1732732,0,S,91900,500,
000050.SZ,000050,20251209,93042040,0,1748285,0,B,91800,100,
000050.SZ,000050,20251209,93042190,0,1751052,0,B,92300,200,
000050.SZ,000050,20251209,93042390,0,1755334,0,S,91900,7600,
000050.SZ,000050,20251209,93042500,0,1758259,0,B,92200,200,
000050.SZ,000050,20251209,93042580,0,1759575,0,B,91900,1300,
000050.SZ,000050,20251209,93042610,0,1760015,0,B,91900,2000,
000050.SZ,000050,20251209,93042700,0,1762060,0,B,92000,4300,
000050.SZ,000050,20251209,93042790,0,1763649,0,S,92200,500,
000050.SZ,000050,20251209,93042950,0,1766790,0,B,91900,1000,
000050.SZ,000050,20251209,93043200,0,1771444,0,S,94000,8800,
000050.SZ,000050,20251209,93043630,0,1779524,0,B,92000,100,
000050.SZ,000050,20251209,93043630,0,1779660,0,B,92000,200,
000050.SZ,000050,20251209,93043740,0,1781543,0,B,91800,1000,
000050.SZ,000050,20251209,93043830,0,1782912,0,B,91800,100,
000050.SZ,000050,20251209,93043960,0,1785091,0,S,92000,300,
000050.SZ,000050,20251209,93044290,0,1790609,0,B,91900,100,
000050.SZ,000050,20251209,93044370,0,1792214,0,B,91800,7400,
000050.SZ,000050,20251209,93044430,0,1793134,0,B,91900,100,
000050.SZ,000050,20251209,93044920,0,1801021,0,S,91900,2100,
000050.SZ,000050,20251209,93044950,0,1801485,0,B,92000,700,
000050.SZ,000050,20251209,93045040,0,1803166,0,S,91900,300,
000050.SZ,000050,20251209,93045040,0,1803168,0,S,91900,100,
000050.SZ,000050,20251209,93045330,0,1808475,0,B,92200,1000,
000050.SZ,000050,20251209,93045470,0,1810619,0,B,91500,1000,
000050.SZ,000050,20251209,93045770,0,1816034,0,B,91900,400,
000050.SZ,000050,20251209,93045780,0,1816132,0,B,91100,500,
000050.SZ,000050,20251209,93046200,0,1822899,0,B,91800,200,
000050.SZ,000050,20251209,93046540,0,1828453,0,B,92200,200,
000050.SZ,000050,20251209,93046620,0,1829875,1,B,0,400,
000050.SZ,000050,20251209,93046930,0,1833860,0,B,91500,200,
000050.SZ,000050,20251209,93047330,0,1839051,0,B,91500,10000,
000050.SZ,000050,20251209,93047390,0,1839841,0,S,91900,7600,
000050.SZ,000050,20251209,93047400,0,1839891,0,B,91900,500,
000050.SZ,000050,20251209,93047400,0,1839893,0,B,91900,200,
000050.SZ,000050,20251209,93047400,0,1839901,0,B,91900,2300,
000050.SZ,000050,20251209,93047400,0,1839915,0,B,91900,400,
000050.SZ,000050,20251209,93047410,0,1840078,0,B,91900,100,
000050.SZ,000050,20251209,93047420,0,1840119,0,B,91900,100,
000050.SZ,000050,20251209,93047430,0,1840220,0,S,91800,300,
000050.SZ,000050,20251209,93047460,0,1840616,0,B,91900,100,
000050.SZ,000050,20251209,93047470,0,1840794,0,B,91900,500,
000050.SZ,000050,20251209,93047480,0,1840898,0,B,91900,500,
000050.SZ,000050,20251209,93047480,0,1840918,0,B,91900,100,
000050.SZ,000050,20251209,93047490,0,1840961,0,B,92000,500,
