万得代码,交易所代码,自然日,时间,成交编号,成交代码,委托代码,BS标志,成交价格,成交数量,叫卖序号,叫买序号,
000050.SZ,000050,20251209,91504400,257775,C,0, ,0,11900,0,240116,
000050.SZ,000050,20251209,91511200,286345,C,0, ,0,200,0,264957,
000050.SZ,000050,20251209,91601200,299325,C,0, ,0,19400,241738,0,
000050.SZ,000050,20251209,91606480,300895,C,0, ,0,100,0,300280,
000050.SZ,000050,20251209,91606480,300896,C,0, ,0,100,0,300283,
000050.SZ,000050,20251209,91606480,300897,C,0, ,0,100,0,300282,
000050.SZ,000050,20251209,91606480,300898,C,0, ,0,100,0,300281,
000050.SZ,000050,20251209,91819910,340675,C,0, ,0,300,237039,0,
000050.SZ,000050,20251209,91919720,362049,C,0, ,0,1700,353412,0,
000050.SZ,000050,20251209,92500000,553694,0,0,S,92100,200,491276,378082,
000050.SZ,000050,20251209,92500000,553695,0,0,S,92100,200,491276,400521,
000050.SZ,000050,20251209,92500000,553696,0,0,S,92100,100,491276,408885,
000050.SZ,000050,20251209,92500000,553697,0,0,B,92100,300,491276,532958,
000050.SZ,000050,20251209,92500000,553698,0,0,S,92100,400,491276,385491,
000050.SZ,000050,20251209,92500000,553699,0,0,S,92100,200,491276,386196,
000050.SZ,000050,20251209,92500000,553700,0,0,B,92100,1400,491276,551596,
000050.SZ,000050,20251209,92500000,553701,0,0,B,92100,400,525804,551596,
000050.SZ,000050,20251209,92500000,553702,0,0,B,92100,100,355718,551596,
000050.SZ,000050,20251209,92500000,553703,0,0,B,92100,100,398461,551596,
000050.SZ,000050,20251209,92500000,553704,0,0,B,92100,100,474594,551596,
000050.SZ,000050,20251209,92500000,553705,0,0,B,92100,500,483700,551596,
000050.SZ,000050,20251209,92500000,553706,0,0,B,92100,200,541682,551596,
000050.SZ,000050,20251209,92500000,553707,0,0,B,92100,200,477653,551596,
000050.SZ,000050,20251209,92500000,553708,0,0,S,92100,1500,552352,551596,
000050.SZ,000050,20251209,92500000,553709,0,0,B,92100,1200,534533,551596,
000050.SZ,000050,20251209,92500000,553710,0,0,B,92100,1000,547102,551596,
000050.SZ,000050,20251209,92500000,553711,0,0,B,92100,2200,546893,551596,
000050.SZ,000050,20251209,92500000,553712,0,0,B,92100,100,378191,551596,
000050.SZ,000050,20251209,92500000,553713,0,0,B,92100,100,396292,551596,
000050.SZ,000050,20251209,92500000,553714,0,0,B,92100,100,464441,551596,
000050.SZ,000050,20251209,92500000,553715,0,0,B,92100,100,492021,551596,
000050.SZ,000050,20251209,92500000,553716,0,0,B,92100,200,541436,551596,
000050.SZ,000050,20251209,92500000,553717,0,0,B,92100,800,542644,551596,
000050.SZ,000050,20251209,92500000,553718,0,0,S,92100,100,542644,377732,
000050.SZ,000050,20251209,92500000,553719,0,0,S,92100,600,542644,284674,
000050.SZ,000050,20251209,92500000,553720,0,0,S,92100,100,542644,378168,
000050.SZ,000050,20251209,92500000,553721,0,0,S,92100,100,531240,379304,
000050.SZ,000050,20251209,92500000,553722,0,0,S,92100,300,531240,2344,
000050.SZ,000050,20251209,92500000,553723,0,0,B,92100,300,500391,534898,
000050.SZ,000050,20251209,92500000,553724,0,0,B,92100,100,500391,535614,
000050.SZ,000050,20251209,92500000,553725,0,0,B,92100,100,500391,536851,
000050.SZ,000050,20251209,92500000,553726,0,0,B,92100,100,500391,537745,
000050.SZ,000050,20251209,92500000,553727,0,0,B,92100,200,500391,537747,
000050.SZ,000050,20251209,92500000,553728,0,0,S,92100,100,500391,280491,
000050.SZ,000050,20251209,92500000,553729,0,0,B,92100,100,500391,551436,
000050.SZ,000050,20251209,92500000,553730,0,0,B,92100,2000,500391,534356,
000050.SZ,000050,20251209,92500000,553731,0,0,B,92100,900,528953,534356,
000050.SZ,000050,20251209,92500000,553732,0,0,B,92100,1900,382013,534356,
000050.SZ,000050,20251209,92500000,553733,0,0,B,92100,2000,399580,534356,
000050.SZ,000050,20251209,92500000,553734,0,0,B,92100,1200,469043,534356,
000050.SZ,000050,20251209,92500000,553735,0,0,B,92100,1300,492658,534356,
000050.SZ,000050,20251209,92500000,553736,0,0,S,92100,200,537509,534356,
000050.SZ,000050,20251209,92500000,553737,0,0,S,92100,100,538744,534356,
000050.SZ,000050,20251209,92500000,553738,0,0,S,92100,400,543706,534356,
000050.SZ,000050,20251209,92500000,553739,0,0,S,92100,100,543706,508260,
000050.SZ,000050,20251209,92500000,553740,0,0,S,92100,5600,543706,38583,
000050.SZ,000050,20251209,92500000,553741,0,0,S,92100,200,543706,82510,
000050.SZ,000050,20251209,92500000,553742,0,0,S,92100,100,543706,83068,
000050.SZ,000050,20251209,92500000,553743,0,0,S,92100,500,543706,169019,
000050.SZ,000050,20251209,92500000,553744,0,0,B,92100,500,84629,169019,
000050.SZ,000050,20251209,92500000,553745,0,0,S,92100,200,393374,287058,
000050.SZ,000050,20251209,92500000,553746,0,0,S,92100,200,393374,288990,
000050.SZ,000050,20251209,92500000,553747,0,0,S,92100,200,393374,291999,
000050.SZ,000050,20251209,92500000,553748,0,0,S,92100,200,393374,295599,
000050.SZ,000050,20251209,92500000,553749,0,0,S,92100,100,393374,339675,
000050.SZ,000050,20251209,92500000,553750,0,0,S,92100,1000,393374,379392,
000050.SZ,000050,20251209,92500000,553751,0,0,S,92100,200,393374,390021,
000050.SZ,000050,20251209,92500000,553752,0,0,B,92100,1000,393374,462812,
000050.SZ,000050,20251209,92500000,553753,0,0,S,92100,5300,393374,38639,
000050.SZ,000050,20251209,92500000,553754,0,0,S,92100,1100,483312,38639,
000050.SZ,000050,20251209,92500000,553755,0,0,S,92100,4900,550518,38639,
000050.SZ,000050,20251209,92500000,553756,0,0,S,92100,100,550518,79474,
000050.SZ,000050,20251209,92500000,553757,0,0,S,92100,1000,550518,232519,
000050.SZ,000050,20251209,92500000,553758,0,0,S,92100,1100,550518,449368,
000050.SZ,000050,20251209,92500000,553759,0,0,S,92100,300,550518,465669,
000050.SZ,000050,20251209,92500000,553760,0,0,S,92100,800,550518,469294,
000050.SZ,000050,20251209,92500000,553761,0,0,S,92100,1100,550518,471321,
000050.SZ,000050,20251209,92500000,553762,0,0,S,92100,100,550518,486534,
000050.SZ,000050,20251209,92500000,553763,0,0,S,92100,700,550555,486534,
000050.SZ,000050,20251209,92500000,553764,0,0,S,92100,2500,532023,486534,
000050.SZ,000050,20251209,92500000,553765,0,0,S,92100,800,532023,487631,
000050.SZ,000050,20251209,92500000,553766,0,0,S,92100,800,532023,512774,
000050.SZ,000050,20251209,92500000,553767,0,0,B,92100,100,532023,539993,
000050.SZ,000050,20251209,92500000,553768,0,0,S,92100,2000,532023,56768,
000050.SZ,000050,20251209,92500000,553769,0,0,S,92100,1500,532023,152312,
000050.SZ,000050,20251209,92500000,553770,0,0,S,92100,1500,532023,412100,
000050.SZ,000050,20251209,92500000,553771,0,0,S,92100,2000,532023,194992,
000050.SZ,000050,20251209,92500000,553772,0,0,B,92100,200,532023,541474,
000050.SZ,000050,20251209,93000030,643874,0,0,B,92100,1000,532023,643873,
000050.SZ,000050,20251209,93000050,647843,0,0,S,92000,500,647842,57274,
000050.SZ,000050,20251209,93000050,647844,0,0,S,92000,600,647842,82466,
000050.SZ,000050,20251209,93000050,647845,0,0,S,92000,500,647842,110979,
000050.SZ,000050,20251209,93000050,647846,0,0,S,92000,500,647842,157790,
000050.SZ,000050,20251209,93000050,647847,0,0,S,92000,300,647842,188890,
000050.SZ,000050,20251209,93000050,648814,0,0,S,92000,100,648813,188890,
000050.SZ,000050,20251209,93000050,648815,0,0,S,92000,400,648813,195108,
000050.SZ,000050,20251209,93000050,648816,0,0,S,92000,1000,648813,215119,
000050.SZ,000050,20251209,93000050,648817,0,0,S,92000,800,648813,254464,
000050.SZ,000050,20251209,93000050,648818,0,0,S,92000,400,648813,254467,
000050.SZ,000050,20251209,93000050,648819,0,0,S,92000,200,648813,254471,
000050.SZ,000050,20251209,93000050,648820,0,0,S,92000,200,648813,256335,
000050.SZ,000050,20251209,93000050,648821,0,0,S,92000,100,648813,300624,
000050.SZ,000050,20251209,93000050,648822,0,0,S,92000,2000,648813,305218,
000050.SZ,000050,20251209,93000050,648823,0,0,S,92000,500,648813,394806,
000050.SZ,000050,20251209,93000080,670782,0,0,S,91900,1100,670781,93320,
000050.SZ,000050,20251209,93000080,670783,0,0,S,91900,400,670781,477503,
000050.SZ,000050,20251209,93000080,673621,0,0,B,92000,1600,648813,673620,
000050.SZ,000050,20251209,93000090,676026,0,0,B,92000,1300,648813,676025,
000050.SZ,000050,20251209,93000160,714987,0,0,S,91900,600,714986,477503,
000050.SZ,000050,20251209,93000160,715588,0,0,B,91900,6000,714986,715587,
000050.SZ,000050,20251209,93000190,728977,0,0,B,91900,5400,714986,728976,
000050.SZ,000050,20251209,93000190,728978,0,0,B,92000,400,648813,728976,
000050.SZ,000050,20251209,93000190,728979,0,0,B,92000,600,659087,728976,
000050.SZ,000050,20251209,93000190,728980,0,0,B,92000,17000,665108,728976,
000050.SZ,000050,20251209,93000190,728981,0,0,B,92000,1700,693413,728976,
000050.SZ,000050,20251209,93000190,728982,0,0,B,92000,800,696622,728976,
000050.SZ,000050,20251209,93000240,749148,0,0,B,92000,100,696622,749147,
000050.SZ,000050,20251209,93000250,751382,0,0,B,92000,100,696622,751381,
000050.SZ,000050,20251209,93000250,751383,0,0,B,92000,100,735004,751381,
000050.SZ,000050,20251209,93000270,759816,0,0,B,92000,100,735004,759815,
000050.SZ,000050,20251209,93000280,763503,0,0,B,92000,100,735004,763502,
000050.SZ,000050,20251209,93000280,763504,0,0,B,92100,200,532023,763502,
000050.SZ,000050,20251209,93000340,781650,0,0,S,91900,1000,781649,768831,
000050.SZ,000050,20251209,93000350,782139,0,0,S,92000,200,782138,782134,
000050.SZ,000050,20251209,93000350,782147,0,0,S,92000,100,782146,782134,
000050.SZ,000050,20251209,93000350,782281,0,0,B,91900,100,782186,782280,
000050.SZ,000050,20251209,93000350,782282,0,0,B,92000,100,782160,782280,
000050.SZ,000050,20251209,93000360,786562,0,0,B,92100,600,532023,786561,
000050.SZ,000050,20251209,93000360,786715,0,0,S,92000,100,786714,782280,
000050.SZ,000050,20251209,93000430,799157,0,0,S,92000,200,799156,783760,
000050.SZ,000050,20251209,93000430,799158,0,0,S,92000,300,799156,795005,
000050.SZ,000050,20251209,93000430,799159,0,0,S,92000,300,799156,795010,
000050.SZ,000050,20251209,93000430,799160,0,0,S,92000,300,799156,795016,
000050.SZ,000050,20251209,93000430,799161,0,0,S,92000,300,799156,795056,
000050.SZ,000050,20251209,93000430,799162,0,0,S,92000,100,799156,796804,
000050.SZ,000050,20251209,93000430,799163,0,0,S,92000,100,799156,796857,
000050.SZ,000050,20251209,93000430,799164,0,0,S,91900,300,799156,795889,
000050.SZ,000050,20251209,93000450,802095,C,0, ,0,11900,0,291689,
000050.SZ,000050,20251209,93000450,802320,0,0,B,91900,3000,799156,802319,
000050.SZ,000050,20251209,93000510,810711,C,0, ,0,8100,464354,0,
000050.SZ,000050,20251209,93000520,812011,C,0, ,0,5000,807202,0,
000050.SZ,000050,20251209,93000580,821942,0,0,B,91900,2000,799156,821941,
000050.SZ,000050,20251209,93000690,840882,C,0, ,0,2000,163407,0,
000050.SZ,000050,20251209,93000730,846085,0,0,B,91900,100,799156,846084,
000050.SZ,000050,20251209,93000730,846467,C,0, ,0,5400,846393,0,
000050.SZ,000050,20251209,93000830,862371,0,0,B,91900,200,799156,862370,
000050.SZ,000050,20251209,93000850,866205,0,0,B,91900,300,799156,866204,
000050.SZ,000050,20251209,93000850,866207,0,0,B,91900,300,799156,866206,
000050.SZ,000050,20251209,93000850,866215,0,0,B,91900,300,799156,866214,
000050.SZ,000050,20251209,93000860,867958,0,0,S,91800,1300,867957,50444,
000050.SZ,000050,20251209,93000860,867959,0,0,S,91800,2000,867957,385593,
000050.SZ,000050,20251209,93000860,867960,0,0,S,91800,1100,867957,672987,
000050.SZ,000050,20251209,93000860,867961,0,0,S,91800,800,867957,700259,
000050.SZ,000050,20251209,93000860,867962,0,0,S,91800,400,867957,773179,
000050.SZ,000050,20251209,93000860,867963,0,0,S,91800,5000,867957,792576,
000050.SZ,000050,20251209,93000860,867964,0,0,S,91800,3000,867957,800193,
000050.SZ,000050,20251209,93000860,867965,0,0,S,91800,3100,867957,803283,
000050.SZ,000050,20251209,93000860,867966,0,0,S,91800,800,867957,807562,
000050.SZ,000050,20251209,93000860,867967,0,0,S,91800,1000,867957,815223,
000050.SZ,000050,20251209,93000860,867968,0,0,S,91800,6600,867957,823552,
000050.SZ,000050,20251209,93000860,867969,0,0,S,91800,6800,867957,831862,
000050.SZ,000050,20251209,93000910,874271,0,0,B,91900,900,799156,874270,
000050.SZ,000050,20251209,93000960,881195,0,0,B,91900,100,799156,881194,
000050.SZ,000050,20251209,93001010,888741,0,0,B,91900,300,799156,888740,
000050.SZ,000050,20251209,93001020,891395,0,0,B,91900,1000,799156,891394,
000050.SZ,000050,20251209,93001030,892861,0,0,B,91900,800,799156,892860,
000050.SZ,000050,20251209,93001050,895396,0,0,B,91900,2500,799156,895395,
000050.SZ,000050,20251209,93001060,895748,0,0,B,91900,2000,799156,895747,
000050.SZ,000050,20251209,93001080,898487,0,0,B,91900,100,799156,898486,
000050.SZ,000050,20251209,93001340,922616,0,0,S,91800,2100,922615,831862,
000050.SZ,000050,20251209,93001350,923814,0,0,S,91800,2100,923813,831862,
000050.SZ,000050,20251209,93001430,930275,0,0,B,91900,200,799156,930274,
000050.SZ,000050,20251209,93001450,931592,C,0, ,0,100,0,291140,
000050.SZ,000050,20251209,93001450,931597,C,0, ,0,100,291139,0,
000050.SZ,000050,20251209,93001490,935289,0,0,B,91900,5000,799156,935288,
000050.SZ,000050,20251209,93001600,945648,0,0,B,91900,300,799156,945647,
000050.SZ,000050,20251209,93001650,950249,0,0,B,91900,1600,799156,950248,
000050.SZ,000050,20251209,93001680,952958,0,0,B,91900,100,799156,952957,
000050.SZ,000050,20251209,93001740,958257,0,0,B,91900,200,799156,958256,
000050.SZ,000050,20251209,93001820,965021,0,0,B,91900,24100,799156,965020,
000050.SZ,000050,20251209,93001820,965022,0,0,B,91900,600,835276,965020,
000050.SZ,000050,20251209,93001820,965023,0,0,B,91900,100,870260,965020,
000050.SZ,000050,20251209,93001820,965024,0,0,B,91900,600,925004,965020,
000050.SZ,000050,20251209,93001820,965025,0,0,B,92000,2300,820286,965020,
000050.SZ,000050,20251209,93001940,975874,0,0,B,92000,2500,820286,975873,
000050.SZ,000050,20251209,93001950,977827,0,0,B,92000,200,820286,977826,
000050.SZ,000050,20251209,93001950,977828,0,0,B,92000,900,820814,977826,
000050.SZ,000050,20251209,93002060,988037,0,0,S,91900,500,988036,979430,
000050.SZ,000050,20251209,93002260,1000691,0,0,B,91900,100,988036,1000690,
000050.SZ,000050,20251209,93002260,1000692,0,0,B,92000,400,820814,1000690,
000050.SZ,000050,20251209,93002260,1000693,0,0,B,92000,2700,839275,1000690,
000050.SZ,000050,20251209,93002700,1027223,0,0,S,91800,700,1027222,831862,
000050.SZ,000050,20251209,93002780,1031621,0,0,B,91900,500,1008565,1031620,
000050.SZ,000050,20251209,93002780,1031622,0,0,B,91900,100,1014781,1031620,
000050.SZ,000050,20251209,93002780,1031623,0,0,B,91900,100,1015910,1031620,
000050.SZ,000050,20251209,93002920,1039568,0,0,S,91900,700,1039567,1031620,
000050.SZ,000050,20251209,93002980,1043833,0,0,B,92000,300,839275,1043832,
000050.SZ,000050,20251209,93002980,1043834,0,0,B,92000,200,843869,1043832,
000050.SZ,000050,20251209,93003130,1053848,0,0,B,92000,1800,843869,1053847,
000050.SZ,000050,20251209,93003130,1053849,0,0,B,92000,200,866724,1053847,
000050.SZ,000050,20251209,93003250,1060222,0,0,B,92000,2300,866724,1060221,
000050.SZ,000050,20251209,93003350,1064178,0,0,B,92000,2000,866724,1064177,
000050.SZ,000050,20251209,93003370,1065244,0,0,B,92000,200,866724,1065243,
000050.SZ,000050,20251209,93003410,1067153,0,0,B,92000,500,866724,1067152,
000050.SZ,000050,20251209,93003430,1068608,C,0, ,0,900,535813,0,
000050.SZ,000050,20251209,93003430,1068617,C,0, ,0,700,535797,0,
000050.SZ,000050,20251209,93003440,1068824,0,0,B,92000,1000,866724,1068823,
000050.SZ,000050,20251209,93003450,1069605,0,0,S,91900,100,1069604,1031620,
000050.SZ,000050,20251209,93003470,1070439,0,0,B,92000,700,866724,1070438,
000050.SZ,000050,20251209,93003510,1071823,0,0,B,92000,200,866724,1071822,
000050.SZ,000050,20251209,93003830,1089048,0,0,S,91900,200,1089047,1031620,
000050.SZ,000050,20251209,93003910,1092184,C,0, ,0,400,394807,0,
000050.SZ,000050,20251209,93004050,1100431,0,0,S,91900,600,1100430,1031620,
000050.SZ,000050,20251209,93004080,1101789,C,0, ,0,600,987607,0,
000050.SZ,000050,20251209,93004110,1103165,0,0,S,91900,600,1103164,1031620,
000050.SZ,000050,20251209,93004170,1105434,0,0,S,91900,800,1105433,1031620,
000050.SZ,000050,20251209,93004350,1111983,0,0,B,92000,600,866724,1111982,
000050.SZ,000050,20251209,93004470,1117564,0,0,B,92000,1000,866724,1117563,
000050.SZ,000050,20251209,93004500,1118843,C,0, ,0,600,496024,0,
000050.SZ,000050,20251209,93004500,1118874,0,0,B,92000,100,866724,1118873,
000050.SZ,000050,20251209,93004540,1120617,C,0, ,0,7200,897792,0,
000050.SZ,000050,20251209,93004660,1125663,0,0,S,91900,400,1125662,1031620,
000050.SZ,000050,20251209,93004670,1125909,0,0,B,92000,100,866724,1125908,
000050.SZ,000050,20251209,93004710,1127600,0,0,B,92000,2800,866724,1127599,
000050.SZ,000050,20251209,93004720,1127823,0,0,S,91900,1300,1127822,1031620,
000050.SZ,000050,20251209,93004720,1127824,0,0,S,91800,1200,1127822,831862,
000050.SZ,000050,20251209,93004920,1135430,0,0,B,91900,300,1131659,1135429,
000050.SZ,000050,20251209,93005000,1138950,0,0,B,91900,400,1131659,1138949,
000050.SZ,000050,20251209,93005180,1146989,C,0, ,0,1400,0,434675,
000050.SZ,000050,20251209,93005190,1147261,0,0,B,91900,100,1131659,1147260,
000050.SZ,000050,20251209,93005440,1152214,0,0,B,91900,100,1131659,1152213,
000050.SZ,000050,20251209,93005580,1155717,0,0,B,91900,600,1131659,1155716,
000050.SZ,000050,20251209,93005940,1165325,0,0,B,91900,100,1131659,1165324,
000050.SZ,000050,20251209,93005950,1166013,0,0,B,91900,300,1131659,1166012,
000050.SZ,000050,20251209,93006080,1171025,0,0,B,91900,700,1131659,1171024,
000050.SZ,000050,20251209,93006120,1172204,0,0,B,91900,300,1131659,1172203,
000050.SZ,000050,20251209,93006140,1172845,0,0,B,91900,400,1131659,1172844,
000050.SZ,000050,20251209,93006140,1172846,0,0,B,91900,600,1153502,1172844,
000050.SZ,000050,20251209,93006160,1173325,0,0,B,91900,200,1153502,1173324,
000050.SZ,000050,20251209,93006160,1173328,0,0,B,91900,400,1153502,1173327,
000050.SZ,000050,20251209,93006160,1173368,0,0,B,91900,300,1153502,1173367,
000050.SZ,000050,20251209,93006160,1173370,0,0,B,91900,200,1172382,1173369,
000050.SZ,000050,20251209,93006160,1173371,0,0,B,91900,100,1173366,1173369,
000050.SZ,000050,20251209,93006160,1173375,0,0,S,91900,100,1173374,1173373,
000050.SZ,000050,20251209,93006160,1173377,0,0,B,91900,200,1173374,1173376,
000050.SZ,000050,20251209,93006170,1173405,0,0,S,91900,200,1173404,1173376,
000050.SZ,000050,20251209,93006170,1173453,0,0,S,91900,300,1173452,1173376,
000050.SZ,000050,20251209,93006170,1173499,0,0,S,91900,300,1173498,1173376,
000050.SZ,000050,20251209,93006170,1173529,0,0,S,91900,100,1173528,1173376,
000050.SZ,000050,20251209,93006170,1173530,0,0,S,91900,200,1173528,1173378,
000050.SZ,000050,20251209,93006180,1173658,0,0,S,91900,200,1173657,1173470,
000050.SZ,000050,20251209,93006180,1173659,0,0,S,91900,100,1173657,1173472,
000050.SZ,000050,20251209,93006180,1173779,0,0,S,91900,100,1173778,1173472,
000050.SZ,000050,20251209,93006180,1173780,0,0,S,91900,100,1173778,1173474,
000050.SZ,000050,20251209,93006190,1174070,0,0,S,91900,300,1174069,1173507,
000050.SZ,000050,20251209,93006210,1174481,C,0, ,0,700,913351,0,
000050.SZ,000050,20251209,93006230,1175199,0,0,S,91900,700,1175198,1173507,
000050.SZ,000050,20251209,93006330,1178580,0,0,B,92000,200,866724,1178579,
000050.SZ,000050,20251209,93006770,1191507,0,0,S,91900,100,1191506,1173507,
000050.SZ,000050,20251209,93006770,1191508,0,0,S,91900,1100,1191506,1173884,
000050.SZ,000050,20251209,93006770,1191509,0,0,S,91900,100,1191506,1174450,
000050.SZ,000050,20251209,93006770,1191510,0,0,S,91900,100,1191506,1174917,
000050.SZ,000050,20251209,93006770,1191511,0,0,S,91900,100,1191506,1175065,
000050.SZ,000050,20251209,93006770,1191512,0,0,S,91900,600,1191506,1175139,
000050.SZ,000050,20251209,93006770,1191513,0,0,S,91900,1600,1191506,1175226,
000050.SZ,000050,20251209,93006770,1191514,0,0,S,91900,100,1191506,1177007,
000050.SZ,000050,20251209,93006770,1191515,0,0,S,91900,100,1191506,1177584,
000050.SZ,000050,20251209,93006770,1191516,0,0,S,91900,100,1191506,1177605,
000050.SZ,000050,20251209,93006770,1191517,0,0,S,91900,100,1191506,1179383,
000050.SZ,000050,20251209,93006770,1191518,0,0,S,91800,1900,1191506,831862,
000050.SZ,000050,20251209,93006770,1191530,0,0,S,91800,600,1191529,831862,
000050.SZ,000050,20251209,93006770,1191536,0,0,S,91800,1300,1191535,831862,
000050.SZ,000050,20251209,93006780,1191796,0,0,S,91800,100,1191795,831862,
000050.SZ,000050,20251209,93006780,1191810,0,0,S,91800,400,1191809,831862,
000050.SZ,000050,20251209,93006790,1192334,0,0,S,91800,200,1192333,831862,
000050.SZ,000050,20251209,93007010,1198444,0,0,S,91800,100,1198443,831862,
000050.SZ,000050,20251209,93007010,1198452,0,0,S,91800,100,1198451,831862,
000050.SZ,000050,20251209,93007010,1198461,0,0,S,91800,100,1198460,831862,
000050.SZ,000050,20251209,93007120,1202001,0,0,S,91800,300,1202000,831862,
000050.SZ,000050,20251209,93007360,1206358,0,0,B,91900,300,1197822,1206357,
000050.SZ,000050,20251209,93007790,1217445,0,0,S,91900,500,1217444,1206357,
000050.SZ,000050,20251209,93009190,1240902,0,0,S,91900,100,1240901,1213555,
000050.SZ,000050,20251209,93009270,1241930,0,0,B,92000,900,866724,1241929,
000050.SZ,000050,20251209,93009290,1242424,0,0,B,92000,900,866724,1242423,
000050.SZ,000050,20251209,93009410,1245187,0,0,B,92000,700,866724,1245186,
000050.SZ,000050,20251209,93009430,1245769,0,0,S,91900,100,1245768,1226941,
000050.SZ,000050,20251209,93009430,1245770,0,0,S,91900,300,1245768,1233827,
000050.SZ,000050,20251209,93009820,1254005,C,0, ,0,2700,1131660,0,
000050.SZ,000050,20251209,93009860,1254615,0,0,S,91900,100,1254614,1233827,
000050.SZ,000050,20251209,93010130,1258744,0,0,S,91900,1600,1258743,1233827,
000050.SZ,000050,20251209,93010130,1258745,0,0,S,91900,100,1258743,1234206,
000050.SZ,000050,20251209,93010130,1258746,0,0,S,91900,400,1258743,1246374,
000050.SZ,000050,20251209,93010130,1258747,0,0,S,91900,100,1258743,1246489,
000050.SZ,000050,20251209,93010130,1258748,0,0,S,91900,100,1258743,1247442,
000050.SZ,000050,20251209,93010130,1258749,0,0,S,91900,100,1258743,1251928,
000050.SZ,000050,20251209,93010130,1258750,0,0,S,91800,3600,1258743,831862,
000050.SZ,000050,20251209,93010130,1258751,0,0,S,91800,9300,1258743,844975,
000050.SZ,000050,20251209,93010150,1258977,C,0, ,0,15300,1177879,0,
000050.SZ,000050,20251209,93010190,1259966,0,0,B,92000,1700,866724,1259965,
000050.SZ,000050,20251209,93010190,1259967,0,0,B,92000,300,893194,1259965,
000050.SZ,000050,20251209,93010470,1266150,0,0,S,91900,100,1266149,1258764,
000050.SZ,000050,20251209,93010470,1266151,0,0,S,91800,700,1266149,844975,
000050.SZ,000050,20251209,93010470,1266152,0,0,S,91800,3000,1266149,846800,
000050.SZ,000050,20251209,93010470,1266153,0,0,S,91800,2000,1266149,847438,
000050.SZ,000050,20251209,93010470,1266154,0,0,S,91800,2200,1266149,876281,
000050.SZ,000050,20251209,93010470,1266155,0,0,S,91800,3000,1266149,964408,
000050.SZ,000050,20251209,93010470,1266156,0,0,S,91800,1000,1266149,977301,
000050.SZ,000050,20251209,93010470,1266157,0,0,S,91800,100,1266149,1033473,
000050.SZ,000050,20251209,93010470,1266158,0,0,S,91800,1000,1266149,1062531,
000050.SZ,000050,20251209,93010470,1266159,0,0,S,91800,600,1266149,1068286,
000050.SZ,000050,20251209,93010470,1266160,0,0,S,91800,300,1266149,1079353,
000050.SZ,000050,20251209,93010490,1266539,0,0,B,92000,100,893194,1266538,
000050.SZ,000050,20251209,93010630,1269658,0,0,S,91900,200,1269657,1268140,
000050.SZ,000050,20251209,93010630,1269701,0,0,S,91900,100,1269700,1268140,
000050.SZ,000050,20251209,93011010,1274902,C,0, ,0,200,285982,0,
000050.SZ,000050,20251209,93012250,1288943,0,0,B,92000,300,893194,1288942,
000050.SZ,000050,20251209,93012320,1290553,0,0,B,92000,1000,893194,1290552,
000050.SZ,000050,20251209,93012720,1298558,0,0,S,91900,300,1298557,1268140,
000050.SZ,000050,20251209,93012720,1298559,0,0,S,91900,100,1298557,1286923,
000050.SZ,000050,20251209,93012720,1298560,0,0,S,91900,100,1298557,1287437,
000050.SZ,000050,20251209,93013050,1304008,0,0,S,91900,700,1304007,1288159,
000050.SZ,000050,20251209,93013050,1304009,0,0,S,91900,1000,1304007,1288290,
000050.SZ,000050,20251209,93013050,1304010,0,0,S,91900,100,1304007,1290158,
000050.SZ,000050,20251209,93013050,1304011,0,0,S,91900,100,1304007,1290978,
000050.SZ,000050,20251209,93013050,1304012,0,0,S,91900,100,1304007,1291557,
000050.SZ,000050,20251209,93013050,1304013,0,0,S,91900,100,1304007,1298443,
000050.SZ,000050,20251209,93013050,1304014,0,0,S,91900,600,1304007,1299664,
000050.SZ,000050,20251209,93013050,1304015,0,0,S,91800,2000,1304007,1079353,
000050.SZ,000050,20251209,93013050,1304016,0,0,S,91800,400,1304007,1090561,
000050.SZ,000050,20251209,93013050,1304017,0,0,S,91800,200,1304007,1092040,
000050.SZ,000050,20251209,93013050,1304018,0,0,S,91800,1000,1304007,1112281,
000050.SZ,000050,20251209,93013050,1304019,0,0,S,91800,1000,1304007,1161392,
000050.SZ,000050,20251209,93013050,1304020,0,0,S,91800,1100,1304007,1162564,
000050.SZ,000050,20251209,93013080,1304353,0,0,B,92000,1300,893194,1304352,
000050.SZ,000050,20251209,93013270,1307304,0,0,B,92000,200,933852,1307303,
000050.SZ,000050,20251209,93013270,1307306,0,0,B,92000,200,933852,1307305,
000050.SZ,000050,20251209,93013270,1307327,0,0,B,92000,300,933852,1307326,
000050.SZ,000050,20251209,93013270,1307349,0,0,B,92000,300,933852,1307348,
000050.SZ,000050,20251209,93013270,1307375,0,0,B,92000,100,990246,1307374,
000050.SZ,000050,20251209,93013270,1307383,0,0,B,92000,100,990246,1307382,
000050.SZ,000050,20251209,93013280,1307612,0,0,B,92000,200,990246,1307611,
000050.SZ,000050,20251209,93013290,1307697,0,0,B,92000,100,990246,1307696,
000050.SZ,000050,20251209,93013300,1307951,0,0,B,92000,300,990246,1307950,
000050.SZ,000050,20251209,93013310,1308271,0,0,B,92000,300,990246,1308270,
000050.SZ,000050,20251209,93013560,1312901,0,0,B,92000,600,990246,1312900,
000050.SZ,000050,20251209,93014830,1328198,0,0,S,91900,100,1328197,1304821,
000050.SZ,000050,20251209,93014830,1328199,0,0,S,91900,700,1328197,1308027,
000050.SZ,000050,20251209,93014830,1328200,0,0,S,91900,200,1328197,1310028,
000050.SZ,000050,20251209,93015180,1332028,C,0, ,0,14600,1290637,0,
000050.SZ,000050,20251209,93015180,1332053,0,0,S,91900,400,1332052,1310028,
000050.SZ,000050,20251209,93015180,1332054,0,0,S,91900,200,1332052,1316176,
000050.SZ,000050,20251209,93015180,1332055,0,0,S,91900,400,1332052,1317220,
000050.SZ,000050,20251209,93015180,1332056,0,0,S,91900,100,1332052,1320727,
000050.SZ,000050,20251209,93015180,1332057,0,0,S,91900,1400,1332052,1324659,
000050.SZ,000050,20251209,93015180,1332058,0,0,S,91900,100,1332052,1325607,
000050.SZ,000050,20251209,93015180,1332059,0,0,S,91800,900,1332052,1162564,
000050.SZ,000050,20251209,93015180,1332060,0,0,S,91800,300,1332052,1177609,
000050.SZ,000050,20251209,93015180,1332061,0,0,S,91800,200,1332052,1212545,
000050.SZ,000050,20251209,93015180,1332062,0,0,S,91800,200,1332052,1212800,
000050.SZ,000050,20251209,93015180,1332063,0,0,S,91800,100,1332052,1215270,
000050.SZ,000050,20251209,93015180,1332064,0,0,S,91800,300,1332052,1215279,
000050.SZ,000050,20251209,93015180,1332065,0,0,S,91800,100,1332052,1216541,
000050.SZ,000050,20251209,93015180,1332066,0,0,S,91800,100,1332052,1218858,
000050.SZ,000050,20251209,93015180,1332067,0,0,S,91800,600,1332052,1224569,
000050.SZ,000050,20251209,93015180,1332068,0,0,S,91800,400,1332052,1236628,
000050.SZ,000050,20251209,93015180,1332069,0,0,S,91800,100,1332052,1244613,
000050.SZ,000050,20251209,93015180,1332070,0,0,S,91800,600,1332052,1250258,
000050.SZ,000050,20251209,93015180,1332071,0,0,S,91700,8100,1332052,188642,
000050.SZ,000050,20251209,93015280,1333473,0,0,B,91900,100,1332656,1333472,
000050.SZ,000050,20251209,93015300,1334410,0,0,B,91800,900,1333556,1334409,
000050.SZ,000050,20251209,93015420,1337687,0,0,B,91800,100,1333556,1337686,
000050.SZ,000050,20251209,93015820,1347364,0,0,B,91800,300,1333556,1347363,
000050.SZ,000050,20251209,93015820,1347365,0,0,B,91900,100,1332656,1347363,
000050.SZ,000050,20251209,93015830,1347759,0,0,B,91900,200,1332656,1347758,
000050.SZ,000050,20251209,93015830,1347760,0,0,B,92000,900,990246,1347758,
000050.SZ,000050,20251209,93016790,1364624,0,0,B,91800,300,1358994,1364623,
000050.SZ,000050,20251209,93016960,1366419,0,0,B,91800,100,1358994,1366418,
000050.SZ,000050,20251209,93017020,1367097,0,0,B,91800,600,1358994,1367096,
000050.SZ,000050,20251209,93017060,1367659,0,0,B,91800,200,1358994,1367658,
000050.SZ,000050,20251209,93017060,1367660,0,0,B,91900,100,1353918,1367658,
000050.SZ,000050,20251209,93017060,1367661,0,0,B,91900,900,1363058,1367658,
000050.SZ,000050,20251209,93018220,1380749,0,0,B,91900,300,1363058,1380748,
000050.SZ,000050,20251209,93018230,1381109,0,0,S,91800,100,1381108,1375401,
000050.SZ,000050,20251209,93018270,1381951,0,0,B,91900,1100,1363058,1381950,
000050.SZ,000050,20251209,93018560,1387829,0,0,B,91900,100,1363058,1387828,
000050.SZ,000050,20251209,93018590,1388351,0,0,B,91900,200,1363058,1388350,
000050.SZ,000050,20251209,93018590,1388367,0,0,B,91900,200,1363058,1388366,
000050.SZ,000050,20251209,93019970,1409655,0,0,B,91900,200,1363058,1409654,
000050.SZ,000050,20251209,93019970,1409660,0,0,B,91900,100,1363058,1409659,
000050.SZ,000050,20251209,93019980,1409806,0,0,B,91900,100,1363058,1409805,
000050.SZ,000050,20251209,93020000,1410150,0,0,B,91900,100,1363058,1410149,
000050.SZ,000050,20251209,93020010,1410250,0,0,B,91900,100,1363058,1410249,
000050.SZ,000050,20251209,93020110,1411521,C,0, ,0,9800,1363058,0,
000050.SZ,000050,20251209,93020110,1411580,0,0,S,91800,9300,1411579,1375401,
000050.SZ,000050,20251209,93020110,1411581,0,0,S,91800,1100,1411579,1404363,
000050.SZ,000050,20251209,93021170,1423557,0,0,B,91900,100,1393177,1423556,
000050.SZ,000050,20251209,93021290,1426565,0,0,B,91900,200,1393177,1426564,
000050.SZ,000050,20251209,93021290,1426566,0,0,B,91900,2600,1412380,1426564,
000050.SZ,000050,20251209,93021490,1431180,0,0,B,91900,300,1412380,1431179,
000050.SZ,000050,20251209,93021590,1432982,C,0, ,0,1100,1079192,0,
000050.SZ,000050,20251209,93022070,1440666,C,0, ,0,3400,1098484,0,
000050.SZ,000050,20251209,93022420,1447293,0,0,S,91800,100,1447292,1422522,
000050.SZ,000050,20251209,93022670,1451036,0,0,S,91800,1100,1451035,1422522,
000050.SZ,000050,20251209,93022710,1451789,C,0, ,0,5500,1309882,0,
000050.SZ,000050,20251209,93023020,1455405,0,0,S,91800,100,1455404,1422522,
000050.SZ,000050,20251209,93023020,1455406,0,0,S,91800,100,1455404,1423760,
000050.SZ,000050,20251209,93023020,1455407,0,0,S,91800,300,1455404,1423765,
000050.SZ,000050,20251209,93023020,1455408,0,0,S,91800,200,1455404,1423766,
000050.SZ,000050,20251209,93023020,1455409,0,0,S,91800,300,1455404,1423770,
000050.SZ,000050,20251209,93023020,1455410,0,0,S,91800,200,1455404,1423773,
000050.SZ,000050,20251209,93023020,1455411,0,0,S,91800,2200,1455404,1428777,
000050.SZ,000050,20251209,93024180,1468247,0,0,B,91900,200,1412380,1468246,
000050.SZ,000050,20251209,93024200,1468879,0,0,B,91900,300,1412380,1468878,
000050.SZ,000050,20251209,93024240,1470148,0,0,B,91900,100,1412380,1470147,
000050.SZ,000050,20251209,93024250,1470323,0,0,B,91900,100,1412380,1470322,
000050.SZ,000050,20251209,93024250,1470374,0,0,B,91900,300,1412380,1470373,
000050.SZ,000050,20251209,93024260,1470606,0,0,B,91900,100,1412380,1470605,
000050.SZ,000050,20251209,93024270,1470827,0,0,B,91900,100,1412380,1470826,
000050.SZ,000050,20251209,93024430,1472928,0,0,S,91800,600,1472927,1428777,
000050.SZ,000050,20251209,93025060,1483761,0,0,B,91900,200,1412380,1483760,
000050.SZ,000050,20251209,93026060,1498434,0,0,B,91900,100,1412380,1498433,
000050.SZ,000050,20251209,93026100,1498846,0,0,S,91800,500,1498845,1428777,
000050.SZ,000050,20251209,93026390,1501642,0,0,B,91900,600,1412380,1501641,
000050.SZ,000050,20251209,93026690,1504592,0,0,B,91900,200,1421463,1504591,
000050.SZ,000050,20251209,93026690,1504594,0,0,B,91900,200,1431271,1504593,
000050.SZ,000050,20251209,93026690,1504596,0,0,B,91900,100,1431271,1504595,
000050.SZ,000050,20251209,93026690,1504597,0,0,B,91900,100,1475025,1504595,
000050.SZ,000050,20251209,93026690,1504606,0,0,B,91900,200,1475025,1504605,
000050.SZ,000050,20251209,93026700,1504644,0,0,B,91900,200,1476703,1504643,
000050.SZ,000050,20251209,93026700,1504671,0,0,B,91900,100,1476703,1504670,
000050.SZ,000050,20251209,93026700,1504693,0,0,B,92000,100,990246,1504692,
000050.SZ,000050,20251209,93026700,1504701,0,0,B,92000,200,990246,1504700,
000050.SZ,000050,20251209,93026700,1504703,0,0,B,92000,200,990246,1504702,
000050.SZ,000050,20251209,93026740,1505003,0,0,B,92000,200,990246,1505002,
000050.SZ,000050,20251209,93027030,1507721,0,0,S,91800,3800,1507720,1428777,
000050.SZ,000050,20251209,93027030,1507722,0,0,S,91800,100,1507720,1454457,
000050.SZ,000050,20251209,93027030,1507723,0,0,S,91800,100,1507720,1460600,
000050.SZ,000050,20251209,93027030,1507724,0,0,S,91800,100,1507720,1470131,
000050.SZ,000050,20251209,93027030,1507725,0,0,S,91800,200,1507720,1471049,
000050.SZ,000050,20251209,93027030,1507726,0,0,S,91800,600,1507720,1471494,
000050.SZ,000050,20251209,93027030,1507727,0,0,S,91800,400,1507720,1471981,
000050.SZ,000050,20251209,93027030,1507728,0,0,S,91800,400,1507720,1472621,
000050.SZ,000050,20251209,93027030,1507729,0,0,S,91800,100,1507720,1482244,
000050.SZ,000050,20251209,93027030,1507730,0,0,S,91800,100,1507720,1483028,
000050.SZ,000050,20251209,93027030,1507731,0,0,S,91800,100,1507720,1489867,
000050.SZ,000050,20251209,93027030,1507732,0,0,S,91800,200,1507720,1490541,
000050.SZ,000050,20251209,93027030,1507733,0,0,S,91800,100,1507720,1502407,
000050.SZ,000050,20251209,93027030,1507734,0,0,S,91800,300,1507720,1505518,
000050.SZ,000050,20251209,93027130,1508913,0,0,B,91800,100,1507720,1508912,
000050.SZ,000050,20251209,93027150,1509110,0,0,B,91800,100,1507720,1509109,
000050.SZ,000050,20251209,93027150,1509137,0,0,B,91800,100,1507720,1509136,
000050.SZ,000050,20251209,93027150,1509163,0,0,B,91800,100,1507720,1509162,
000050.SZ,000050,20251209,93027150,1509167,0,0,B,91800,600,1507720,1509166,
000050.SZ,000050,20251209,93027150,1509169,0,0,B,91800,500,1507720,1509168,
000050.SZ,000050,20251209,93027220,1511420,0,0,B,92000,1000,990246,1511419,
000050.SZ,000050,20251209,93027250,1511761,0,0,B,92000,1200,1023866,1511760,
000050.SZ,000050,20251209,93027310,1512737,0,0,S,91900,900,1512736,1509531,
000050.SZ,000050,20251209,93027310,1512738,0,0,S,91800,300,1512736,1509168,
000050.SZ,000050,20251209,93027310,1512739,0,0,S,91800,100,1512736,1509170,
000050.SZ,000050,20251209,93027310,1512740,0,0,S,91800,100,1512736,1509172,
000050.SZ,000050,20251209,93027310,1512741,0,0,S,91800,100,1512736,1509504,
000050.SZ,000050,20251209,93027310,1512742,0,0,S,91800,100,1512736,1509557,
000050.SZ,000050,20251209,93027310,1512743,0,0,S,91800,1000,1512736,1510197,
000050.SZ,000050,20251209,93027310,1512744,0,0,S,91800,800,1512736,1510220,
000050.SZ,000050,20251209,93027310,1512745,0,0,S,91800,600,1512736,1510242,
000050.SZ,000050,20251209,93027310,1512746,0,0,S,91800,400,1512736,1510243,
000050.SZ,000050,20251209,93027310,1512747,0,0,S,91800,500,1512736,1510301,
000050.SZ,000050,20251209,93027310,1512748,0,0,S,91800,700,1512736,1510302,
000050.SZ,000050,20251209,93027310,1512749,0,0,S,91800,800,1512736,1511956,
000050.SZ,000050,20251209,93027340,1513172,0,0,B,91800,100,1512736,1513171,
000050.SZ,000050,20251209,93027340,1513189,0,0,B,91800,300,1512736,1513188,
000050.SZ,000050,20251209,93027580,1517595,0,0,B,91800,7800,1512736,1517594,
000050.SZ,000050,20251209,93027650,1518979,0,0,B,91900,400,1512797,1518978,
000050.SZ,000050,20251209,93028020,1523984,0,0,B,91900,1000,1512797,1523983,
000050.SZ,000050,20251209,93028510,1531730,0,0,B,91900,200,1512797,1531729,
000050.SZ,000050,20251209,93028570,1532715,C,0, ,0,40000,0,207988,
000050.SZ,000050,20251209,93029500,1545592,0,0,S,91800,200,1545591,1517594,
000050.SZ,000050,20251209,93029670,1547755,0,0,S,91800,3200,1547754,1517594,
000050.SZ,000050,20251209,93029840,1549851,0,0,B,91900,100,1512797,1549850,
000050.SZ,000050,20251209,93029850,1550006,0,0,B,91900,100,1512797,1550005,
000050.SZ,000050,20251209,93029870,1550183,0,0,B,91900,300,1512797,1550182,
000050.SZ,000050,20251209,93029870,1550212,0,0,B,91900,200,1512797,1550211,
000050.SZ,000050,20251209,93029890,1550388,0,0,B,91900,200,1512797,1550387,
000050.SZ,000050,20251209,93029920,1550853,0,0,B,91900,100,1512797,1550852,
000050.SZ,000050,20251209,93029950,1551067,0,0,B,91900,200,1512797,1551066,
000050.SZ,000050,20251209,93030210,1555137,0,0,B,91900,300,1512797,1555136,
000050.SZ,000050,20251209,93030330,1557778,0,0,B,91900,100,1512797,1557777,
000050.SZ,000050,20251209,93030640,1564487,0,0,B,91900,300,1512797,1564486,
000050.SZ,000050,20251209,93030650,1564706,0,0,B,91900,100,1512797,1564705,
000050.SZ,000050,20251209,93031000,1569855,0,0,B,91900,400,1512797,1569854,
000050.SZ,000050,20251209,93031030,1570104,0,0,B,91900,100,1512797,1570103,
000050.SZ,000050,20251209,93031120,1571373,0,0,B,91900,200,1512797,1571372,
000050.SZ,000050,20251209,93031920,1584574,0,0,B,91900,700,1512797,1584573,
000050.SZ,000050,20251209,93031940,1584820,0,0,B,91900,500,1512797,1584819,
000050.SZ,000050,20251209,93032530,1591485,C,0, ,0,2000,475685,0,
000050.SZ,000050,20251209,93032950,1595751,0,0,B,91900,100,1515160,1595750,
000050.SZ,000050,20251209,93033150,1598076,0,0,B,91900,300,1516445,1598075,
000050.SZ,000050,20251209,93033150,1598079,0,0,B,91900,300,1516445,1598078,
000050.SZ,000050,20251209,93033150,1598081,0,0,B,91900,200,1516445,1598080,
000050.SZ,000050,20251209,93033150,1598082,0,0,B,91900,100,1517260,1598080,
000050.SZ,000050,20251209,93033150,1598084,0,0,B,91900,200,1517260,1598083,
000050.SZ,000050,20251209,93033150,1598085,0,0,B,91900,100,1517261,1598083,
000050.SZ,000050,20251209,93033150,1598087,0,0,B,91900,200,1517261,1598086,
000050.SZ,000050,20251209,93033150,1598088,0,0,B,91900,100,1518412,1598086,
000050.SZ,000050,20251209,93033150,1598092,0,0,B,91900,100,1518415,1598091,
000050.SZ,000050,20251209,93033150,1598094,0,0,B,91900,100,1518415,1598093,
000050.SZ,000050,20251209,93033150,1598107,0,0,B,91900,300,1518415,1598106,
000050.SZ,000050,20251209,93033150,1598111,0,0,B,91900,100,1518415,1598110,
000050.SZ,000050,20251209,93033150,1598120,0,0,B,91900,100,1518415,1598119,
000050.SZ,000050,20251209,93033150,1598121,0,0,B,91900,200,1533444,1598119,
000050.SZ,000050,20251209,93033150,1598242,0,0,B,91900,200,1551285,1598241,
000050.SZ,000050,20251209,93033150,1598243,0,0,B,91900,100,1568528,1598241,
000050.SZ,000050,20251209,93033150,1598318,0,0,B,91900,100,1568528,1598317,
000050.SZ,000050,20251209,93033150,1598320,0,0,B,91900,100,1568528,1598319,
000050.SZ,000050,20251209,93033150,1598321,0,0,B,91900,200,1581088,1598319,
000050.SZ,000050,20251209,93033150,1598329,0,0,B,91900,300,1581088,1598328,
000050.SZ,000050,20251209,93033150,1598334,0,0,B,91900,1800,1581088,1598333,
000050.SZ,000050,20251209,93033150,1598340,0,0,B,91900,300,1581088,1598339,
000050.SZ,000050,20251209,93033150,1598344,0,0,B,91900,300,1581088,1598343,
000050.SZ,000050,20251209,93033150,1598347,0,0,B,91900,300,1581088,1598346,
000050.SZ,000050,20251209,93033150,1598357,0,0,B,91900,300,1581088,1598356,
000050.SZ,000050,20251209,93033150,1598363,0,0,B,91900,200,1581088,1598362,
000050.SZ,000050,20251209,93033150,1598365,0,0,B,91900,300,1581088,1598364,
000050.SZ,000050,20251209,93033150,1598368,0,0,B,91900,300,1581088,1598367,
000050.SZ,000050,20251209,93033160,1598425,0,0,B,91900,200,1581088,1598424,
000050.SZ,000050,20251209,93033160,1598435,0,0,B,91900,300,1581088,1598434,
000050.SZ,000050,20251209,93033160,1598446,0,0,B,91900,200,1581088,1598445,
000050.SZ,000050,20251209,93033160,1598506,0,0,B,91900,300,1581088,1598505,
000050.SZ,000050,20251209,93033160,1598533,0,0,B,91900,100,1581088,1598532,
000050.SZ,000050,20251209,93033170,1598608,0,0,B,91900,300,1581088,1598607,
000050.SZ,000050,20251209,93033280,1601755,0,0,B,91900,100,1581088,1601754,
000050.SZ,000050,20251209,93033350,1602737,0,0,B,91900,300,1581088,1602736,
000050.SZ,000050,20251209,93033360,1603008,0,0,B,91900,600,1581088,1603007,
000050.SZ,000050,20251209,93033360,1603044,0,0,S,91800,2200,1603043,1517594,
000050.SZ,000050,20251209,93033360,1603045,0,0,S,91800,100,1603043,1520554,
000050.SZ,000050,20251209,93033360,1603046,0,0,S,91800,300,1603043,1532212,
000050.SZ,000050,20251209,93033360,1603047,0,0,S,91800,400,1603043,1541642,
000050.SZ,000050,20251209,93033360,1603048,0,0,S,91800,200,1603043,1543552,
000050.SZ,000050,20251209,93033360,1603049,0,0,S,91800,300,1603043,1562727,
000050.SZ,000050,20251209,93033360,1603050,0,0,S,91800,300,1603043,1571164,
000050.SZ,000050,20251209,93033360,1603051,0,0,S,91800,700,1603043,1584188,
000050.SZ,000050,20251209,93033360,1603052,0,0,S,91800,2000,1603043,1595726,
000050.SZ,000050,20251209,93033360,1603053,0,0,S,91800,300,1603043,1598324,
000050.SZ,000050,20251209,93033360,1603054,0,0,S,91800,100,1603043,1598404,
000050.SZ,000050,20251209,93033410,1604208,0,0,B,91800,200,1603043,1604207,
000050.SZ,000050,20251209,93033410,1604213,0,0,B,91800,100,1603043,1604212,
000050.SZ,000050,20251209,93033410,1604215,0,0,B,91800,300,1603043,1604214,
000050.SZ,000050,20251209,93033410,1604217,0,0,B,91800,400,1603043,1604216,
000050.SZ,000050,20251209,93033410,1604222,0,0,B,91800,600,1603043,1604221,
000050.SZ,000050,20251209,93033410,1604225,0,0,B,91800,200,1603043,1604224,
000050.SZ,000050,20251209,93033420,1604443,0,0,B,91800,300,1603043,1604442,
000050.SZ,000050,20251209,93033430,1604522,0,0,B,91800,600,1603043,1604521,
000050.SZ,000050,20251209,93033480,1605390,0,0,B,91800,100,1603043,1605389,
000050.SZ,000050,20251209,93033570,1607249,0,0,B,91800,100,1603043,1607248,
000050.SZ,000050,20251209,93033570,1607253,0,0,B,91800,100,1603043,1607252,
000050.SZ,000050,20251209,93033570,1607255,0,0,B,91800,300,1603043,1607254,
000050.SZ,000050,20251209,93033570,1607257,0,0,B,91800,300,1603043,1607256,
000050.SZ,000050,20251209,93033570,1607259,0,0,B,91800,100,1603043,1607258,
000050.SZ,000050,20251209,93034010,1613604,C,0, ,0,5600,685976,0,
000050.SZ,000050,20251209,93034360,1618967,0,0,B,91800,2400,1603043,1618966,
000050.SZ,000050,20251209,93034360,1618968,0,0,B,91800,100,1605451,1618966,
000050.SZ,000050,20251209,93035160,1631784,0,0,S,91800,3900,1631783,1618966,
000050.SZ,000050,20251209,93035450,1635947,0,0,B,91900,200,1581088,1635946,
000050.SZ,000050,20251209,93035470,1636151,0,0,B,91900,300,1581088,1636150,
000050.SZ,000050,20251209,93036020,1642782,0,0,B,91900,100,1581088,1642781,
000050.SZ,000050,20251209,93036160,1644677,0,0,B,91900,200,1581088,1644676,
000050.SZ,000050,20251209,93036210,1646362,0,0,B,91900,300,1581088,1646361,
000050.SZ,000050,20251209,93036230,1647258,0,0,B,91900,1600,1581088,1647257,
000050.SZ,000050,20251209,93036250,1647880,0,0,B,91900,1000,1581088,1647879,
000050.SZ,000050,20251209,93036460,1652361,0,0,B,91900,200,1581088,1652360,
000050.SZ,000050,20251209,93036460,1652362,0,0,B,91900,200,1582458,1652360,
000050.SZ,000050,20251209,93036520,1653488,0,0,B,91900,300,1590203,1653487,
000050.SZ,000050,20251209,93036520,1653489,0,0,B,91900,600,1608103,1653487,
000050.SZ,000050,20251209,93036520,1653490,0,0,B,91900,200,1650475,1653487,
000050.SZ,000050,20251209,93037000,1662468,C,0, ,0,12100,0,266434,
000050.SZ,000050,20251209,93037330,1668975,0,0,S,91800,3600,1668974,1618966,
000050.SZ,000050,20251209,93037330,1668976,0,0,S,91800,700,1668974,1621332,
000050.SZ,000050,20251209,93037420,1670981,0,0,B,91900,100,1650475,1670980,
000050.SZ,000050,20251209,93037810,1677546,0,0,S,91900,900,1677545,1670980,
000050.SZ,000050,20251209,93037810,1677547,0,0,S,91900,300,1677545,1671029,
000050.SZ,000050,20251209,93037810,1677548,0,0,S,91900,400,1677545,1671037,
000050.SZ,000050,20251209,93037810,1677549,0,0,S,91900,300,1677545,1671042,
000050.SZ,000050,20251209,93037810,1677550,0,0,S,91900,200,1677545,1672358,
000050.SZ,000050,20251209,93037810,1677551,0,0,S,91900,200,1677545,1673093,
000050.SZ,000050,20251209,93037810,1677552,0,0,S,91900,300,1677545,1673118,
000050.SZ,000050,20251209,93037820,1677769,0,0,B,91900,200,1677545,1677768,
000050.SZ,000050,20251209,93037820,1677811,0,0,B,91900,300,1677545,1677810,
000050.SZ,000050,20251209,93037820,1677815,0,0,B,91900,200,1677545,1677814,
000050.SZ,000050,20251209,93037820,1677827,0,0,B,91900,200,1677545,1677826,
000050.SZ,000050,20251209,93037830,1677877,0,0,B,91900,100,1677545,1677876,
000050.SZ,000050,20251209,93037830,1677893,0,0,B,91900,100,1677545,1677892,
000050.SZ,000050,20251209,93038900,1691494,0,0,B,91900,2300,1677545,1691493,
000050.SZ,000050,20251209,93038900,1691530,0,0,B,91900,1000,1677545,1691529,
000050.SZ,000050,20251209,93039060,1694436,C,0, ,0,2000,812857,0,
000050.SZ,000050,20251209,93039150,1695919,0,0,B,92000,100,1023866,1695918,
000050.SZ,000050,20251209,93039150,1695922,C,0, ,0,200,1553982,0,
000050.SZ,000050,20251209,93039150,1695937,C,0, ,0,200,1553947,0,
000050.SZ,000050,20251209,93039190,1696800,0,0,B,92000,700,1023866,1696799,
000050.SZ,000050,20251209,93039190,1696801,0,0,B,92000,200,1033502,1696799,
000050.SZ,000050,20251209,93039190,1696802,0,0,B,92000,500,1033597,1696799,
000050.SZ,000050,20251209,93039370,1700782,0,0,B,92000,200,1033597,1700781,
000050.SZ,000050,20251209,93040200,1717293,C,0, ,0,300,315199,0,
000050.SZ,000050,20251209,93040230,1717864,C,0, ,0,100,0,1674816,
000050.SZ,000050,20251209,93040390,1721222,0,0,S,91900,100,1721221,1696156,
000050.SZ,000050,20251209,93040390,1721223,0,0,S,91900,300,1721221,1696833,
000050.SZ,000050,20251209,93040820,1727824,0,0,B,92000,200,1060807,1727823,
000050.SZ,000050,20251209,93040930,1729438,0,0,B,92000,100,1060807,1729437,
000050.SZ,000050,20251209,93041100,1732733,0,0,S,91900,500,1732732,1704493,
000050.SZ,000050,20251209,93041870,1745391,C,0, ,0,700,0,1706252,
000050.SZ,000050,20251209,93042190,1751053,0,0,B,92000,100,1060807,1751052,
000050.SZ,000050,20251209,93042190,1751054,0,0,B,92000,100,1093278,1751052,
000050.SZ,000050,20251209,93042330,1753951,C,0, ,0,700,1399521,0,
000050.SZ,000050,20251209,93042390,1755335,0,0,S,91900,2000,1755334,1704493,
000050.SZ,000050,20251209,93042390,1755336,0,0,S,91900,4400,1755334,1714688,
000050.SZ,000050,20251209,93042390,1755337,0,0,S,91900,1000,1755334,1729378,
000050.SZ,000050,20251209,93042390,1755338,0,0,S,91900,200,1755334,1732240,
000050.SZ,000050,20251209,93042500,1758260,0,0,B,92000,200,1093278,1758259,
000050.SZ,000050,20251209,93042700,1762061,0,0,B,92000,4000,1093278,1762060,
000050.SZ,000050,20251209,93042700,1762062,0,0,B,92000,300,1145860,1762060,
000050.SZ,000050,20251209,93043630,1779525,0,0,B,92000,100,1145860,1779524,
000050.SZ,000050,20251209,93043630,1779661,0,0,B,92000,200,1145860,1779660,
000050.SZ,000050,20251209,93044920,1801022,0,0,S,91900,1700,1801021,1732240,
000050.SZ,000050,20251209,93044920,1801023,0,0,S,91900,400,1801021,1759575,
000050.SZ,000050,20251209,93044950,1801486,0,0,B,92000,700,1147589,1801485,
000050.SZ,000050,20251209,93045040,1803167,0,0,S,91900,300,1803166,1759575,
000050.SZ,000050,20251209,93045040,1803169,0,0,S,91900,100,1803168,1759575,
000050.SZ,000050,20251209,93045330,1808476,0,0,B,92000,1000,1147589,1808475,
000050.SZ,000050,20251209,93046540,1828454,0,0,B,92000,200,1278894,1828453,
000050.SZ,000050,20251209,93046620,1829876,0,0,B,92000,100,1278894,1829875,
000050.SZ,000050,20251209,93046620,1829877,0,0,B,92000,300,1301487,1829875,
000050.SZ,000050,20251209,93047390,1839842,0,0,S,91900,500,1839841,1759575,
000050.SZ,000050,20251209,93047390,1839843,0,0,S,91900,2000,1839841,1760015,
000050.SZ,000050,20251209,93047390,1839844,0,0,S,91900,1000,1839841,1766790,
000050.SZ,000050,20251209,93047390,1839845,0,0,S,91900,100,1839841,1790609,
000050.SZ,000050,20251209,93047390,1839846,0,0,S,91900,100,1839841,1793134,
000050.SZ,000050,20251209,93047390,1839847,0,0,S,91900,400,1839841,1816034,
000050.SZ,000050,20251209,93047400,1839892,0,0,B,91900,500,1839841,1839891,
000050.SZ,000050,20251209,93047400,1839894,0,0,B,91900,200,1839841,1839893,
000050.SZ,000050,20251209,93047400,1839902,0,0,B,91900,2300,1839841,1839901,
000050.SZ,000050,20251209,93047400,1839916,0,0,B,91900,400,1839841,1839915,
000050.SZ,000050,20251209,93047410,1840079,0,0,B,91900,100,1839841,1840078,
000050.SZ,000050,20251209,93047430,1840221,0,0,S,91900,100,1840220,1840119,
000050.SZ,000050,20251209,93047430,1840222,0,0,S,91800,200,1840220,1621332,
000050.SZ,000050,20251209,93047490,1840962,0,0,B,92000,400,1321494,1840961,
000050.SZ,000050,20251209,93047490,1840963,0,0,B,92000,100,1321892,1840961,
000050.SZ,000050,20251209,93048200,1849679,0,0,B,92000,300,1321892,1849678,
000050.SZ,000050,20251209,93048200,1849697,0,0,B,92000,100,1332552,1849696,
000050.SZ,000050,20251209,93048200,1849698,0,0,B,92000,100,1332557,1849696,
000050.SZ,000050,20251209,93048200,1849699,0,0,B,92000,100,1332571,1849696,
000050.SZ,000050,20251209,93048280,1851083,0,0,B,92000,200,1353110,1851082,
000050.SZ,000050,20251209,93048680,1857615,0,0,B,92000,700,1353110,1857614,
000050.SZ,000050,20251209,93048680,1857616,0,0,B,92000,100,1366119,1857614,
000050.SZ,000050,20251209,93048680,1857617,0,0,B,92000,100,1372951,1857614,
000050.SZ,000050,20251209,93049980,1876314,0,0,S,91900,100,1876313,1840616,
000050.SZ,000050,20251209,93049980,1876315,0,0,S,91900,500,1876313,1840794,
000050.SZ,000050,20251209,93049980,1876316,0,0,S,91900,500,1876313,1840898,
000050.SZ,000050,20251209,93049980,1876317,0,0,S,91900,100,1876313,1840918,
000050.SZ,000050,20251209,93049980,1876318,0,0,S,91900,200,1876313,1840995,
000050.SZ,000050,20251209,93049980,1876319,0,0,S,91900,500,1876313,1841053,
000050.SZ,000050,20251209,93049980,1876320,0,0,S,91900,100,1876313,1841102,
000050.SZ,000050,20251209,93049980,1876321,0,0,S,91900,100,1876313,1841265,
000050.SZ,000050,20251209,93049980,1876322,0,0,S,91900,600,1876313,1842921,
000050.SZ,000050,20251209,93049980,1876323,0,0,S,91900,100,1876313,1849581,
000050.SZ,000050,20251209,93049980,1876324,0,0,S,91900,400,1876313,1854571,
000050.SZ,000050,20251209,93049980,1876325,0,0,S,91900,4300,1876313,1863927,
000050.SZ,000050,20251209,93050030,1877037,0,0,B,91900,300,1876313,1877036,
000050.SZ,000050,20251209,93050030,1877038,0,0,B,92000,500,1372951,1877036,
000050.SZ,000050,20251209,93050030,1877039,0,0,B,92000,2000,1472438,1877036,
000050.SZ,000050,20251209,93050030,1877040,0,0,B,92000,200,1721180,1877036,
000050.SZ,000050,20251209,93050430,1881875,0,0,B,91900,1800,1879271,1881874,
000050.SZ,000050,20251209,93051020,1889000,C,0, ,0,500,1763649,0,
000050.SZ,000050,20251209,93051030,1889101,0,0,B,91900,100,1879271,1889100,
000050.SZ,000050,20251209,93051030,1889103,0,0,B,91900,100,1879271,1889102,
000050.SZ,000050,20251209,93051080,1889644,0,0,B,91900,100,1879271,1889643,
000050.SZ,000050,20251209,93051090,1889802,0,0,B,91900,100,1879271,1889801,
000050.SZ,000050,20251209,93051090,1889810,0,0,B,91900,100,1879271,1889809,
000050.SZ,000050,20251209,93051090,1889831,0,0,B,91900,100,1879271,1889830,
000050.SZ,000050,20251209,93051120,1890296,0,0,B,91900,100,1879271,1890295,
000050.SZ,000050,20251209,93051150,1890579,0,0,B,91900,100,1879271,1890578,
000050.SZ,000050,20251209,93051150,1890583,0,0,B,91900,400,1879271,1890582,
000050.SZ,000050,20251209,93051150,1890638,0,0,B,91900,100,1879271,1890637,
000050.SZ,000050,20251209,93051200,1891252,0,0,B,91900,200,1879271,1891251,
000050.SZ,000050,20251209,93051200,1891291,0,0,B,91900,1400,1879271,1891290,
000050.SZ,000050,20251209,93051230,1891693,0,0,B,91900,900,1879271,1891692,
000050.SZ,000050,20251209,93051230,1891694,0,0,B,91900,500,1887710,1891692,
000050.SZ,000050,20251209,93051250,1892212,0,0,B,91900,1000,1887710,1892211,
000050.SZ,000050,20251209,93051290,1892733,0,0,B,91900,100,1887710,1892732,
000050.SZ,000050,20251209,93051320,1893086,0,0,B,91900,100,1887710,1893085,
000050.SZ,000050,20251209,93051360,1893774,0,0,B,91900,2000,1887710,1893773,
000050.SZ,000050,20251209,93051470,1895160,0,0,B,91900,100,1887710,1895159,
000050.SZ,000050,20251209,93051550,1896253,0,0,S,91800,100,1896252,1621332,
000050.SZ,000050,20251209,93051550,1896256,0,0,S,91800,100,1896255,1621332,
000050.SZ,000050,20251209,93051560,1896381,0,0,B,91900,100,1887710,1896380,
000050.SZ,000050,20251209,93051580,1896549,0,0,B,91900,300,1887710,1896548,
000050.SZ,000050,20251209,93051630,1897223,0,0,B,91900,500,1887710,1897222,
000050.SZ,000050,20251209,93051760,1899436,0,0,B,91900,100,1887710,1899435,
000050.SZ,000050,20251209,93051800,1899982,0,0,B,91900,600,1887710,1899981,
000050.SZ,000050,20251209,93051800,1900012,0,0,B,91900,100,1887710,1900011,
000050.SZ,000050,20251209,93051830,1900307,0,0,B,91900,700,1887710,1900306,
000050.SZ,000050,20251209,93051880,1900957,0,0,B,91900,700,1887710,1900956,
000050.SZ,000050,20251209,93051880,1900966,0,0,B,91900,700,1887710,1900965,
000050.SZ,000050,20251209,93051880,1900981,0,0,B,91900,700,1887710,1900980,
000050.SZ,000050,20251209,93052170,1905255,0,0,B,91900,200,1887710,1905254,
000050.SZ,000050,20251209,93052240,1906174,0,0,B,91900,1000,1887710,1906173,
000050.SZ,000050,20251209,93052250,1906415,0,0,B,91900,200,1887710,1906414,
000050.SZ,000050,20251209,93052250,1906419,0,0,B,91900,900,1887710,1906418,
000050.SZ,000050,20251209,93052250,1906515,0,0,B,91900,1300,1887710,1906514,
000050.SZ,000050,20251209,93052260,1906666,0,0,B,91900,1400,1887710,1906665,
000050.SZ,000050,20251209,93052260,1906681,0,0,B,91900,300,1887710,1906680,
000050.SZ,000050,20251209,93052280,1906842,0,0,B,91900,200,1887710,1906841,
000050.SZ,000050,20251209,93052280,1906844,0,0,B,91900,500,1887710,1906843,
000050.SZ,000050,20251209,93052290,1907039,0,0,B,91900,100,1887710,1907038,
000050.SZ,000050,20251209,93052310,1907349,0,0,B,91900,400,1887710,1907348,
000050.SZ,000050,20251209,93052320,1907530,0,0,B,91900,700,1887710,1907529,
000050.SZ,000050,20251209,93052320,1907532,0,0,B,91900,700,1887710,1907531,
000050.SZ,000050,20251209,93052390,1908637,0,0,B,91900,400,1887710,1908636,
000050.SZ,000050,20251209,93052390,1908638,0,0,B,92000,100,1785091,1908636,
000050.SZ,000050,20251209,93052510,1910692,0,0,B,92000,200,1785091,1910691,
000050.SZ,000050,20251209,93052740,1914029,0,0,B,92000,500,1850856,1914028,
000050.SZ,000050,20251209,93052740,1914030,0,0,B,92000,300,1857368,1914028,
000050.SZ,000050,20251209,93052740,1914031,0,0,B,92000,2000,1863612,1914028,
000050.SZ,000050,20251209,93053060,1917773,0,0,S,92000,400,1917772,1914028,
000050.SZ,000050,20251209,93053060,1917774,0,0,S,92000,700,1917772,1914142,
000050.SZ,000050,20251209,93053060,1917775,0,0,S,92000,200,1917772,1914149,
000050.SZ,000050,20251209,93053060,1917776,0,0,S,91900,500,1917772,1908745,
000050.SZ,000050,20251209,93053100,1918352,C,0, ,0,1200,466705,0,
000050.SZ,000050,20251209,93054030,1929500,0,0,B,92100,200,532023,1929499,
000050.SZ,000050,20251209,93054030,1929502,0,0,B,92100,100,532023,1929501,
000050.SZ,000050,20251209,93054030,1929504,0,0,B,92100,100,532023,1929503,
000050.SZ,000050,20251209,93054160,1931156,0,0,B,92100,200,532023,1931155,
000050.SZ,000050,20251209,93054160,1931158,0,0,B,92100,700,532023,1931157,
000050.SZ,000050,20251209,93054180,1931406,0,0,S,91900,300,1931405,1908745,
000050.SZ,000050,20251209,93054260,1932672,0,0,B,92100,400,532023,1932671,
000050.SZ,000050,20251209,93054310,1933506,0,0,B,92100,900,532023,1933505,
000050.SZ,000050,20251209,93054340,1934104,0,0,B,92100,1500,532023,1934103,
000050.SZ,000050,20251209,93054420,1935643,C,0, ,0,2700,0,1666958,
000050.SZ,000050,20251209,93055440,1949887,C,0, ,0,100,0,1633247,
000050.SZ,000050,20251209,93055440,1949888,C,0, ,0,100,0,1633428,
000050.SZ,000050,20251209,93055440,1949889,C,0, ,0,100,0,1633323,
000050.SZ,000050,20251209,93055440,1949890,C,0, ,0,100,0,1633488,
000050.SZ,000050,20251209,93055580,1951854,0,0,S,92000,300,1951853,1933404,
000050.SZ,000050,20251209,93056090,1958359,0,0,B,92100,100,532023,1958358,
000050.SZ,000050,20251209,93056350,1961633,0,0,S,92000,100,1961632,1933404,
000050.SZ,000050,20251209,93056350,1961634,0,0,S,92000,300,1961632,1957502,
000050.SZ,000050,20251209,93056350,1961635,0,0,S,92000,900,1961632,1957503,
000050.SZ,000050,20251209,93056350,1961636,0,0,S,92000,100,1961632,1957507,
000050.SZ,000050,20251209,93056350,1961637,0,0,S,92000,1100,1961632,1957508,
000050.SZ,000050,20251209,93056350,1961638,0,0,S,92000,1100,1961632,1957509,
000050.SZ,000050,20251209,93056350,1961639,0,0,S,92000,200,1961632,1957512,
000050.SZ,000050,20251209,93056350,1961640,0,0,S,92000,1100,1961632,1957514,
000050.SZ,000050,20251209,93056350,1961641,0,0,S,92000,1000,1961632,1957517,
000050.SZ,000050,20251209,93056350,1961642,0,0,S,92000,1600,1961632,1958246,
000050.SZ,000050,20251209,93057150,1971423,0,0,B,92000,100,1961632,1971422,
000050.SZ,000050,20251209,93057250,1972983,0,0,B,92000,200,1961632,1972982,
000050.SZ,000050,20251209,93058500,1991142,0,0,S,91900,1600,1991141,1908745,
000050.SZ,000050,20251209,93059340,2003358,0,0,S,91900,200,2003357,1908745,
000050.SZ,000050,20251209,93059340,2003359,0,0,S,91900,300,2003357,1908748,
000050.SZ,000050,20251209,93059860,2009582,0,0,S,91900,700,2009581,1908748,
000050.SZ,000050,20251209,93059860,2009583,0,0,S,91900,700,2009581,1909020,
000050.SZ,000050,20251209,93059860,2009584,0,0,S,91900,700,2009581,1910703,
000050.SZ,000050,20251209,93059860,2009585,0,0,S,91900,700,2009581,1911195,
000050.SZ,000050,20251209,93059860,2009586,0,0,S,91900,100,2009581,1912311,
000050.SZ,000050,20251209,93059860,2009587,0,0,S,91900,1500,2009581,1920735,
000050.SZ,000050,20251209,93059860,2009588,0,0,S,91900,400,2009581,1920737,
000050.SZ,000050,20251209,93059860,2009589,0,0,S,91900,2000,2009581,1921608,
000050.SZ,000050,20251209,93059860,2009590,0,0,S,91900,2900,2009581,1929868,
000050.SZ,000050,20251209,93059860,2009591,0,0,S,91900,2900,2009581,1935954,
000050.SZ,000050,20251209,93059860,2009592,0,0,S,91900,400,2009581,1973104,
000050.SZ,000050,20251209,93059860,2009593,0,0,S,91900,500,2009581,1973108,
000050.SZ,000050,20251209,93059860,2009594,0,0,S,91900,1000,2009581,1973377,
000050.SZ,000050,20251209,93059860,2009595,0,0,S,91900,1100,2009581,1992243,
000050.SZ,000050,20251209,93059860,2009596,0,0,S,91900,200,2009581,1992916,
000050.SZ,000050,20251209,93059860,2009597,0,0,S,91900,200,2009581,1999279,
000050.SZ,000050,20251209,93059860,2009598,0,0,S,91900,1000,2009581,2007610,
000050.SZ,000050,20251209,93059860,2009599,0,0,S,91800,200,2009581,1621332,
000050.SZ,000050,20251209,93059860,2009600,0,0,S,91800,1200,2009581,1641715,
000050.SZ,000050,20251209,93059860,2009601,0,0,S,91800,1700,2009581,1663979,
000050.SZ,000050,20251209,93059860,2009602,0,0,S,91800,400,2009581,1677405,
000050.SZ,000050,20251209,93059860,2009603,0,0,S,91800,100,2009581,1695653,
000050.SZ,000050,20251209,93059860,2009604,0,0,S,91800,1400,2009581,1719208,
000050.SZ,000050,20251209,93059860,2009605,0,0,S,91800,100,2009581,1748285,
000050.SZ,000050,20251209,93059860,2009606,0,0,S,91800,1000,2009581,1781543,
000050.SZ,000050,20251209,93059860,2009607,0,0,S,91800,100,2009581,1782912,
000050.SZ,000050,20251209,93059860,2009608,0,0,S,91800,7400,2009581,1792214,
000050.SZ,000050,20251209,93059860,2009609,0,0,S,91800,200,2009581,1822899,
000050.SZ,000050,20251209,93059860,2009610,0,0,S,91800,2000,2009581,1886400,
000050.SZ,000050,20251209,93059860,2009611,0,0,S,91800,500,2009581,1907740,
000050.SZ,000050,20251209,93059860,2009612,0,0,S,91800,100,2009581,1917971,
000050.SZ,000050,20251209,93059860,2009711,0,0,B,91800,600,2009581,2009710,
000050.SZ,000050,20251209,93059860,2009716,0,0,B,91800,1500,2009581,2009715,
000050.SZ,000050,20251209,93059860,2009718,0,0,B,91800,2200,2009581,2009717,
000050.SZ,000050,20251209,93059860,2009720,0,0,B,91800,900,2009581,2009719,
000050.SZ,000050,20251209,93059860,2009722,0,0,B,91800,400,2009581,2009721,
000050.SZ,000050,20251209,93059870,2009724,0,0,B,91800,1400,2009581,2009723,
000050.SZ,000050,20251209,93059870,2009726,0,0,B,91800,100,2009581,2009725,
000050.SZ,000050,20251209,93059870,2009732,0,0,B,91800,1300,2009581,2009731,
000050.SZ,000050,20251209,93059870,2009751,0,0,B,91800,2000,2009581,2009750,
000050.SZ,000050,20251209,93059870,2009782,0,0,B,91800,400,2009581,2009781,
000050.SZ,000050,20251209,93059870,2009788,0,0,B,91800,3800,2009581,2009787,
000050.SZ,000050,20251209,93059890,2010047,0,0,B,92000,1900,1961632,2010046,
000050.SZ,000050,20251209,93059960,2010824,0,0,S,91900,100,2010823,2010653,
000050.SZ,000050,20251209,93100020,2011770,0,0,B,91900,100,2010830,2011769,
000050.SZ,000050,20251209,93100020,2011771,0,0,B,91900,100,2010831,2011769,
000050.SZ,000050,20251209,93100020,2011772,0,0,B,92000,300,1961632,2011769,
000050.SZ,000050,20251209,93100140,2013823,C,0, ,0,3400,1961632,0,
000050.SZ,000050,20251209,93100140,2013836,0,0,S,91900,300,2013835,2011827,
000050.SZ,000050,20251209,93100140,2013837,0,0,S,91900,100,2013835,2012390,
000050.SZ,000050,20251209,93100140,2013838,0,0,S,91900,500,2013835,2012977,
000050.SZ,000050,20251209,93100140,2013839,0,0,S,91900,400,2013835,2013194,
000050.SZ,000050,20251209,93100140,2013840,0,0,S,91800,2400,2013835,2009787,
000050.SZ,000050,20251209,93100240,2015803,0,0,B,92000,100,1965865,2015802,
000050.SZ,000050,20251209,93100260,2016025,0,0,B,92000,100,1965865,2016024,
000050.SZ,000050,20251209,93100310,2016798,0,0,B,92000,100,1965865,2016797,
000050.SZ,000050,20251209,93100310,2016870,0,0,B,92000,300,2014209,2016869,
000050.SZ,000050,20251209,93100310,2016871,0,0,B,92000,600,2015801,2016869,
000050.SZ,000050,20251209,93100310,2016872,0,0,B,92100,400,532023,2016869,
000050.SZ,000050,20251209,93100340,2017384,0,0,B,92100,2000,532023,2017383,
000050.SZ,000050,20251209,93100370,2018252,0,0,B,92100,100,532023,2018251,
000050.SZ,000050,20251209,93100410,2019088,0,0,B,92100,2100,532023,2019087,
000050.SZ,000050,20251209,93100690,2024862,0,0,S,92000,300,2024861,2019165,
000050.SZ,000050,20251209,93100770,2026612,0,0,S,92000,1200,2026611,2019165,
000050.SZ,000050,20251209,93100870,2028711,C,0, ,0,1400,0,2009787,
000050.SZ,000050,20251209,93100890,2028986,C,0, ,0,7500,0,2009867,
000050.SZ,000050,20251209,93101230,2034981,0,0,B,92100,200,532023,2034980,
000050.SZ,000050,20251209,93102130,2050648,0,0,B,92100,1100,532023,2050647,
000050.SZ,000050,20251209,93102480,2055687,0,0,B,92100,100,532023,2055686,
000050.SZ,000050,20251209,93102830,2060312,0,0,S,92000,2000,2060311,2019165,
000050.SZ,000050,20251209,93103030,2063307,0,0,B,92100,400,532023,2063306,
000050.SZ,000050,20251209,93103030,2063309,0,0,B,92100,500,532023,2063308,
000050.SZ,000050,20251209,93103030,2063312,0,0,B,92100,200,532023,2063311,
000050.SZ,000050,20251209,93103030,2063314,0,0,B,92100,1000,532023,2063313,
000050.SZ,000050,20251209,93103150,2065452,0,0,B,92100,100,532023,2065451,
000050.SZ,000050,20251209,93103150,2065454,0,0,B,92100,500,532023,2065453,
000050.SZ,000050,20251209,93103150,2065464,0,0,B,92100,300,532023,2065463,
000050.SZ,000050,20251209,93103150,2065472,0,0,B,92100,100,532023,2065471,
000050.SZ,000050,20251209,93103150,2065474,0,0,B,92100,800,532023,2065473,
000050.SZ,000050,20251209,93103150,2065476,0,0,B,92100,500,532023,2065475,
000050.SZ,000050,20251209,93103150,2065478,0,0,B,92100,600,532023,2065477,
000050.SZ,000050,20251209,93103150,2065480,0,0,B,92100,100,532023,2065479,
000050.SZ,000050,20251209,93103150,2065481,0,0,B,92100,500,661835,2065479,
000050.SZ,000050,20251209,93103150,2065483,0,0,B,92100,900,661835,2065482,
000050.SZ,000050,20251209,93103150,2065492,0,0,B,92100,300,661835,2065491,
000050.SZ,000050,20251209,93103150,2065494,0,0,B,92100,200,661835,2065493,
000050.SZ,000050,20251209,93103150,2065496,0,0,B,92100,100,661835,2065495,
000050.SZ,000050,20251209,93103150,2065498,0,0,B,92100,200,661835,2065497,
000050.SZ,000050,20251209,93103150,2065499,0,0,B,92100,100,765834,2065497,
000050.SZ,000050,20251209,93103150,2065501,0,0,B,92100,300,765834,2065500,
000050.SZ,000050,20251209,93103150,2065503,0,0,B,92100,700,765834,2065502,
000050.SZ,000050,20251209,93103150,2065504,0,0,B,92100,400,819816,2065502,
000050.SZ,000050,20251209,93103150,2065506,0,0,B,92100,300,819816,2065505,
000050.SZ,000050,20251209,93103150,2065508,0,0,B,92100,1000,819816,2065507,
000050.SZ,000050,20251209,93103150,2065512,0,0,B,92100,200,819816,2065511,
000050.SZ,000050,20251209,93103150,2065517,0,0,B,92100,300,819816,2065516,
000050.SZ,000050,20251209,93103190,2066214,C,0, ,0,300,0,2016215,
000050.SZ,000050,20251209,93103200,2066334,0,0,B,92100,300,819816,2066333,
000050.SZ,000050,20251209,93103210,2066529,0,0,B,92100,300,819816,2066528,
000050.SZ,000050,20251209,93103660,2075606,0,0,B,92100,700,819816,2075605,
000050.SZ,000050,20251209,93103770,2077619,0,0,B,92100,400,819816,2077618,
000050.SZ,000050,20251209,93103850,2078658,0,0,B,92100,1100,819816,2078657,
000050.SZ,000050,20251209,93103870,2078831,0,0,B,92100,600,819816,2078830,
000050.SZ,000050,20251209,93103910,2079345,0,0,B,92100,700,819816,2079344,
000050.SZ,000050,20251209,93103910,2079351,0,0,B,92100,600,819816,2079350,
000050.SZ,000050,20251209,93103920,2079492,0,0,B,92100,1300,819816,2079491,
000050.SZ,000050,20251209,93103920,2079574,0,0,B,92100,100,819816,2079573,
000050.SZ,000050,20251209,93103960,2080054,C,0, ,0,400,0,2010499,
000050.SZ,000050,20251209,93103960,2080055,C,0, ,0,100,0,2010351,
000050.SZ,000050,20251209,93103960,2080074,0,0,B,92100,200,819816,2080073,
000050.SZ,000050,20251209,93103990,2080457,0,0,B,92100,700,819816,2080456,
000050.SZ,000050,20251209,93104010,2080981,0,0,B,92100,1000,819816,2080980,
000050.SZ,000050,20251209,93104060,2081674,0,0,B,92100,900,819816,2081673,
000050.SZ,000050,20251209,93104080,2082007,0,0,B,92100,700,819816,2082006,
000050.SZ,000050,20251209,93104080,2082010,C,0, ,0,600,0,2010688,
000050.SZ,000050,20251209,93104100,2082277,0,0,B,92100,800,819816,2082276,
000050.SZ,000050,20251209,93104110,2082396,0,0,B,92100,700,819816,2082395,
000050.SZ,000050,20251209,93104380,2087778,0,0,B,92100,700,819816,2087777,
000050.SZ,000050,20251209,93104460,2089580,0,0,B,92100,3500,819816,2089579,
000050.SZ,000050,20251209,93104460,2089593,0,0,B,92100,1100,819816,2089592,
000050.SZ,000050,20251209,93105030,2098467,0,0,B,92100,100,819816,2098466,
000050.SZ,000050,20251209,93105030,2098548,0,0,B,92100,100,819816,2098547,
000050.SZ,000050,20251209,93105030,2098558,0,0,B,92100,100,819816,2098557,
000050.SZ,000050,20251209,93105050,2098739,0,0,B,92100,100,819816,2098738,
000050.SZ,000050,20251209,93105420,2104373,0,0,B,92100,100,819816,2104372,
000050.SZ,000050,20251209,93106160,2115151,C,0, ,0,200,0,2015096,
000050.SZ,000050,20251209,93106160,2115152,C,0, ,0,400,0,2034381,
000050.SZ,000050,20251209,93106170,2115442,0,0,B,92100,200,819816,2115441,
000050.SZ,000050,20251209,93106170,2115444,0,0,B,92100,400,819816,2115443,
000050.SZ,000050,20251209,93106190,2115766,0,0,B,92100,300,819816,2115765,
000050.SZ,000050,20251209,93106190,2115767,0,0,B,92100,100,1016918,2115765,
000050.SZ,000050,20251209,93106190,2115768,0,0,B,92100,100,1143364,2115765,
000050.SZ,000050,20251209,93106240,2116609,0,0,B,92100,300,1946323,2116608,
000050.SZ,000050,20251209,93106240,2116610,0,0,B,92100,100,2065461,2116608,
000050.SZ,000050,20251209,93106240,2116611,0,0,B,92100,300,2100048,2116608,
000050.SZ,000050,20251209,93106240,2116612,0,0,B,92200,600,1089737,2116608,
000050.SZ,000050,20251209,93106300,2117936,0,0,B,92100,300,2117383,2117935,
000050.SZ,000050,20251209,93106320,2118182,C,0, ,0,100,0,2086476,
000050.SZ,000050,20251209,93106320,2118183,C,0, ,0,100,0,2086483,
000050.SZ,000050,20251209,93106320,2118184,C,0, ,0,100,0,2086485,
000050.SZ,000050,20251209,93106320,2118185,C,0, ,0,100,0,2086484,
000050.SZ,000050,20251209,93107400,2137821,0,0,S,92100,600,2137820,2127493,
000050.SZ,000050,20251209,93107560,2140846,C,0, ,0,1700,249849,0,
000050.SZ,000050,20251209,93108180,2150954,0,0,B,92100,200,2137820,2150953,
000050.SZ,000050,20251209,93108180,2150956,0,0,B,92100,200,2137820,2150955,
000050.SZ,000050,20251209,93109250,2165527,0,0,B,92100,900,2137820,2165526,
000050.SZ,000050,20251209,93109350,2167139,0,0,S,92000,6600,2167138,2019165,
000050.SZ,000050,20251209,93109370,2167352,C,0, ,0,100,0,2092946,
000050.SZ,000050,20251209,93110130,2178961,C,0, ,0,27300,2137820,0,
000050.SZ,000050,20251209,93110140,2179005,0,0,S,92000,27300,2179004,2019165,
000050.SZ,000050,20251209,93110720,2188229,0,0,S,92000,1500,2188228,2019165,
000050.SZ,000050,20251209,93111670,2199550,0,0,B,92100,200,2180203,2199549,
000050.SZ,000050,20251209,93112170,2206037,0,0,B,92100,300,2180203,2206036,
000050.SZ,000050,20251209,93112190,2206236,0,0,S,92000,100,2206235,2019165,
000050.SZ,000050,20251209,93112210,2206606,0,0,B,92100,300,2180203,2206605,
000050.SZ,000050,20251209,93112240,2206964,0,0,B,92100,600,2180203,2206963,
000050.SZ,000050,20251209,93112300,2208105,0,0,B,92100,1100,2180203,2208104,
000050.SZ,000050,20251209,93112340,2208761,C,0, ,0,400,2136762,0,
000050.SZ,000050,20251209,93112640,2212977,0,0,B,92100,1400,2180203,2212976,
000050.SZ,000050,20251209,93113570,2226947,0,0,B,92100,1800,2180203,2226946,
000050.SZ,000050,20251209,93115140,2245792,0,0,S,92000,800,2245791,2019165,
000050.SZ,000050,20251209,93115250,2246894,C,0, ,0,100,2206051,0,
000050.SZ,000050,20251209,93115500,2251007,0,0,B,92100,100,2180203,2251006,
000050.SZ,000050,20251209,93116060,2258936,0,0,B,92100,900,2180203,2258935,
000050.SZ,000050,20251209,93118160,2284663,0,0,S,92000,200,2284662,2019165,
000050.SZ,000050,20251209,93118290,2286566,0,0,B,92100,100,2180203,2286565,
000050.SZ,000050,20251209,93118670,2291892,0,0,B,92100,3300,2180203,2291891,
000050.SZ,000050,20251209,93119880,2307542,C,0, ,0,1100,0,2027056,
000050.SZ,000050,20251209,93119890,2307620,C,0, ,0,3800,0,2027110,
000050.SZ,000050,20251209,93119900,2307734,C,0, ,0,800,0,2027146,
000050.SZ,000050,20251209,93119910,2307797,C,0, ,0,500,0,2027147,
000050.SZ,000050,20251209,93120150,2310296,C,0, ,0,4100,2275109,0,
000050.SZ,000050,20251209,93120150,2310375,0,0,S,92000,4900,2310374,2019165,
000050.SZ,000050,20251209,93120160,2310479,0,0,B,92100,100,2180203,2310478,
000050.SZ,000050,20251209,93120220,2311104,0,0,B,92100,8600,2180203,2311103,
000050.SZ,000050,20251209,93120220,2311105,0,0,B,92100,300,2190399,2311103,
000050.SZ,000050,20251209,93120220,2311106,0,0,B,92100,800,2195577,2311103,
000050.SZ,000050,20251209,93120220,2311107,0,0,B,92100,300,2199934,2311103,
000050.SZ,000050,20251209,93120220,2311108,0,0,B,92100,400,2204634,2311103,
000050.SZ,000050,20251209,93120220,2311109,0,0,B,92100,100,2206034,2311103,
000050.SZ,000050,20251209,93120220,2311110,0,0,B,92100,1500,2208064,2311103,
000050.SZ,000050,20251209,93121290,2323254,C,0, ,0,7600,2208064,0,
000050.SZ,000050,20251209,93121330,2324015,0,0,B,92100,300,2209173,2324014,
000050.SZ,000050,20251209,93121400,2325345,0,0,B,92100,700,2238992,2325344,
000050.SZ,000050,20251209,93121790,2330494,0,0,B,92100,100,2238992,2330493,
000050.SZ,000050,20251209,93122380,2337742,0,0,B,92100,100,2238992,2337741,
000050.SZ,000050,20251209,93123750,2352781,C,0, ,0,10000,469950,0,
000050.SZ,000050,20251209,93124030,2355522,0,0,B,92100,100,2238992,2355521,
000050.SZ,000050,20251209,93124030,2355525,0,0,B,92100,300,2238992,2355524,
000050.SZ,000050,20251209,93124150,2356781,0,0,B,92100,100,2238992,2356780,
000050.SZ,000050,20251209,93124160,2356877,0,0,S,92000,1500,2356876,2019165,
000050.SZ,000050,20251209,93124180,2357114,0,0,B,92100,200,2238992,2357113,
000050.SZ,000050,20251209,93124180,2357115,0,0,B,92100,100,2239634,2357113,
000050.SZ,000050,20251209,93124200,2357426,0,0,B,92100,200,2239634,2357425,
000050.SZ,000050,20251209,93124200,2357427,0,0,B,92100,200,2239663,2357425,
000050.SZ,000050,20251209,93124230,2357886,0,0,B,92100,200,2239663,2357885,
000050.SZ,000050,20251209,93124460,2360731,0,0,B,92100,4200,2239663,2360730,
000050.SZ,000050,20251209,93124460,2360732,0,0,B,92100,500,2288313,2360730,
000050.SZ,000050,20251209,93124460,2360733,0,0,B,92100,800,2330299,2360730,
000050.SZ,000050,20251209,93124460,2360734,0,0,B,92100,300,2347379,2360730,
000050.SZ,000050,20251209,93124460,2360735,0,0,B,92100,1800,2356790,2360730,
000050.SZ,000050,20251209,93124460,2360736,0,0,B,92200,1600,1089737,2360730,
000050.SZ,000050,20251209,93124460,2360737,0,0,B,92200,300,1232814,2360730,
000050.SZ,000050,20251209,93124460,2360738,0,0,B,92200,7200,2179170,2360730,
000050.SZ,000050,20251209,93124460,2360739,0,0,B,92200,3500,2179174,2360730,
000050.SZ,000050,20251209,93124480,2361010,C,0, ,0,3700,2179174,0,
000050.SZ,000050,20251209,93124510,2361319,0,0,S,92100,100,2361318,2361204,
000050.SZ,000050,20251209,93125480,2373748,0,0,S,92100,100,2373747,2361204,
000050.SZ,000050,20251209,93125500,2374031,0,0,S,92100,400,2374030,2361204,
000050.SZ,000050,20251209,93126350,2383365,0,0,S,92100,100,2383364,2361204,
000050.SZ,000050,20251209,93126660,2386722,0,0,S,92000,3600,2386721,2019165,
000050.SZ,000050,20251209,93126660,2386723,0,0,S,92000,1100,2386721,2022185,
000050.SZ,000050,20251209,93126660,2386724,0,0,S,92000,100,2386721,2061289,
000050.SZ,000050,20251209,93126660,2386725,0,0,S,92000,200,2386721,2090938,
000050.SZ,000050,20251209,93127030,2390766,0,0,B,92100,100,2383364,2390765,
000050.SZ,000050,20251209,93127030,2390780,0,0,B,92100,100,2383364,2390779,
000050.SZ,000050,20251209,93127150,2392372,0,0,B,92100,300,2383364,2392371,
000050.SZ,000050,20251209,93127400,2395741,0,0,B,92100,200,2383364,2395740,
000050.SZ,000050,20251209,93127410,2395869,C,0, ,0,600,0,2049193,
000050.SZ,000050,20251209,93127620,2398201,0,0,B,92100,600,2383364,2398200,
000050.SZ,000050,20251209,93128080,2403060,0,0,B,92100,1400,2383364,2403059,
000050.SZ,000050,20251209,93128410,2407283,0,0,B,92100,300,2383364,2407282,
000050.SZ,000050,20251209,93129200,2416624,0,0,S,92000,1600,2416623,2090938,
000050.SZ,000050,20251209,93129200,2416625,0,0,S,92000,6500,2416623,2092678,
000050.SZ,000050,20251209,93129200,2416626,0,0,S,92000,1100,2416623,2100718,
000050.SZ,000050,20251209,93129200,2416627,0,0,S,92000,100,2416623,2118345,
000050.SZ,000050,20251209,93129200,2416628,0,0,S,92000,1000,2416623,2202100,
000050.SZ,000050,20251209,93129200,2416629,0,0,S,92000,600,2416623,2206042,
000050.SZ,000050,20251209,93129200,2416630,0,0,S,92000,300,2416623,2227272,
000050.SZ,000050,20251209,93129200,2416631,0,0,S,92000,500,2416623,2236500,
000050.SZ,000050,20251209,93129200,2416632,0,0,S,92000,1000,2416623,2258348,
000050.SZ,000050,20251209,93129200,2416633,0,0,S,92000,400,2416623,2281625,
000050.SZ,000050,20251209,93129200,2416634,0,0,S,92000,400,2416623,2284935,
000050.SZ,000050,20251209,93129200,2416635,0,0,S,92000,100,2416623,2315741,
000050.SZ,000050,20251209,93129200,2416636,0,0,S,92000,300,2416623,2317826,
000050.SZ,000050,20251209,93129200,2416637,0,0,S,92000,100,2416623,2325548,
000050.SZ,000050,20251209,93129200,2416638,0,0,S,92000,100,2416623,2337134,
000050.SZ,000050,20251209,93129200,2416639,0,0,S,92000,600,2416623,2349099,
000050.SZ,000050,20251209,93129200,2416640,0,0,S,92000,500,2416623,2362004,
000050.SZ,000050,20251209,93129200,2416641,0,0,S,92000,1600,2416623,2394519,
000050.SZ,000050,20251209,93129200,2416642,0,0,S,91900,100,2416623,2056312,
000050.SZ,000050,20251209,93129200,2416643,0,0,S,91900,100,2416623,2254717,
000050.SZ,000050,20251209,93129200,2416644,0,0,S,91900,1000,2416623,2280465,
000050.SZ,000050,20251209,93129200,2416645,0,0,S,91900,3000,2416623,2308890,
000050.SZ,000050,20251209,93129200,2416646,0,0,S,91900,100,2416623,2356092,
000050.SZ,000050,20251209,93129200,2416647,0,0,S,91900,3000,2416623,2357781,
000050.SZ,000050,20251209,93129200,2416648,0,0,S,91900,200,2416623,2357807,
000050.SZ,000050,20251209,93129200,2416649,0,0,S,91900,100,2416623,2357876,
000050.SZ,000050,20251209,93129200,2416650,0,0,S,91900,200,2416623,2357877,
000050.SZ,000050,20251209,93129200,2416651,0,0,S,91900,400,2416623,2357900,
000050.SZ,000050,20251209,93129200,2416652,0,0,S,91900,600,2416623,2357948,
000050.SZ,000050,20251209,93129200,2416653,0,0,S,91900,200,2416623,2358032,
000050.SZ,000050,20251209,93129200,2416654,0,0,S,91900,400,2416623,2358048,
000050.SZ,000050,20251209,93129200,2416655,0,0,S,91900,100,2416623,2367171,
000050.SZ,000050,20251209,93129200,2416656,0,0,S,91900,100,2416623,2367186,
000050.SZ,000050,20251209,93129200,2416657,0,0,S,91900,100,2416623,2367187,
000050.SZ,000050,20251209,93129200,2416658,0,0,S,91900,100,2416623,2367205,
000050.SZ,000050,20251209,93129200,2416659,0,0,S,91900,100,2416623,2367218,
000050.SZ,000050,20251209,93129200,2416660,0,0,S,91900,200,2416623,2367254,
000050.SZ,000050,20251209,93129200,2416661,0,0,S,91900,100,2416623,2367271,
000050.SZ,000050,20251209,93129200,2416662,0,0,S,91900,400,2416623,2367277,
000050.SZ,000050,20251209,93129200,2416663,0,0,S,91900,1600,2416623,2373699,
000050.SZ,000050,20251209,93129200,2416664,0,0,S,91900,400,2416623,2380013,
000050.SZ,000050,20251209,93129200,2416665,0,0,S,91900,200,2416623,2399512,
000050.SZ,000050,20251209,93129210,2416754,0,0,B,91900,700,2416623,2416753,
000050.SZ,000050,20251209,93129210,2416756,0,0,B,91900,900,2416623,2416755,
000050.SZ,000050,20251209,93129210,2416758,0,0,B,91900,16800,2416623,2416757,
000050.SZ,000050,20251209,93129210,2416853,C,0, ,0,2400,0,2416762,
000050.SZ,000050,20251209,93129230,2417033,C,0, ,0,10300,0,2009816,
000050.SZ,000050,20251209,93129230,2417034,C,0, ,0,10300,0,2009815,
000050.SZ,000050,20251209,93129330,2418218,C,0, ,0,10000,0,936080,
000050.SZ,000050,20251209,93130030,2425253,0,0,B,92100,100,2383364,2425252,
000050.SZ,000050,20251209,93130030,2425296,0,0,B,92100,100,2383364,2425295,
000050.SZ,000050,20251209,93130030,2425299,0,0,B,92100,200,2383364,2425298,
000050.SZ,000050,20251209,93130160,2427016,0,0,B,92100,100,2383364,2427015,
000050.SZ,000050,20251209,93130190,2427240,0,0,S,92000,100,2427239,2427209,
000050.SZ,000050,20251209,93130210,2427546,0,0,B,92100,300,2383364,2427545,
000050.SZ,000050,20251209,93130210,2427547,0,0,B,92100,500,2404985,2427545,
000050.SZ,000050,20251209,93130210,2427571,C,0, ,0,5100,0,2416775,
000050.SZ,000050,20251209,93130230,2427824,0,0,B,92100,1300,2404985,2427823,
000050.SZ,000050,20251209,93130240,2427981,0,0,S,92000,100,2427980,2427209,
000050.SZ,000050,20251209,93130260,2428290,0,0,B,92100,1400,2404985,2428289,
000050.SZ,000050,20251209,93130340,2429141,0,0,S,92000,100,2429140,2427209,
000050.SZ,000050,20251209,93130340,2429142,0,0,S,91900,700,2429140,2416757,
000050.SZ,000050,20251209,93130350,2429250,0,0,S,91900,900,2429249,2416757,
000050.SZ,000050,20251209,93130350,2429251,0,0,S,91900,200,2429249,2416759,
000050.SZ,000050,20251209,93130350,2429254,0,0,S,91900,100,2429253,2416759,
000050.SZ,000050,20251209,93130730,2435515,C,0, ,0,18100,0,2416759,
000050.SZ,000050,20251209,93131200,2441439,C,0, ,0,18400,0,2416760,
000050.SZ,000050,20251209,93131390,2443958,0,0,B,92100,500,2404985,2443957,
000050.SZ,000050,20251209,93131540,2445928,0,0,B,92100,100,2404985,2445927,
000050.SZ,000050,20251209,93131540,2445945,0,0,B,92100,400,2404985,2445944,
000050.SZ,000050,20251209,93131710,2448034,C,0, ,0,500,0,2416788,
000050.SZ,000050,20251209,93131940,2450546,0,0,B,92100,200,2414115,2450545,
000050.SZ,000050,20251209,93131940,2450547,0,0,B,92100,300,2417820,2450545,
000050.SZ,000050,20251209,93131940,2450548,0,0,B,92100,100,2427022,2450545,
000050.SZ,000050,20251209,93131940,2450549,0,0,B,92100,100,2427024,2450545,
000050.SZ,000050,20251209,93132110,2452468,C,0, ,0,18400,0,2416763,
000050.SZ,000050,20251209,93133160,2464249,C,0, ,0,2200,0,2416777,
000050.SZ,000050,20251209,93133180,2464420,0,0,B,92000,300,2464087,2464419,
000050.SZ,000050,20251209,93133240,2465519,0,0,B,92000,300,2464126,2465518,
000050.SZ,000050,20251209,93133240,2465521,0,0,B,92000,300,2464368,2465520,
000050.SZ,000050,20251209,93133260,2465678,C,0, ,0,2100,2464368,0,
000050.SZ,000050,20251209,93134790,2484675,C,0, ,0,1100,1316003,0,
000050.SZ,000050,20251209,93134960,2486198,C,0, ,0,500,2368572,0,
000050.SZ,000050,20251209,93135180,2488672,0,0,S,91900,5300,2488671,2416761,
000050.SZ,000050,20251209,93135180,2488673,0,0,S,91900,1900,2488671,2416765,
000050.SZ,000050,20251209,93135180,2488674,0,0,S,91900,100,2488671,2416766,
000050.SZ,000050,20251209,93135180,2488675,0,0,S,91900,100,2488671,2416767,
000050.SZ,000050,20251209,93135180,2488676,0,0,S,91900,100,2488671,2416768,
000050.SZ,000050,20251209,93135180,2488677,0,0,S,91900,800,2488671,2416769,
000050.SZ,000050,20251209,93135180,2488678,0,0,S,91900,400,2488671,2416770,
000050.SZ,000050,20251209,93135180,2488759,C,0, ,0,1500,0,2416833,
000050.SZ,000050,20251209,93135210,2489067,C,0, ,0,1900,0,2416834,
000050.SZ,000050,20251209,93135350,2490553,C,0, ,0,600,2371693,0,
000050.SZ,000050,20251209,93136180,2499175,0,0,B,92000,300,2465125,2499174,
000050.SZ,000050,20251209,93136200,2499546,0,0,B,92000,200,2465125,2499545,
000050.SZ,000050,20251209,93137080,2511158,0,0,B,92000,700,2485070,2511157,
000050.SZ,000050,20251209,93137170,2512447,C,0, ,0,8700,2454370,0,
000050.SZ,000050,20251209,93137610,2518978,0,0,B,92000,100,2485070,2518977,
000050.SZ,000050,20251209,93139200,2536221,0,0,B,92000,300,2485070,2536220,
000050.SZ,000050,20251209,93140220,2549150,C,0, ,0,18400,2512468,0,
000050.SZ,000050,20251209,93140220,2549221,0,0,S,91900,100,2549220,2416770,
000050.SZ,000050,20251209,93140220,2549222,0,0,S,91900,1300,2549220,2416772,
000050.SZ,000050,20251209,93140220,2549223,0,0,S,91900,300,2549220,2416773,
000050.SZ,000050,20251209,93140220,2549224,0,0,S,91900,800,2549220,2416780,
000050.SZ,000050,20251209,93140220,2549225,0,0,S,91900,700,2549220,2416817,
000050.SZ,000050,20251209,93140220,2549226,0,0,S,91900,100,2549220,2416818,
000050.SZ,000050,20251209,93140220,2549227,0,0,S,91900,600,2549220,2417071,
000050.SZ,000050,20251209,93140220,2549228,0,0,S,91900,500,2549220,2417349,
000050.SZ,000050,20251209,93140220,2549229,0,0,S,91900,900,2549220,2417378,
000050.SZ,000050,20251209,93140220,2549230,0,0,S,91900,500,2549220,2417404,
000050.SZ,000050,20251209,93140220,2549231,0,0,S,91900,6600,2549220,2426158,
000050.SZ,000050,20251209,93140220,2549232,0,0,S,91900,100,2549220,2448135,
000050.SZ,000050,20251209,93140220,2549233,0,0,S,91900,900,2549220,2449510,
000050.SZ,000050,20251209,93140220,2549234,0,0,S,91900,200,2549220,2509153,
000050.SZ,000050,20251209,93140220,2549235,0,0,S,91900,600,2549220,2526732,
000050.SZ,000050,20251209,93140220,2549236,0,0,S,91800,1900,2549220,2009993,
000050.SZ,000050,20251209,93140220,2549237,0,0,S,91800,600,2549220,2010441,
000050.SZ,000050,20251209,93140220,2549238,0,0,S,91800,600,2549220,2010536,
000050.SZ,000050,20251209,93140220,2549239,0,0,S,91800,1000,2549220,2051471,
000050.SZ,000050,20251209,93140220,2549240,0,0,S,91800,100,2549220,2063672,
000050.SZ,000050,20251209,93140510,2553006,0,0,B,91900,100,2552910,2553005,
000050.SZ,000050,20251209,93140510,2553009,0,0,B,91900,100,2552910,2553008,
000050.SZ,000050,20251209,93140510,2553012,0,0,B,91900,100,2552910,2553011,
000050.SZ,000050,20251209,93140850,2557142,C,0, ,0,400,2490641,0,
000050.SZ,000050,20251209,93141410,2562956,0,0,B,91900,300,2557626,2562955,
000050.SZ,000050,20251209,93141520,2563871,C,0, ,0,8800,1771444,0,
000050.SZ,000050,20251209,93141810,2567154,0,0,B,91900,1500,2557626,2567153,
000050.SZ,000050,20251209,93141810,2567155,0,0,B,91900,500,2562927,2567153,
000050.SZ,000050,20251209,93142170,2570961,C,0, ,0,14300,2427024,0,
000050.SZ,000050,20251209,93142200,2571320,0,0,B,91900,100,2562927,2571319,
000050.SZ,000050,20251209,93142240,2571944,0,0,S,91800,100,2571943,2063672,
000050.SZ,000050,20251209,93142260,2572162,C,0, ,0,100,0,2416776,
000050.SZ,000050,20251209,93142440,2575007,0,0,S,91800,300,2575006,2070766,
000050.SZ,000050,20251209,93143290,2585840,0,0,B,91900,100,2562927,2585839,
000050.SZ,000050,20251209,93143540,2589565,0,0,B,91900,300,2562927,2589564,
000050.SZ,000050,20251209,93143540,2589566,0,0,B,91900,400,2571076,2589564,
000050.SZ,000050,20251209,93144020,2595474,0,0,B,91900,200,2571076,2595473,
000050.SZ,000050,20251209,93144510,2601132,0,0,S,91800,1300,2601131,2070766,
000050.SZ,000050,20251209,93144990,2605716,C,0, ,0,500,843769,0,
000050.SZ,000050,20251209,93145290,2609323,C,0, ,0,200,2454396,0,
000050.SZ,000050,20251209,93146290,2622329,0,0,S,91800,200,2622328,2070766,
000050.SZ,000050,20251209,93146310,2622507,C,0, ,0,1000,2207130,0,
000050.SZ,000050,20251209,93146590,2627150,0,0,B,91900,12900,2571076,2627149,
000050.SZ,000050,20251209,93146590,2627151,0,0,B,91900,100,2608882,2627149,
000050.SZ,000050,20251209,93146730,2628650,0,0,S,91900,100,2628649,2627149,
000050.SZ,000050,20251209,93146730,2628710,0,0,S,91900,400,2628709,2627149,
000050.SZ,000050,20251209,93146740,2628784,0,0,S,91900,1000,2628783,2627149,
000050.SZ,000050,20251209,93147400,2635817,0,0,S,91900,200,2635816,2627149,
000050.SZ,000050,20251209,93148010,2641643,0,0,S,91900,100,2641642,2627149,
000050.SZ,000050,20251209,93148010,2641647,0,0,S,91900,100,2641646,2627149,
000050.SZ,000050,20251209,93148010,2641736,0,0,S,91900,300,2641735,2627149,
000050.SZ,000050,20251209,93148110,2642881,0,0,S,91900,2400,2642880,2627149,
000050.SZ,000050,20251209,93148150,2643275,0,0,S,91900,400,2643274,2627149,
000050.SZ,000050,20251209,93148150,2643277,C,0, ,0,100,2498823,0,
000050.SZ,000050,20251209,93148180,2643553,0,0,B,91900,300,2643274,2643552,
000050.SZ,000050,20251209,93148220,2644088,0,0,B,91900,100,2643274,2644087,
000050.SZ,000050,20251209,93148370,2646063,0,0,B,91900,100,2643274,2646062,
000050.SZ,000050,20251209,93148440,2646777,0,0,B,91900,100,2643274,2646776,
000050.SZ,000050,20251209,93148910,2652445,0,0,S,91900,200,2652444,2646786,
000050.SZ,000050,20251209,93148910,2652449,0,0,S,91900,100,2652448,2646787,
000050.SZ,000050,20251209,93148910,2652451,0,0,S,91900,200,2652450,2646802,
000050.SZ,000050,20251209,93148910,2652455,0,0,S,91900,200,2652454,2646802,
000050.SZ,000050,20251209,93149860,2663275,0,0,S,91900,300,2663274,2652384,
000050.SZ,000050,20251209,93150360,2668948,0,0,S,91900,400,2668947,2652384,
000050.SZ,000050,20251209,93150360,2668949,0,0,S,91900,600,2668947,2652584,
000050.SZ,000050,20251209,93150360,2668950,0,0,S,91900,700,2668947,2653519,
000050.SZ,000050,20251209,93150360,2668951,0,0,S,91900,600,2668947,2655443,
000050.SZ,000050,20251209,93150360,2668952,0,0,S,91900,700,2668947,2655470,
000050.SZ,000050,20251209,93150360,2668953,0,0,S,91900,400,2668947,2657277,
000050.SZ,000050,20251209,93150360,2668954,0,0,S,91900,900,2668947,2657976,
000050.SZ,000050,20251209,93150360,2668955,0,0,S,91900,100,2668947,2663013,
000050.SZ,000050,20251209,93150360,2668956,0,0,S,91900,400,2668947,2663201,
000050.SZ,000050,20251209,93150360,2668957,0,0,S,91900,100,2668947,2665816,
000050.SZ,000050,20251209,93150360,2668958,0,0,S,91800,300,2668947,2070766,
000050.SZ,000050,20251209,93150700,2672521,0,0,S,91900,100,2672520,2670436,
000050.SZ,000050,20251209,93151190,2677789,0,0,B,91900,300,2672520,2677788,
000050.SZ,000050,20251209,93151290,2679124,C,0, ,0,400,2514418,0,
000050.SZ,000050,20251209,93151350,2679868,C,0, ,0,1000,0,1810619,
000050.SZ,000050,20251209,93152290,2691381,0,0,S,91800,400,2691380,2070766,
000050.SZ,000050,20251209,93153150,2701892,0,0,B,91900,300,2672520,2701891,
000050.SZ,000050,20251209,93153430,2704708,0,0,B,91900,200,2672520,2704707,
000050.SZ,000050,20251209,93153430,2704709,0,0,B,91900,400,2682588,2704707,
000050.SZ,000050,20251209,93153490,2705363,C,0, ,0,800,2486264,0,
000050.SZ,000050,20251209,93153500,2705434,0,0,S,91800,600,2705433,2070766,
000050.SZ,000050,20251209,93154540,2716580,C,0, ,0,200,2705396,0,
000050.SZ,000050,20251209,93154550,2716678,0,0,S,91800,200,2716677,2070766,
000050.SZ,000050,20251209,93155160,2724286,C,0, ,0,5400,2685673,0,
000050.SZ,000050,20251209,93155610,2730292,C,0, ,0,400,2686791,0,
000050.SZ,000050,20251209,93155620,2730459,0,0,S,91800,400,2730458,2070766,
000050.SZ,000050,20251209,93155910,2733842,0,0,B,91900,100,2682588,2733841,
000050.SZ,000050,20251209,93156130,2736632,0,0,S,91800,300,2736631,2070766,
000050.SZ,000050,20251209,93156130,2736633,0,0,S,91800,3300,2736631,2093672,
000050.SZ,000050,20251209,93156130,2736634,0,0,S,91800,500,2736631,2158224,
000050.SZ,000050,20251209,93156130,2736635,0,0,S,91800,1100,2736631,2196614,
000050.SZ,000050,20251209,93156130,2736636,0,0,S,91800,1000,2736631,2319412,
000050.SZ,000050,20251209,93156130,2736637,0,0,S,91800,100,2736631,2343913,
000050.SZ,000050,20251209,93156130,2736638,0,0,S,91800,2600,2736631,2369985,
000050.SZ,000050,20251209,93156810,2743957,0,0,B,91900,300,2682588,2743956,
000050.SZ,000050,20251209,93156810,2743958,0,0,B,91900,100,2711606,2743956,
000050.SZ,000050,20251209,93156810,2743959,0,0,B,91900,100,2711607,2743956,
000050.SZ,000050,20251209,93157250,2748596,0,0,B,91900,300,2711607,2748595,
000050.SZ,000050,20251209,93157250,2748625,0,0,S,91800,1300,2748624,2369985,
000050.SZ,000050,20251209,93157400,2751809,0,0,B,91900,2000,2711607,2751808,
000050.SZ,000050,20251209,93158660,2766529,0,0,S,91800,1100,2766528,2369985,
000050.SZ,000050,20251209,93158660,2766530,0,0,S,91800,100,2766528,2372590,
000050.SZ,000050,20251209,93159800,2777846,0,0,S,91800,900,2777845,2372590,
000050.SZ,000050,20251209,93159800,2777847,0,0,S,91800,100,2777845,2384259,
000050.SZ,000050,20251209,93159800,2777848,0,0,S,91800,200,2777845,2388635,
000050.SZ,000050,20251209,93159860,2778469,C,0, ,0,300,2436851,0,
000050.SZ,000050,20251209,93200150,2782032,0,0,S,91800,800,2782031,2388635,
000050.SZ,000050,20251209,93200150,2782033,0,0,S,91800,7600,2782031,2412364,
000050.SZ,000050,20251209,93200150,2782036,0,0,S,91800,100,2782035,2412364,
000050.SZ,000050,20251209,93200150,2782038,0,0,S,91800,1300,2782037,2412364,
000050.SZ,000050,20251209,93200150,2782173,0,0,S,91800,900,2782172,2412364,
000050.SZ,000050,20251209,93200150,2782174,0,0,S,91800,200,2782172,2467932,
000050.SZ,000050,20251209,93200150,2782185,0,0,B,91900,300,2711607,2782184,
000050.SZ,000050,20251209,93200150,2782200,0,0,S,91800,300,2782199,2467932,
000050.SZ,000050,20251209,93200170,2782395,0,0,S,91800,500,2782394,2467932,
000050.SZ,000050,20251209,93200170,2782396,0,0,S,91800,200,2782394,2541242,
000050.SZ,000050,20251209,93200170,2782404,0,0,S,91800,500,2782403,2541242,
000050.SZ,000050,20251209,93200170,2782451,0,0,S,91800,300,2782450,2541242,
000050.SZ,000050,20251209,93200170,2782452,0,0,S,91800,300,2782450,2616725,
000050.SZ,000050,20251209,93200180,2782574,0,0,S,91800,700,2782573,2616725,
000050.SZ,000050,20251209,93200190,2782809,0,0,S,91800,200,2782808,2639571,
000050.SZ,000050,20251209,93200190,2782819,0,0,S,91800,300,2782818,2639571,
000050.SZ,000050,20251209,93200230,2783323,0,0,S,91800,400,2783322,2640280,
000050.SZ,000050,20251209,93200230,2783324,0,0,S,91800,600,2783322,2646364,
000050.SZ,000050,20251209,93200240,2783411,0,0,B,91900,300,2711607,2783410,
000050.SZ,000050,20251209,93200280,2784107,C,0, ,0,5700,2746578,0,
000050.SZ,000050,20251209,93200280,2784177,0,0,S,91800,1400,2784176,2646364,
000050.SZ,000050,20251209,93200280,2784178,0,0,S,91800,100,2784176,2678422,
000050.SZ,000050,20251209,93200290,2784224,0,0,S,91800,200,2784223,2678422,
000050.SZ,000050,20251209,93200290,2784225,0,0,S,91800,300,2784223,2699598,
000050.SZ,000050,20251209,93200290,2784226,0,0,S,91800,400,2784223,2729077,
000050.SZ,000050,20251209,93200290,2784227,0,0,S,91800,200,2784223,2742471,
000050.SZ,000050,20251209,93200290,2784228,0,0,S,91800,1400,2784223,2770542,
000050.SZ,000050,20251209,93200300,2784510,0,0,S,91800,3100,2784509,2770542,
000050.SZ,000050,20251209,93200300,2784511,0,0,S,91800,100,2784509,2775397,
000050.SZ,000050,20251209,93200440,2786905,C,0, ,0,8800,2628548,0,
000050.SZ,000050,20251209,93200590,2789450,0,0,B,91800,1600,2784509,2789449,
000050.SZ,000050,20251209,93201110,2796932,0,0,B,91800,700,2784509,2796931,
000050.SZ,000050,20251209,93201140,2797227,0,0,S,91700,5800,2797226,188642,
000050.SZ,000050,20251209,93201150,2797405,0,0,B,91800,100,2784509,2797404,
000050.SZ,000050,20251209,93201150,2797407,0,0,B,91800,500,2784509,2797406,
000050.SZ,000050,20251209,93201360,2800181,C,0, ,0,400,2557218,0,
000050.SZ,000050,20251209,93201360,2800185,C,0, ,0,200,2557143,0,
000050.SZ,000050,20251209,93202060,2808619,0,0,B,91800,700,2784509,2808618,
000050.SZ,000050,20251209,93202070,2808686,0,0,B,91800,400,2784509,2808685,
000050.SZ,000050,20251209,93202070,2808687,0,0,B,91800,100,2784528,2808685,
000050.SZ,000050,20251209,93202650,2815620,0,0,S,91700,4000,2815619,188642,
000050.SZ,000050,20251209,93202660,2815645,0,0,S,91700,2100,2815644,188642,
000050.SZ,000050,20251209,93202660,2815646,0,0,S,91700,500,2815644,483955,
000050.SZ,000050,20251209,93202660,2815647,0,0,S,91700,100,2815644,734211,
000050.SZ,000050,20251209,93202660,2815648,0,0,S,91700,4000,2815644,860665,
000050.SZ,000050,20251209,93202660,2815649,0,0,S,91700,500,2815644,903544,
000050.SZ,000050,20251209,93202710,2816233,0,0,S,91700,10100,2816232,903544,
000050.SZ,000050,20251209,93202740,2816475,C,0, ,0,2400,2787262,0,
000050.SZ,000050,20251209,93202960,2818557,0,0,S,91700,1100,2818556,903544,
000050.SZ,000050,20251209,93202970,2818684,0,0,S,91700,200,2818683,903544,
000050.SZ,000050,20251209,93202970,2818686,0,0,S,91700,200,2818685,903544,
000050.SZ,000050,20251209,93202970,2818690,0,0,S,91700,200,2818689,903544,
000050.SZ,000050,20251209,93203150,2820775,0,0,S,91700,5700,2820774,903544,
000050.SZ,000050,20251209,93203150,2820776,0,0,S,91700,1300,2820774,929782,
000050.SZ,000050,20251209,93203150,2820777,0,0,S,91700,500,2820774,933129,
000050.SZ,000050,20251209,93203150,2820778,0,0,S,91700,500,2820774,962496,
000050.SZ,000050,20251209,93203150,2820779,0,0,S,91700,300,2820774,1092035,
000050.SZ,000050,20251209,93203150,2820780,0,0,S,91700,2100,2820774,1123675,
000050.SZ,000050,20251209,93203150,2820781,0,0,S,91700,100,2820774,1218470,
000050.SZ,000050,20251209,93203150,2820782,0,0,S,91700,5000,2820774,1370604,
000050.SZ,000050,20251209,93203150,2820783,0,0,S,91700,100,2820774,2009861,
000050.SZ,000050,20251209,93203150,2820784,0,0,S,91700,300,2820774,2193599,
000050.SZ,000050,20251209,93203150,2820785,0,0,S,91700,1000,2820774,2362919,
000050.SZ,000050,20251209,93203150,2820786,0,0,S,91700,2200,2820774,2470716,
000050.SZ,000050,20251209,93203150,2820787,0,0,S,91700,500,2820774,2479967,
000050.SZ,000050,20251209,93203150,2820788,0,0,S,91700,1000,2820774,2783864,
000050.SZ,000050,20251209,93203160,2820888,0,0,B,91800,200,2784528,2820887,
000050.SZ,000050,20251209,93203320,2822767,0,0,B,91800,300,2784528,2822766,
000050.SZ,000050,20251209,93203320,2822772,0,0,B,91800,300,2784528,2822771,
000050.SZ,000050,20251209,93203320,2822774,0,0,B,91800,300,2784528,2822773,
000050.SZ,000050,20251209,93203360,2823522,C,0, ,0,200,2782692,0,
000050.SZ,000050,20251209,93203400,2824073,0,0,B,91800,300,2784528,2824072,
000050.SZ,000050,20251209,93203440,2824651,C,0, ,0,400,2502580,0,
000050.SZ,000050,20251209,93203440,2824665,C,0, ,0,1000,2502574,0,
000050.SZ,000050,20251209,93203450,2824922,C,0, ,0,200,2502565,0,
000050.SZ,000050,20251209,93203450,2824928,C,0, ,0,400,2502554,0,
000050.SZ,000050,20251209,93203490,2825468,C,0, ,0,200,2670607,0,
000050.SZ,000050,20251209,93204050,2832406,C,0, ,0,500,2510763,0,
000050.SZ,000050,20251209,93204200,2834356,0,0,B,91800,200,2784608,2834355,
000050.SZ,000050,20251209,93204760,2841683,C,0, ,0,1400,0,419597,
000050.SZ,000050,20251209,93205130,2845482,C,0, ,0,5700,2802750,0,
000050.SZ,000050,20251209,93205130,2845537,0,0,S,91700,600,2845536,2825100,
000050.SZ,000050,20251209,93205130,2845538,0,0,S,91600,100,2845536,55085,
000050.SZ,000050,20251209,93205130,2845539,0,0,S,91600,1000,2845536,169540,
000050.SZ,000050,20251209,93205130,2845540,0,0,S,91600,4000,2845536,464719,
000050.SZ,000050,20251209,93206860,2864992,C,0, ,0,1400,2800192,0,
000050.SZ,000050,20251209,93206950,2865855,0,0,S,91700,600,2865854,2865608,
000050.SZ,000050,20251209,93207200,2868889,C,0, ,0,2200,2806463,0,
000050.SZ,000050,20251209,93207730,2875568,0,0,S,91700,4400,2875567,2865608,
000050.SZ,000050,20251209,93207730,2875569,0,0,S,91700,200,2875567,2874106,
000050.SZ,000050,20251209,93207760,2875909,C,0, ,0,400,2825133,0,
000050.SZ,000050,20251209,93208580,2885100,0,0,S,91600,1000,2885099,464719,
000050.SZ,000050,20251209,93208580,2885101,0,0,S,91600,500,2885099,747864,
000050.SZ,000050,20251209,93208580,2885102,0,0,S,91600,500,2885099,752559,
000050.SZ,000050,20251209,93208580,2885103,0,0,S,91600,200,2885099,770884,
000050.SZ,000050,20251209,93208580,2885104,0,0,S,91600,600,2885099,810114,
000050.SZ,000050,20251209,93208580,2885105,0,0,S,91600,1900,2885099,870630,
000050.SZ,000050,20251209,93209220,2890996,0,0,B,91700,300,2875567,2890995,
000050.SZ,000050,20251209,93209220,2890998,0,0,B,91700,300,2875567,2890997,
000050.SZ,000050,20251209,93209220,2891018,C,0, ,0,200,2823832,0,
000050.SZ,000050,20251209,93210290,2903238,C,0, ,0,10200,2875567,0,
000050.SZ,000050,20251209,93210290,2903254,0,0,S,91600,1100,2903253,870630,
000050.SZ,000050,20251209,93210290,2903255,0,0,S,91600,2200,2903253,906571,
000050.SZ,000050,20251209,93210730,2908113,C,0, ,0,1000,41674,0,
000050.SZ,000050,20251209,93211520,2915769,0,0,B,91700,200,2891172,2915768,
000050.SZ,000050,20251209,93211530,2915863,C,0, ,0,1000,0,2810181,
000050.SZ,000050,20251209,93212150,2921633,0,0,B,91700,300,2891172,2921632,
000050.SZ,000050,20251209,93212160,2921730,C,0, ,0,2600,2903355,0,
000050.SZ,000050,20251209,93212180,2921952,0,0,S,91600,200,2921951,906571,
000050.SZ,000050,20251209,93212180,2921960,0,0,S,91600,1600,2921959,906571,
000050.SZ,000050,20251209,93212180,2921961,0,0,S,91600,100,2921959,963804,
000050.SZ,000050,20251209,93212180,2921962,0,0,S,91600,100,2921959,998755,
000050.SZ,000050,20251209,93212180,2921964,0,0,S,91600,200,2921963,998755,
000050.SZ,000050,20251209,93212180,2921965,0,0,S,91600,200,2921963,1045609,
000050.SZ,000050,20251209,93212860,2931024,0,0,S,91600,300,2931023,1045609,
000050.SZ,000050,20251209,93212860,2931025,0,0,S,91600,2000,2931023,1077453,
000050.SZ,000050,20251209,93212860,2931026,0,0,S,91600,2700,2931023,1151152,
000050.SZ,000050,20251209,93212860,2931027,0,0,S,91600,1000,2931023,1156220,
000050.SZ,000050,20251209,93212880,2931217,0,0,S,91600,2200,2931216,1194479,
000050.SZ,000050,20251209,93213240,2936169,0,0,S,91600,400,2936168,1194479,
000050.SZ,000050,20251209,93213990,2946857,0,0,B,91700,300,2891172,2946856,
000050.SZ,000050,20251209,93213990,2946858,0,0,B,91700,200,2891354,2946856,
000050.SZ,000050,20251209,93213990,2946859,0,0,B,91700,500,2902131,2946856,
000050.SZ,000050,20251209,93214440,2953896,0,0,S,91600,400,2953895,1194479,
000050.SZ,000050,20251209,93214440,2953922,0,0,S,91600,200,2953921,1194479,
000050.SZ,000050,20251209,93214570,2955905,0,0,S,91600,6800,2955904,1194479,
000050.SZ,000050,20251209,93214570,2955906,0,0,S,91600,300,2955904,1401512,
000050.SZ,000050,20251209,93214570,2955907,0,0,S,91600,1000,2955904,1560111,
000050.SZ,000050,20251209,93214570,2955908,0,0,S,91600,1000,2955904,1653704,
000050.SZ,000050,20251209,93214570,2955909,0,0,S,91600,1100,2955904,1661430,
000050.SZ,000050,20251209,93214570,2955910,0,0,S,91600,1000,2955904,1951081,
000050.SZ,000050,20251209,93214570,2955911,0,0,S,91600,5700,2955904,2282488,
000050.SZ,000050,20251209,93214940,2959904,0,0,B,91700,300,2902131,2959903,
000050.SZ,000050,20251209,93214940,2959905,0,0,B,91700,300,2910849,2959903,
000050.SZ,000050,20251209,93214940,2959906,0,0,B,91700,100,2925448,2959903,
000050.SZ,000050,20251209,93214940,2959907,0,0,B,91700,300,2929680,2959903,
000050.SZ,000050,20251209,93214980,2960299,C,0, ,0,8800,2818102,0,
000050.SZ,000050,20251209,93215130,2962257,C,0, ,0,8200,2929680,0,
000050.SZ,000050,20251209,93215140,2962283,0,0,S,91600,4200,2962282,2282488,
000050.SZ,000050,20251209,93215140,2962284,0,0,S,91600,4300,2962282,2825339,
000050.SZ,000050,20251209,93215200,2963073,0,0,B,91700,100,2952611,2963072,
000050.SZ,000050,20251209,93215200,2963074,0,0,B,91700,100,2955188,2963072,
000050.SZ,000050,20251209,93215200,2963075,0,0,B,91700,100,2959758,2963072,
000050.SZ,000050,20251209,93215200,2963089,0,0,B,91700,100,2959758,2963088,
000050.SZ,000050,20251209,93215210,2963262,0,0,S,91600,100,2963261,2825339,
000050.SZ,000050,20251209,93215330,2964799,0,0,S,91600,2000,2964798,2825339,
000050.SZ,000050,20251209,93215330,2964800,0,0,S,91600,2000,2964798,2846714,
000050.SZ,000050,20251209,93215330,2964801,0,0,S,91600,300,2964798,2872668,
000050.SZ,000050,20251209,93215330,2964802,0,0,S,91600,500,2964798,2892843,
