万得代码,交易所代码,自然日,时间,成交编号,成交代码,委托代码,BS标志,成交价格,成交数量,叫卖序号,叫买序号
600048.SH,600048,20251209,92500420,112244,,,B,64900,100,178421,288253
600048.SH,600048,20251209,92500420,112245,,,B,64900,200,178421,305729
600048.SH,600048,20251209,92500420,112246,,,B,64900,100,178421,370393
600048.SH,600048,20251209,92500420,112247,,,B,64900,200,200843,370393
600048.SH,600048,20251209,92500420,112248,,,B,64900,900,246081,370393
600048.SH,600048,20251209,92500420,112249,,,B,64900,1200,262827,372161
600048.SH,600048,20251209,92500420,112250,,,B,64900,3000,262827,372268
600048.SH,600048,20251209,92500420,112251,,,B,64900,500,262827,372674
600048.SH,600048,20251209,92500420,112252,,,B,64900,2500,286762,372674
600048.SH,600048,20251209,92500420,112253,,,B,64900,900,286762,374397
600048.SH,600048,20251209,92500420,112254,,,B,64900,300,287849,374397
600048.SH,600048,20251209,92500420,112255,,,B,64900,1800,310946,374397
600048.SH,600048,20251209,92500420,112256,,,B,64900,200,310946,376020
600048.SH,600048,20251209,92500420,112257,,,B,64900,1000,342262,376020
600048.SH,600048,20251209,92500420,112258,,,B,64900,1300,342262,379080
600048.SH,600048,20251209,92500420,112259,,,B,64900,4700,372535,379080
600048.SH,600048,20251209,92500420,112260,,,B,64900,2100,372535,381361
600048.SH,600048,20251209,92500420,112261,,,B,64900,900,375596,381361
600048.SH,600048,20251209,92500420,112262,,,B,64900,800,375596,381557
600048.SH,600048,20251209,92500420,112263,,,B,64900,200,246824,381557
600048.SH,600048,20251209,92500420,112264,,,B,64900,1000,28630,381557
600048.SH,600048,20251209,92500420,112265,,,B,64900,300,165603,381557
600048.SH,600048,20251209,92500420,112266,,,B,64900,300,235625,381557
600048.SH,600048,20251209,92500420,112267,,,B,64900,100,105719,381557
600048.SH,600048,20251209,92500420,112268,,,B,64900,300,217459,381557
600048.SH,600048,20251209,92500420,112269,,,B,64900,1000,217459,378571
600048.SH,600048,20251209,92500420,112270,,,B,64900,500,265667,378571
600048.SH,600048,20251209,92500420,112271,,,B,64900,3000,265667,378164
600048.SH,600048,20251209,92500420,112272,,,B,64900,100,265667,345543
600048.SH,600048,20251209,92500420,112273,,,B,64900,500,270700,345543
600048.SH,600048,20251209,92500420,112274,,,B,64900,600,286671,345543
600048.SH,600048,20251209,92500420,112275,,,B,64900,200,287533,345543
600048.SH,600048,20251209,92500420,112276,,,B,64900,100,309118,345543
600048.SH,600048,20251209,92500420,112277,,,B,64900,3000,309118,367722
600048.SH,600048,20251209,92500420,112278,,,B,64900,3000,309118,370597
600048.SH,600048,20251209,92500420,112279,,,B,64900,3000,309118,371736
600048.SH,600048,20251209,92500420,112280,,,B,64900,3000,309118,371765
600048.SH,600048,20251209,92500420,112281,,,B,64900,1200,309118,374475
600048.SH,600048,20251209,92500420,112282,,,B,64900,3000,309118,375379
600048.SH,600048,20251209,92500420,112283,,,B,64900,3000,309118,377159
600048.SH,600048,20251209,92500420,112284,,,B,64900,2000,309118,379298
600048.SH,600048,20251209,92500420,112285,,,B,64900,200,311305,379298
600048.SH,600048,20251209,92500420,112286,,,B,64900,100,334175,379298
600048.SH,600048,20251209,92500420,112287,,,B,64900,100,342975,379298
600048.SH,600048,20251209,92500420,112288,,,B,64900,600,349437,379298
600048.SH,600048,20251209,92500420,112289,,,B,64900,1500,349437,382539
600048.SH,600048,20251209,92500420,112290,,,B,64900,1500,360549,382539
600048.SH,600048,20251209,92500420,112291,,,S,64900,3000,360549,149549
600048.SH,600048,20251209,92500420,112292,,,S,64900,5900,360549,80415
600048.SH,600048,20251209,92500420,112293,,,S,64900,1000,362909,80415
600048.SH,600048,20251209,92500420,112294,,,S,64900,6500,367477,80415
600048.SH,600048,20251209,92500420,112295,,,S,64900,100,369196,80415
600048.SH,600048,20251209,92500420,112296,,,S,64900,6500,372761,80415
600048.SH,600048,20251209,92500420,112297,,,S,64900,100,372761,288576
600048.SH,600048,20251209,92500420,112298,,,S,64900,600,372761,288632
600048.SH,600048,20251209,92500420,112299,,,S,64900,100,372761,288898
600048.SH,600048,20251209,92500420,112300,,,S,64900,1000,372761,346704
600048.SH,600048,20251209,92500420,112301,,,S,64900,800,372761,362523
600048.SH,600048,20251209,92500420,112302,,,S,64900,100,374064,362523
600048.SH,600048,20251209,92500420,112303,,,S,64900,100,374064,362529
600048.SH,600048,20251209,92500420,112304,,,S,64900,100,374064,288880
600048.SH,600048,20251209,92500420,112305,,,S,64900,300,374064,288896
600048.SH,600048,20251209,92500420,112306,,,S,64900,400,378514,288896
600048.SH,600048,20251209,92500420,112307,,,S,64900,2200,378514,362493
600048.SH,600048,20251209,92500420,112308,,,S,64900,300,381596,362493
600048.SH,600048,20251209,92500420,112309,,,B,64900,500,261510,362494
600048.SH,600048,20251209,92500420,112310,,,B,64900,100,336727,362494
600048.SH,600048,20251209,92500420,112311,,,B,64900,1400,337766,362494
600048.SH,600048,20251209,92500420,112312,,,B,64900,300,338542,362494
600048.SH,600048,20251209,92500420,112313,,,B,64900,200,338542,362514
600048.SH,600048,20251209,92500420,112314,,,B,64900,200,352675,362514
600048.SH,600048,20251209,92500420,112315,,,S,64900,1000,362768,362514
600048.SH,600048,20251209,92500420,112316,,,S,64900,100,369062,362514
600048.SH,600048,20251209,92500420,112317,,,S,64900,600,373848,362514
600048.SH,600048,20251209,92500420,112318,,,S,64900,200,377577,362514
600048.SH,600048,20251209,92500420,112319,,,B,64900,200,272540,362514
600048.SH,600048,20251209,92500420,112320,,,B,64900,1600,272540,363649
600048.SH,600048,20251209,92500420,112321,,,B,64900,1300,272540,363656
600048.SH,600048,20251209,92500420,112322,,,B,64900,1000,272540,363697
600048.SH,600048,20251209,92500420,112323,,,B,64900,100,272540,365093
600048.SH,600048,20251209,92500420,112324,,,B,64900,100,272540,365371
600048.SH,600048,20251209,92500420,112325,,,B,64900,100,272540,365391
600048.SH,600048,20251209,92500420,112326,,,B,64900,300,272540,369087
600048.SH,600048,20251209,92500420,112327,,,B,64900,300,272540,369088
600048.SH,600048,20251209,92500420,112328,,,B,64900,600,272540,371959
600048.SH,600048,20251209,92500420,112329,,,B,64900,600,272540,371985
600048.SH,600048,20251209,92500420,112330,,,B,64900,100,272540,377160
600048.SH,600048,20251209,92500420,112331,,,B,64900,200,272540,377594
600048.SH,600048,20251209,92500420,112332,,,B,64900,200,272540,377698
600048.SH,600048,20251209,92500420,112333,,,B,64900,100,272540,379417
600048.SH,600048,20251209,92500420,112334,,,B,64900,1000,272540,382715
600048.SH,600048,20251209,92500420,112335,,,B,64900,1500,272540,375718
600048.SH,600048,20251209,92500420,112336,,,B,64900,200,272540,377066
600048.SH,600048,20251209,92500420,112337,,,B,64900,4300,272540,379317
600048.SH,600048,20251209,92500420,112338,,,B,64900,17600,274984,379317
600048.SH,600048,20251209,92500420,112339,,,B,64900,200,274984,339766
600048.SH,600048,20251209,92500420,112340,,,B,64900,4700,277998,339766
600048.SH,600048,20251209,92500420,112341,,,B,64900,1100,277998,339790
600048.SH,600048,20251209,92500420,112342,,,B,64900,100,288072,339790
600048.SH,600048,20251209,92500420,112343,,,B,64900,100,288594,339790
600048.SH,600048,20251209,92500420,112344,,,B,64900,600,308968,339790
600048.SH,600048,20251209,92500420,112345,,,B,64900,2400,308977,339790
600048.SH,600048,20251209,92500420,112346,,,B,64900,1500,308977,312447
600048.SH,600048,20251209,92500420,112347,,,B,64900,100,308977,374421
600048.SH,600048,20251209,92500420,112348,,,S,64900,100,308977,12654
600048.SH,600048,20251209,92500420,112349,,,S,64900,200,365170,12654
600048.SH,600048,20251209,92500420,112350,,,S,64900,100,360473,12654
600048.SH,600048,20251209,92500420,112351,,,S,64900,400,360473,12748
600048.SH,600048,20251209,92500420,112352,,,S,64900,400,360473,12951
600048.SH,600048,20251209,92500420,112353,,,B,64900,2700,360473,374949
600048.SH,600048,20251209,92500420,112354,,,B,64900,1100,356576,374949
600048.SH,600048,20251209,92500420,112355,,,S,64900,300,356576,350689
600048.SH,600048,20251209,92500420,112356,,,S,64900,2900,356576,203471
600048.SH,600048,20251209,92500420,112357,,,S,64900,700,356576,291082
600048.SH,600048,20251209,92500420,112358,,,B,64900,300,286721,291082
600048.SH,600048,20251209,92500420,112359,,,B,64900,500,286721,373698
600048.SH,600048,20251209,92500420,112360,,,B,64900,2600,286721,373899
600048.SH,600048,20251209,92500420,112361,,,B,64900,2300,286721,374592
600048.SH,600048,20251209,92500420,112362,,,B,64900,600,286721,375408
600048.SH,600048,20251209,92500420,112363,,,B,64900,200,242537,375408
600048.SH,600048,20251209,92500420,112364,,,B,64900,100,264447,375408
600048.SH,600048,20251209,92500420,112365,,,B,64900,1500,264866,375408
600048.SH,600048,20251209,92500420,112366,,,B,64900,100,264866,376364
600048.SH,600048,20251209,92500420,112367,,,B,64900,500,264866,376932
600048.SH,600048,20251209,92500420,112368,,,B,64900,200,264866,377030
600048.SH,600048,20251209,92500420,112369,,,B,64900,600,264866,378671
600048.SH,600048,20251209,92500420,112370,,,S,64900,1000,264866,181744
600048.SH,600048,20251209,92500420,112371,,,S,64900,1100,264866,182813
600048.SH,600048,20251209,92500420,112372,,,S,64900,300,268849,182813
600048.SH,600048,20251209,92500420,112373,,,S,64900,100,279540,182813
600048.SH,600048,20251209,92500420,112374,,,S,64900,1200,279540,233523
600048.SH,600048,20251209,92500420,112375,,,S,64900,1000,355512,233523
600048.SH,600048,20251209,92500420,112376,,,S,64900,500,355512,15527
600048.SH,600048,20251209,92500420,112377,,,S,64900,100,355512,96297
600048.SH,600048,20251209,92500420,112378,,,S,64900,100,355512,7017
600048.SH,600048,20251209,92500420,112379,,,S,64900,200,355512,16566
600048.SH,600048,20251209,92500420,112380,,,S,64900,600,355512,19359
600048.SH,600048,20251209,92500420,112381,,,S,64900,8000,355512,21030
600048.SH,600048,20251209,92500420,112382,,,S,64900,300,355512,33054
600048.SH,600048,20251209,92500420,112383,,,S,64900,9600,355512,59154
600048.SH,600048,20251209,92500420,112384,,,S,64900,3100,355512,59545
600048.SH,600048,20251209,92500420,112385,,,S,64900,700,355512,62531
600048.SH,600048,20251209,92500420,112386,,,S,64900,200,355512,70897
600048.SH,600048,20251209,92500420,112387,,,S,64900,100,355512,119549
600048.SH,600048,20251209,92500420,112388,,,S,64900,100,355512,126158
600048.SH,600048,20251209,92500420,112389,,,S,64900,200,355512,128337
600048.SH,600048,20251209,92500420,112390,,,S,64900,29200,355512,128895
600048.SH,600048,20251209,92500420,112391,,,S,64900,700,355512,148634
600048.SH,600048,20251209,92500420,112392,,,S,64900,300,369867,148634
600048.SH,600048,20251209,92500420,112393,,,S,64900,1000,369867,153395
600048.SH,600048,20251209,92500420,112394,,,S,64900,900,369867,181407
600048.SH,600048,20251209,92500420,112395,,,S,64900,3500,369867,218352
600048.SH,600048,20251209,92500420,112396,,,S,64900,2400,369867,221631
600048.SH,600048,20251209,92500420,112397,,,S,64900,5300,362021,221631
600048.SH,600048,20251209,92500420,112398,,,S,64900,500,362021,250850
600048.SH,600048,20251209,92500420,112399,,,S,64900,700,362021,309510
600048.SH,600048,20251209,92500420,112400,,,S,64900,300,362021,333258
600048.SH,600048,20251209,92500420,112401,,,S,64900,3700,362021,357235
600048.SH,600048,20251209,92500420,112402,,,S,64900,1000,362021,48140
600048.SH,600048,20251209,92500420,112403,,,S,64900,100,362021,62570
600048.SH,600048,20251209,92500420,112404,,,S,64900,1600,362021,84113
600048.SH,600048,20251209,92500420,112405,,,S,64900,900,362021,84340
600048.SH,600048,20251209,92500420,112406,,,S,64900,100,362021,113227
600048.SH,600048,20251209,92500420,112407,,,S,64900,100,362021,143011
600048.SH,600048,20251209,92500420,112408,,,S,64900,100,362021,154304
600048.SH,600048,20251209,92500420,112409,,,S,64900,2000,362021,157239
600048.SH,600048,20251209,92500420,112410,,,S,64900,1100,362021,185232
600048.SH,600048,20251209,92500420,112411,,,S,64900,1900,375049,185232
600048.SH,600048,20251209,92500420,112412,,,S,64900,100,375049,206074
600048.SH,600048,20251209,92500420,112413,,,S,64900,400,379845,206074
600048.SH,600048,20251209,92500420,112414,,,S,64900,1200,379845,289417
600048.SH,600048,20251209,92500420,112415,,,S,64900,1300,379845,290535
600048.SH,600048,20251209,92500420,112416,,,S,64900,3000,379845,294276
600048.SH,600048,20251209,92500420,112417,,,S,64900,2000,379845,301018
600048.SH,600048,20251209,92500420,112418,,,S,64900,100,379845,301574
600048.SH,600048,20251209,92500420,112419,,,S,64900,200,379845,302492
600048.SH,600048,20251209,92500420,112420,,,S,64900,1600,379845,305056
600048.SH,600048,20251209,92500420,112421,,,S,64900,3800,379845,308499
600048.SH,600048,20251209,92500420,112422,,,S,64900,6400,379845,309978
600048.SH,600048,20251209,92500420,112423,,,S,64900,1000,379845,315807
600048.SH,600048,20251209,92500420,112424,,,S,64900,500,379845,317470
600048.SH,600048,20251209,92500420,112425,,,S,64900,500,379845,318331
600048.SH,600048,20251209,92500420,112426,,,S,64900,2300,379845,324937
600048.SH,600048,20251209,92500420,112427,,,S,64900,1000,379845,325980
600048.SH,600048,20251209,92500420,112428,,,S,64900,500,379845,326143
600048.SH,600048,20251209,92500420,112429,,,S,64900,3000,379845,331197
600048.SH,600048,20251209,92500420,112430,,,S,64900,200,379845,336255
600048.SH,600048,20251209,92500420,112431,,,S,64900,2000,379845,344922
600048.SH,600048,20251209,92500420,112432,,,S,64900,100,379845,353757
600048.SH,600048,20251209,92500420,112433,,,S,64900,600,379845,356022
600048.SH,600048,20251209,92500420,112434,,,S,64900,38400,379845,359229
600048.SH,600048,20251209,92500420,112435,,,S,64900,5900,379845,363003
600048.SH,600048,20251209,92500420,112436,,,S,64900,800,379845,4204
600048.SH,600048,20251209,92500420,112437,,,S,64900,200,308690,4204
600048.SH,600048,20251209,92500420,112438,,,S,64900,700,308690,19860
600048.SH,600048,20251209,92500420,112439,,,S,64900,700,350859,19860
600048.SH,600048,20251209,92500420,112440,,,S,64900,4800,350859,23186
600048.SH,600048,20251209,92500420,112441,,,S,64900,500,350859,26432
600048.SH,600048,20251209,92500420,112442,,,S,64900,500,350859,42640
600048.SH,600048,20251209,92500420,112443,,,S,64900,100,350859,62573
600048.SH,600048,20251209,92500420,112444,,,S,64900,100,350859,67735
600048.SH,600048,20251209,92500420,112445,,,S,64900,3000,350859,75650
600048.SH,600048,20251209,92500420,112446,,,S,64900,5000,351187,87899
600048.SH,600048,20251209,92500420,112447,,,S,64900,5000,351187,120757
600048.SH,600048,20251209,92500420,112448,,,S,64900,2400,358057,120757
600048.SH,600048,20251209,92500420,112449,,,S,64900,500,358057,148250
600048.SH,600048,20251209,92500420,112450,,,S,64900,100,358057,148720
600048.SH,600048,20251209,92500420,112451,,,S,64900,900,366786,148720
600048.SH,600048,20251209,92500420,112452,,,S,64900,100,366786,154401
600048.SH,600048,20251209,92500420,112453,,,S,64900,9900,367434,154401
600048.SH,600048,20251209,92500420,112454,,,S,64900,100,367434,164822
600048.SH,600048,20251209,92500420,112455,,,S,64900,100,242718,164822
600048.SH,600048,20251209,92500420,112456,,,S,64900,2500,242718,182014
600048.SH,600048,20251209,92500420,112457,,,S,64900,500,306627,182014
600048.SH,600048,20251209,92500420,112458,,,S,64900,500,306627,186128
600048.SH,600048,20251209,92500420,112459,,,S,64900,500,343567,186128
600048.SH,600048,20251209,92500420,112460,,,S,64900,300,343567,291495
600048.SH,600048,20251209,92500420,112461,,,S,64900,7000,351506,302538
600048.SH,600048,20251209,92500420,112462,,,S,64900,3000,352576,302538
600048.SH,600048,20251209,92500420,112463,,,S,64900,5000,352576,303953
600048.SH,600048,20251209,92500420,112464,,,S,64900,18700,358261,303953
600048.SH,600048,20251209,92500420,112465,,,S,64900,700,362484,303953
600048.SH,600048,20251209,92500420,112466,,,S,64900,7000,362484,304651
600048.SH,600048,20251209,92500420,112467,,,S,64900,1000,366584,304651
600048.SH,600048,20251209,92500420,112468,,,S,64900,2000,367353,304651
600048.SH,600048,20251209,92500420,112469,,,S,64900,2300,367353,311036
600048.SH,600048,20251209,92500420,112470,,,S,64900,1000,367353,312077
600048.SH,600048,20251209,92500420,112471,,,S,64900,100,367353,312480
600048.SH,600048,20251209,92500420,112472,,,S,64900,500,367353,324894
600048.SH,600048,20251209,92500420,112473,,,S,64900,5000,367353,331839
600048.SH,600048,20251209,92500420,112474,,,S,64900,500,367353,344078
600048.SH,600048,20251209,92500420,112475,,,S,64900,5400,367353,345404
600048.SH,600048,20251209,92500420,112476,,,S,64900,5000,367353,345787
600048.SH,600048,20251209,92500420,112477,,,S,64900,1000,367353,360925
600048.SH,600048,20251209,92500420,112478,,,S,64900,800,367353,361500
600048.SH,600048,20251209,92500420,112479,,,B,64900,3000,367353,368316
600048.SH,600048,20251209,92500420,112480,,,B,64900,5000,367353,374844
600048.SH,600048,20251209,92500420,112481,,,B,64900,1000,367353,381563
600048.SH,600048,20251209,92500420,112482,,,B,64900,3100,367353,382727
600048.SH,600048,20251209,92500420,112483,,,B,64900,2000,376650,382727
600048.SH,600048,20251209,93000320,447525,,,S,64900,10000,385040,382727
600048.SH,600048,20251209,93000390,448054,,,S,64900,200,385404,382727
600048.SH,600048,20251209,93001890,453766,,,B,65000,200,7512,389559
600048.SH,600048,20251209,93002190,455684,,,B,65000,100,71892,391067
600048.SH,600048,20251209,93002390,457110,,,S,64900,2700,392148,382727
600048.SH,600048,20251209,93002390,457111,,,S,64900,3300,392148,388638
600048.SH,600048,20251209,93002420,457264,,,S,64900,1700,392260,388638
600048.SH,600048,20251209,93002560,459527,,,B,64900,100,392260,394081
600048.SH,600048,20251209,93002650,461855,,,B,64900,3200,392260,395906
600048.SH,600048,20251209,93002960,465571,,,B,64900,1600,392260,398863
600048.SH,600048,20251209,93002960,466010,,,B,64900,2700,394091,399175
600048.SH,600048,20251209,93002960,466487,,,B,64900,5000,394091,399553
600048.SH,600048,20251209,93003120,468015,,,S,64800,1000,400713,12915
600048.SH,600048,20251209,93003120,468016,,,S,64800,300,400713,24135
600048.SH,600048,20251209,93003120,468017,,,S,64800,300,400713,24160
600048.SH,600048,20251209,93003120,468018,,,S,64800,300,400713,38034
600048.SH,600048,20251209,93003120,468019,,,S,64800,100,400713,51587
600048.SH,600048,20251209,93003120,468020,,,S,64800,200,400713,56848
600048.SH,600048,20251209,93003120,468021,,,S,64800,5000,400713,58416
600048.SH,600048,20251209,93003120,468022,,,S,64800,100,400713,67778
600048.SH,600048,20251209,93003120,468023,,,S,64800,3000,400713,75651
600048.SH,600048,20251209,93003120,468024,,,S,64800,11100,400713,80999
600048.SH,600048,20251209,93003120,468025,,,S,64800,4000,400713,103524
600048.SH,600048,20251209,93003120,468026,,,S,64800,300,400713,116735
600048.SH,600048,20251209,93003120,468027,,,S,64800,1000,400713,118755
600048.SH,600048,20251209,93003120,468028,,,S,64800,8900,400713,124858
600048.SH,600048,20251209,93003120,468029,,,S,64800,1000,400713,126976
600048.SH,600048,20251209,93003120,468030,,,S,64800,5400,400713,138221
600048.SH,600048,20251209,93003120,468031,,,S,64800,10000,400713,155141
600048.SH,600048,20251209,93003120,468032,,,S,64800,9300,400713,158024
600048.SH,600048,20251209,93003120,468743,,,B,64900,6700,394091,401284
600048.SH,600048,20251209,93003270,471500,,,S,64900,600,403498,401284
600048.SH,600048,20251209,93003570,474109,,,B,64900,300,403498,405615
600048.SH,600048,20251209,93003570,474911,,,B,64900,100,403498,406261
600048.SH,600048,20251209,93003570,475025,,,B,64900,5000,403498,406360
600048.SH,600048,20251209,93003870,478236,,,B,64900,300,403498,408982
600048.SH,600048,20251209,93004030,481806,,,B,64900,1000,403498,412071
600048.SH,600048,20251209,93004170,482615,,,B,64900,100,403498,412752
600048.SH,600048,20251209,93004480,486791,,,B,64900,600,403498,416163
600048.SH,600048,20251209,93004480,486792,,,B,64900,1500,405433,416163
600048.SH,600048,20251209,93004480,486793,,,B,64900,100,408015,416163
600048.SH,600048,20251209,93004480,486794,,,B,64900,3800,409675,416163
600048.SH,600048,20251209,93004480,487442,,,B,64900,1000,409675,416711
600048.SH,600048,20251209,93004480,488370,,,B,64900,200,409675,417487
600048.SH,600048,20251209,93004480,488371,,,B,64900,2900,414801,417487
600048.SH,600048,20251209,93004480,488484,,,S,64800,500,417580,158024
600048.SH,600048,20251209,93004480,488485,,,S,64800,200,417580,158312
600048.SH,600048,20251209,93004480,488486,,,S,64800,900,417580,161580
600048.SH,600048,20251209,93004480,488487,,,S,64800,100,417580,168930
600048.SH,600048,20251209,93004480,488488,,,S,64800,100,417580,179875
600048.SH,600048,20251209,93004480,488489,,,S,64800,1300,417580,181440
600048.SH,600048,20251209,93005250,498161,,,B,64900,100,414801,425263
600048.SH,600048,20251209,93005250,498162,,,B,64900,2100,415334,425263
600048.SH,600048,20251209,93005550,503341,,,B,64900,1000,415334,429450
600048.SH,600048,20251209,93005840,506538,,,B,64900,300,415334,432055
600048.SH,600048,20251209,93005990,510122,,,S,64800,1000,435057,181440
600048.SH,600048,20251209,93006280,513030,,,B,64900,500,415334,437420
600048.SH,600048,20251209,93006570,518207,,,B,64900,400,415334,441545
600048.SH,600048,20251209,93006720,519941,,,B,64900,700,415334,442949
600048.SH,600048,20251209,93006720,520438,,,B,64900,500,415334,443319
600048.SH,600048,20251209,93006870,523520,,,B,64900,200,415334,445780
600048.SH,600048,20251209,93006870,523521,,,B,64900,800,416101,445780
600048.SH,600048,20251209,93007170,526571,,,S,64800,1100,448321,181440
600048.SH,600048,20251209,93007330,528422,,,B,64900,100,416101,449836
600048.SH,600048,20251209,93007330,529946,,,B,64900,700,416101,451089
600048.SH,600048,20251209,93007460,531756,,,B,64900,1400,416101,452585
600048.SH,600048,20251209,93007460,531757,,,B,64900,100,416188,452585
600048.SH,600048,20251209,93007460,532037,,,S,64800,100,452786,181440
600048.SH,600048,20251209,93007460,532663,,,B,64900,500,416188,453305
600048.SH,600048,20251209,93007610,533007,,,B,64900,4300,416188,453593
600048.SH,600048,20251209,93007610,533008,,,B,64900,700,420757,453593
600048.SH,600048,20251209,93007610,533366,,,B,64900,1700,420757,453917
600048.SH,600048,20251209,93007610,534308,,,B,64900,900,420757,454699
600048.SH,600048,20251209,93007760,536202,,,B,64900,100,431463,456266
600048.SH,600048,20251209,93007760,536274,,,S,64800,7700,456327,181440
600048.SH,600048,20251209,93007760,536275,,,S,64800,100,456327,187357
600048.SH,600048,20251209,93007760,536276,,,S,64800,1000,456327,196926
600048.SH,600048,20251209,93007760,536277,,,S,64800,100,456327,201936
600048.SH,600048,20251209,93007760,536278,,,S,64800,600,456327,202109
600048.SH,600048,20251209,93007760,536279,,,S,64800,300,456327,217758
600048.SH,600048,20251209,93007760,536280,,,S,64800,1000,456327,226914
600048.SH,600048,20251209,93007760,536281,,,S,64800,3000,456327,230372
600048.SH,600048,20251209,93007760,536282,,,S,64800,200,456327,236873
600048.SH,600048,20251209,93007760,536283,,,S,64800,100,456327,241674
600048.SH,600048,20251209,93007760,536284,,,S,64800,7500,456327,244877
600048.SH,600048,20251209,93007760,536298,,,B,64900,400,431463,456339
600048.SH,600048,20251209,93007920,537433,,,B,64900,400,431463,457292
600048.SH,600048,20251209,93007920,538945,,,B,64900,900,431463,458515
600048.SH,600048,20251209,93008220,543190,,,B,64900,700,431463,462070
600048.SH,600048,20251209,93008520,546879,,,B,64900,300,431463,464828
600048.SH,600048,20251209,93008670,548655,,,B,64900,5000,431463,466346
600048.SH,600048,20251209,93008670,550106,,,B,64900,200,431463,467618
600048.SH,600048,20251209,93008670,550363,,,B,64900,2000,431463,467817
600048.SH,600048,20251209,93008820,551285,,,B,64900,1600,431463,468602
600048.SH,600048,20251209,93008970,553235,,,B,64900,400,431463,470257
600048.SH,600048,20251209,93008970,553953,,,B,64900,4500,431463,470824
600048.SH,600048,20251209,93009120,555334,,,B,64900,10000,431463,472004
600048.SH,600048,20251209,93009120,556608,,,S,64800,300,473070,244877
600048.SH,600048,20251209,93009120,556616,,,S,64800,100,473077,244877
600048.SH,600048,20251209,93009430,561304,,,B,64900,1200,431463,476971
600048.SH,600048,20251209,93009560,563332,,,B,64900,100,431463,478589
600048.SH,600048,20251209,93009730,565085,,,B,64900,12700,431463,480099
600048.SH,600048,20251209,93009890,567900,,,B,64900,400,431463,482393
600048.SH,600048,20251209,93010260,573372,,,B,64900,10000,431463,487000
600048.SH,600048,20251209,93011080,583255,,,S,64800,11200,494975,244877
600048.SH,600048,20251209,93011080,584494,,,B,64900,1500,431463,495924
600048.SH,600048,20251209,93011240,586191,,,S,64800,1000,497144,244877
600048.SH,600048,20251209,93011240,586192,,,S,64800,100,497144,247031
600048.SH,600048,20251209,93011240,586193,,,S,64800,300,497144,292406
600048.SH,600048,20251209,93011240,586194,,,S,64800,2400,497144,297723
600048.SH,600048,20251209,93011380,587036,,,B,64900,1000,431463,497879
600048.SH,600048,20251209,93011380,587227,,,S,64800,4700,498008,297723
600048.SH,600048,20251209,93011580,590535,,,B,64900,1600,431463,500796
600048.SH,600048,20251209,93011580,591246,,,B,64900,4000,431463,501377
600048.SH,600048,20251209,93011710,592466,,,S,64800,2900,502320,297723
600048.SH,600048,20251209,93011710,592467,,,S,64800,500,502320,298824
600048.SH,600048,20251209,93011710,592468,,,S,64800,600,502320,299851
600048.SH,600048,20251209,93011710,592469,,,S,64800,10000,502320,301792
600048.SH,600048,20251209,93011710,592470,,,S,64800,900,502320,304566
600048.SH,600048,20251209,93012080,597648,,,B,64900,3100,431463,506629
600048.SH,600048,20251209,93012080,597812,,,S,64800,1300,506771,304566
600048.SH,600048,20251209,93012380,600818,,,B,64900,10000,431463,509333
600048.SH,600048,20251209,93012890,608175,,,B,64900,500,431463,515358
600048.SH,600048,20251209,93013040,610571,,,B,64900,1500,431463,517306
600048.SH,600048,20251209,93013190,612233,,,B,64900,100,431463,518672
600048.SH,600048,20251209,93013330,614762,,,B,64900,200,431463,520699
600048.SH,600048,20251209,93013980,623467,,,B,64900,100,431463,527723
600048.SH,600048,20251209,93014140,626385,,,B,64900,100,431463,530092
600048.SH,600048,20251209,93014300,627595,,,B,64900,100,431463,531045
600048.SH,600048,20251209,93014450,630281,,,B,64900,6700,431463,533199
600048.SH,600048,20251209,93014750,633846,,,S,64800,11700,536132,304566
600048.SH,600048,20251209,93014800,634241,,,S,64800,12000,536433,304566
600048.SH,600048,20251209,93014800,634250,,,S,64800,400,536442,304566
600048.SH,600048,20251209,93014800,635103,,,B,64900,1800,431463,537126
600048.SH,600048,20251209,93014800,635179,,,B,64900,3800,431463,537190
600048.SH,600048,20251209,93014800,635848,,,B,64900,1600,431463,537709
600048.SH,600048,20251209,93014800,635852,,,B,64900,1600,431463,537713
600048.SH,600048,20251209,93015090,639056,,,S,64800,500,540182,304566
600048.SH,600048,20251209,93015090,640212,,,S,64800,1600,540934,304566
600048.SH,600048,20251209,93015280,642301,,,S,64800,600,542513,304566
600048.SH,600048,20251209,93015520,644260,,,B,64900,1000,431463,544046
600048.SH,600048,20251209,93015770,647709,,,B,64900,2000,431463,546788
600048.SH,600048,20251209,93015850,648748,,,S,64800,9100,547596,304566
600048.SH,600048,20251209,93015850,650050,,,S,64800,900,548588,304566
600048.SH,600048,20251209,93016590,660142,,,B,64900,900,431463,556363
600048.SH,600048,20251209,93016740,662790,,,S,64800,7900,558342,304566
600048.SH,600048,20251209,93016740,663574,,,B,64900,200,431463,558928
600048.SH,600048,20251209,93016740,664075,,,S,64800,100,559251,304566
600048.SH,600048,20251209,93016890,664758,,,B,64900,1500,431463,559801
600048.SH,600048,20251209,93017000,666292,,,B,64900,1600,431463,560958
600048.SH,600048,20251209,93017080,669163,,,S,64800,500,563144,304566
600048.SH,600048,20251209,93017360,672969,,,B,64900,1000,431463,565918
600048.SH,600048,20251209,93017920,681132,,,B,64900,1000,431463,572039
600048.SH,600048,20251209,93017920,681189,,,S,64800,2500,572088,304566
600048.SH,600048,20251209,93017920,681190,,,S,64800,300,572088,306158
600048.SH,600048,20251209,93017920,681191,,,S,64800,500,572088,310604
600048.SH,600048,20251209,93017920,681192,,,S,64800,2900,572088,311868
600048.SH,600048,20251209,93018280,686405,,,B,64900,600,431463,575974
600048.SH,600048,20251209,93018280,686406,,,B,64900,1400,437212,575974
600048.SH,600048,20251209,93018280,687045,,,B,64900,100,437212,576443
600048.SH,600048,20251209,93018420,687719,,,B,64900,2000,437212,576969
600048.SH,600048,20251209,93018420,688467,,,S,64800,100,577570,311868
600048.SH,600048,20251209,93018420,689415,,,S,64800,7000,578275,311868
600048.SH,600048,20251209,93018420,689416,,,S,64800,2000,578275,313237
600048.SH,600048,20251209,93018420,689417,,,S,64800,200,578275,319834
600048.SH,600048,20251209,93018580,690321,,,B,64900,15000,437212,578996
600048.SH,600048,20251209,93018580,690322,,,B,64900,200,443480,578996
600048.SH,600048,20251209,93018580,690323,,,B,64900,4800,445567,578996
600048.SH,600048,20251209,93018580,690503,,,S,64800,100,579136,319834
600048.SH,600048,20251209,93018580,690714,,,S,64800,1500,579313,321704
600048.SH,600048,20251209,93018580,690715,,,S,64800,4800,579313,325664
600048.SH,600048,20251209,93018580,690716,,,S,64800,500,579313,329621
600048.SH,600048,20251209,93018580,690717,,,S,64800,1700,579313,333346
600048.SH,600048,20251209,93018740,693117,,,B,64900,100,445567,580966
600048.SH,600048,20251209,93018740,693697,,,S,64800,3000,581412,333346
600048.SH,600048,20251209,93018740,693698,,,S,64800,5000,581412,334402
600048.SH,600048,20251209,93018740,693699,,,S,64800,300,581412,338745
600048.SH,600048,20251209,93018740,693700,,,S,64800,3000,581412,341629
600048.SH,600048,20251209,93018740,693701,,,S,64800,100,581412,341659
600048.SH,600048,20251209,93018740,693923,,,S,64800,300,581600,341659
600048.SH,600048,20251209,93018740,693924,,,S,64800,400,581600,341947
600048.SH,600048,20251209,93018740,693925,,,S,64800,5000,581600,358421
600048.SH,600048,20251209,93019020,695767,,,B,64900,100,445567,582986
600048.SH,600048,20251209,93019020,696211,,,B,64900,300,445567,583313
600048.SH,600048,20251209,93019060,698091,,,B,64900,500,445567,584628
600048.SH,600048,20251209,93019420,703055,,,S,64800,1800,588239,359413
600048.SH,600048,20251209,93019420,703056,,,S,64800,3300,588239,367733
600048.SH,600048,20251209,93019550,704748,,,B,64900,900,445567,589503
600048.SH,600048,20251209,93019730,708187,,,S,64800,200,591907,367733
600048.SH,600048,20251209,93020090,712029,,,S,64800,500,594781,367733
600048.SH,600048,20251209,93020540,720206,,,B,64900,500,445567,600795
600048.SH,600048,20251209,93020830,723528,,,B,64900,1200,445567,603227
600048.SH,600048,20251209,93020990,725519,,,S,64800,12100,604637,367733
600048.SH,600048,20251209,93020990,725643,,,S,64800,100,604732,367733
600048.SH,600048,20251209,93021190,728609,,,B,64900,100,445567,606805
600048.SH,600048,20251209,93021190,729388,,,S,64800,3800,607318,367733
600048.SH,600048,20251209,93021190,729389,,,S,64800,2000,607318,370837
600048.SH,600048,20251209,93021190,729390,,,S,64800,2800,607318,376122
600048.SH,600048,20251209,93021370,731736,,,S,64800,500,608887,376122
600048.SH,600048,20251209,93021370,731742,,,S,64800,100,608892,376122
600048.SH,600048,20251209,93021370,731754,,,S,64800,100,608900,376122
600048.SH,600048,20251209,93021370,731767,,,S,64800,300,608911,376122
600048.SH,600048,20251209,93022540,748823,,,B,64900,1500,445567,620786
600048.SH,600048,20251209,93022540,748824,,,B,64900,1000,449227,620786
600048.SH,600048,20251209,93022540,748825,,,B,64900,1200,453591,620786
600048.SH,600048,20251209,93022680,750266,,,B,64900,800,453591,621876
600048.SH,600048,20251209,93022680,750267,,,B,64900,200,454372,621876
600048.SH,600048,20251209,93022680,750782,,,S,64800,35000,622271,376122
600048.SH,600048,20251209,93022770,751483,,,B,64900,1600,454372,622796
600048.SH,600048,20251209,93022770,753344,,,S,64800,2300,624090,376122
600048.SH,600048,20251209,93023130,756123,,,S,64800,8900,626158,376122
600048.SH,600048,20251209,93023130,756124,,,S,64800,3100,626158,377652
600048.SH,600048,20251209,93023270,759123,,,S,64800,700,628327,377652
600048.SH,600048,20251209,93023410,760831,,,B,64900,1100,454372,629502
600048.SH,600048,20251209,93023410,760832,,,B,64900,100,454455,629502
600048.SH,600048,20251209,93023410,760833,,,B,64900,6000,456959,629502
600048.SH,600048,20251209,93023410,760834,,,B,64900,1000,457931,629502
600048.SH,600048,20251209,93023410,760835,,,B,64900,500,463444,629502
600048.SH,600048,20251209,93023410,760836,,,B,64900,1800,467920,629502
600048.SH,600048,20251209,93023860,769216,,,S,64800,22000,635372,377652
600048.SH,600048,20251209,93024010,770025,,,B,64900,100,467920,635923
600048.SH,600048,20251209,93024240,773925,,,S,64800,4100,638604,377652
600048.SH,600048,20251209,93024560,776311,,,S,64800,2000,640309,377652
600048.SH,600048,20251209,93024600,776638,,,B,64900,100,467920,640535
600048.SH,600048,20251209,93024640,778030,,,S,64800,3000,641546,377652
600048.SH,600048,20251209,93025070,781874,,,S,64800,100,644165,377652
600048.SH,600048,20251209,93025070,781923,,,S,64800,100,644206,377652
600048.SH,600048,20251209,93025070,781965,,,S,64800,200,644241,377652
600048.SH,600048,20251209,93025070,782000,,,S,64800,200,644269,377652
600048.SH,600048,20251209,93025070,782150,,,S,64800,1900,644364,377652
600048.SH,600048,20251209,93025350,785007,,,S,64800,16700,646273,377652
600048.SH,600048,20251209,93026380,793828,,,B,64900,3000,467920,652090
600048.SH,600048,20251209,93026680,796905,,,B,64900,2000,483344,654038
600048.SH,600048,20251209,93027150,800896,,,S,64800,600,656748,377652
600048.SH,600048,20251209,93027150,800911,,,B,64900,500,483344,656760
600048.SH,600048,20251209,93027260,801885,,,B,64900,400,483344,657409
600048.SH,600048,20251209,93027260,801886,,,B,64900,100,485836,657409
600048.SH,600048,20251209,93027260,801887,,,B,64900,700,494785,657409
600048.SH,600048,20251209,93027680,805809,,,S,64800,1700,659916,377652
600048.SH,600048,20251209,93028090,809633,,,S,64800,100,662459,377652
600048.SH,600048,20251209,93028340,811870,,,S,64800,700,663960,377652
600048.SH,600048,20251209,93028400,812663,,,B,64900,300,494785,664543
600048.SH,600048,20251209,93028670,814970,,,B,64900,2000,494785,666076
600048.SH,600048,20251209,93028680,815297,,,S,64800,10300,666321,377652
600048.SH,600048,20251209,93028970,818076,,,B,64900,900,494785,668187
600048.SH,600048,20251209,93028970,818077,,,B,64900,2000,495439,668187
600048.SH,600048,20251209,93028970,818078,,,B,64900,100,497421,668187
600048.SH,600048,20251209,93028970,818079,,,B,64900,100,501882,668187
600048.SH,600048,20251209,93028970,818080,,,B,64900,3600,505325,668187
600048.SH,600048,20251209,93029230,820634,,,S,64800,1600,669744,377652
600048.SH,600048,20251209,93029520,823772,,,B,64900,300,505325,671944
600048.SH,600048,20251209,93029870,827181,,,B,64900,1100,505325,674376
600048.SH,600048,20251209,93029870,827182,,,B,64900,900,505630,674376
600048.SH,600048,20251209,93030870,837384,,,S,64800,1600,681308,377652
600048.SH,600048,20251209,93030870,837538,,,S,64800,29300,681420,377652
600048.SH,600048,20251209,93030870,837539,,,S,64800,10000,681420,386565
600048.SH,600048,20251209,93030870,837540,,,S,64800,10000,681420,388385
600048.SH,600048,20251209,93030870,837541,,,S,64800,700,681420,398751
600048.SH,600048,20251209,93030870,837542,,,S,64800,200,681420,400220
600048.SH,600048,20251209,93030870,837543,,,S,64800,100,681420,400647
600048.SH,600048,20251209,93030870,837544,,,S,64800,900,681420,406063
600048.SH,600048,20251209,93031070,839404,,,S,64800,9100,682707,406063
600048.SH,600048,20251209,93031070,839405,,,S,64800,1500,682707,410513
600048.SH,600048,20251209,93031070,839406,,,S,64800,4000,682707,414096
600048.SH,600048,20251209,93031070,839407,,,S,64800,2100,682707,416340
600048.SH,600048,20251209,93031070,839408,,,S,64800,3900,682708,416340
600048.SH,600048,20251209,93031070,839409,,,S,64800,100,682708,430330
600048.SH,600048,20251209,93031070,839410,,,S,64800,100,682708,431407
600048.SH,600048,20251209,93031070,839411,,,S,64800,2000,682708,433869
600048.SH,600048,20251209,93031070,839412,,,S,64800,5800,682708,433972
600048.SH,600048,20251209,93031070,839414,,,S,64800,400,682710,433972
600048.SH,600048,20251209,93031070,839421,,,S,64800,7800,682714,433972
600048.SH,600048,20251209,93031070,839422,,,S,64800,1000,682715,433972
600048.SH,600048,20251209,93031070,839423,,,S,64800,100,682715,435776
600048.SH,600048,20251209,93031070,839424,,,S,64800,1000,682715,444364
600048.SH,600048,20251209,93031070,839425,,,S,64800,200,682715,447054
600048.SH,600048,20251209,93031070,839426,,,S,64800,800,682715,448137
600048.SH,600048,20251209,93031070,839427,,,S,64800,300,682715,452212
600048.SH,600048,20251209,93031070,839428,,,S,64800,5000,682715,456058
600048.SH,600048,20251209,93031070,839429,,,S,64800,100,682715,457508
600048.SH,600048,20251209,93031070,839430,,,S,64800,300,682715,458988
600048.SH,600048,20251209,93031070,839431,,,S,64800,400,682715,468413
600048.SH,600048,20251209,93031070,839432,,,S,64800,3300,682715,475071
600048.SH,600048,20251209,93031070,839433,,,S,64800,3200,682715,486351
600048.SH,600048,20251209,93031070,839434,,,S,64800,31100,682715,500378
600048.SH,600048,20251209,93031070,839435,,,S,64800,900,682716,500378
600048.SH,600048,20251209,93031070,839436,,,S,64800,600,682716,501344
600048.SH,600048,20251209,93031070,839437,,,S,64800,5000,682716,511903
600048.SH,600048,20251209,93031070,839438,,,S,64800,3100,682716,512860
600048.SH,600048,20251209,93031070,839439,,,S,64800,1000,682716,517311
600048.SH,600048,20251209,93031070,839440,,,S,64800,1000,682717,517875
600048.SH,600048,20251209,93031070,839441,,,S,64800,1000,682717,526330
600048.SH,600048,20251209,93031070,839442,,,S,64800,1600,682717,531751
600048.SH,600048,20251209,93031070,839443,,,S,64800,13800,682718,531751
600048.SH,600048,20251209,93031070,839444,,,S,64800,5000,682718,533252
600048.SH,600048,20251209,93031070,839445,,,S,64800,1600,682718,536227
600048.SH,600048,20251209,93031070,839446,,,S,64800,3600,682718,537724
600048.SH,600048,20251209,93031070,839447,,,S,64800,2800,682718,541480
600048.SH,600048,20251209,93031070,839448,,,S,64800,3000,682718,549623
600048.SH,600048,20251209,93031070,839449,,,S,64800,1500,682718,556271
600048.SH,600048,20251209,93031070,839450,,,S,64800,500,682718,557494
600048.SH,600048,20251209,93031070,839451,,,S,64800,2700,682718,558098
600048.SH,600048,20251209,93031070,839452,,,S,64800,1400,682718,562526
600048.SH,600048,20251209,93031070,839453,,,S,64800,1000,682718,565071
600048.SH,600048,20251209,93031070,839454,,,S,64800,2000,682718,573008
600048.SH,600048,20251209,93031070,839455,,,S,64800,2000,682718,578687
600048.SH,600048,20251209,93031070,839456,,,S,64800,700,682718,580761
600048.SH,600048,20251209,93031070,839457,,,S,64800,1100,682718,581890
600048.SH,600048,20251209,93031070,839458,,,S,64800,1000,682718,582615
600048.SH,600048,20251209,93031070,839459,,,S,64800,100,682718,582750
600048.SH,600048,20251209,93031070,839460,,,S,64800,500,682718,598947
600048.SH,600048,20251209,93031070,839461,,,S,64800,100,682718,609390
600048.SH,600048,20251209,93031070,839462,,,S,64800,300,682718,611242
600048.SH,600048,20251209,93031070,839463,,,S,64800,100,682718,616303
600048.SH,600048,20251209,93031070,839464,,,S,64800,500,682718,626576
600048.SH,600048,20251209,93031070,839465,,,S,64800,23800,682718,636883
600048.SH,600048,20251209,93031070,839466,,,S,64800,3000,682718,639828
600048.SH,600048,20251209,93031070,839467,,,S,64800,300,682718,645216
600048.SH,600048,20251209,93031070,839468,,,S,64800,1000,682718,645633
600048.SH,600048,20251209,93031070,839469,,,S,64800,500,682718,652202
600048.SH,600048,20251209,93031070,839470,,,S,64800,2000,682718,654353
600048.SH,600048,20251209,93031070,839471,,,S,64800,200,682718,656273
600048.SH,600048,20251209,93031070,839472,,,S,64800,400,682718,661908
600048.SH,600048,20251209,93031070,839473,,,S,64800,19100,682718,670088
600048.SH,600048,20251209,93031070,839475,,,S,64800,900,682720,670088
600048.SH,600048,20251209,93031070,839476,,,S,64800,2000,682720,676459
600048.SH,600048,20251209,93031070,839477,,,S,64800,700,682720,677245
600048.SH,600048,20251209,93031070,839478,,,S,64800,200,682720,677978
600048.SH,600048,20251209,93031070,839479,,,S,64800,2000,682720,680604
600048.SH,600048,20251209,93031070,839482,,,S,64700,2000,682722,10682
600048.SH,600048,20251209,93031070,839483,,,S,64700,3100,682722,23211
600048.SH,600048,20251209,93031070,839484,,,S,64700,40000,682722,34182
600048.SH,600048,20251209,93031070,839485,,,S,64700,5000,682722,47197
600048.SH,600048,20251209,93031070,839486,,,S,64700,1200,682722,49561
600048.SH,600048,20251209,93031070,839487,,,S,64700,3000,682722,66936
600048.SH,600048,20251209,93031070,839488,,,S,64700,100,682722,67779
600048.SH,600048,20251209,93031070,839489,,,S,64700,3000,682722,75704
600048.SH,600048,20251209,93031070,839490,,,S,64700,1600,682722,77816
600048.SH,600048,20251209,93031070,839491,,,S,64700,500,682722,81526
600048.SH,600048,20251209,93031070,839492,,,S,64700,5000,682722,87900
600048.SH,600048,20251209,93031070,839493,,,S,64700,100,682722,90482
600048.SH,600048,20251209,93031070,839494,,,S,64700,600,682722,100847
600048.SH,600048,20251209,93031070,839495,,,S,64700,4000,682722,103527
600048.SH,600048,20251209,93031070,839496,,,S,64700,300,682722,104357
600048.SH,600048,20251209,93031070,839497,,,S,64700,2000,682722,109392
600048.SH,600048,20251209,93031070,839498,,,S,64700,1200,682722,113451
600048.SH,600048,20251209,93031070,839499,,,S,64700,100,682722,128721
600048.SH,600048,20251209,93031140,840191,,,S,64700,1800,683195,128721
600048.SH,600048,20251209,93031370,842637,,,S,64700,1100,684784,128721
600048.SH,600048,20251209,93031370,842638,,,S,64700,3800,684784,147023
600048.SH,600048,20251209,93031370,842639,,,S,64700,7800,684784,155144
600048.SH,600048,20251209,93031510,844019,,,B,64800,10000,682720,685709
600048.SH,600048,20251209,93031670,845371,,,S,64700,800,686575,155144
600048.SH,600048,20251209,93031850,847272,,,B,64800,900,682720,687882
600048.SH,600048,20251209,93031850,847273,,,B,64800,2100,682721,687882
600048.SH,600048,20251209,93032050,849497,,,B,64800,3000,682721,689376
600048.SH,600048,20251209,93032270,851581,,,B,64800,800,682721,690895
600048.SH,600048,20251209,93032520,854260,,,B,64800,400,682721,692716
600048.SH,600048,20251209,93032520,854270,,,B,64800,4300,682721,692722
600048.SH,600048,20251209,93032520,854271,,,B,64800,100,682721,692723
600048.SH,600048,20251209,93033180,861186,,,B,64800,3000,682721,696758
600048.SH,600048,20251209,93033190,861600,,,S,64700,1400,697058,155144
600048.SH,600048,20251209,93033190,861601,,,S,64700,2100,697058,158447
600048.SH,600048,20251209,93033390,863385,,,B,64800,700,682721,698217
600048.SH,600048,20251209,93034110,870440,,,S,64700,7900,702850,158447
600048.SH,600048,20251209,93034110,870441,,,S,64700,6500,702850,160108
600048.SH,600048,20251209,93034110,870715,,,S,64700,100,703017,160108
600048.SH,600048,20251209,93034330,872650,,,B,64800,400,682721,704315
600048.SH,600048,20251209,93034470,873688,,,S,64700,3400,705052,160108
600048.SH,600048,20251209,93034470,873689,,,S,64700,500,705052,163581
600048.SH,600048,20251209,93034470,873690,,,S,64700,1000,705052,172903
600048.SH,600048,20251209,93034470,873691,,,S,64700,1000,705052,181947
600048.SH,600048,20251209,93034470,873692,,,S,64700,1700,705052,203908
600048.SH,600048,20251209,93034470,873693,,,S,64700,5000,705052,224279
600048.SH,600048,20251209,93034470,873694,,,S,64700,2200,705052,230258
600048.SH,600048,20251209,93034470,873695,,,S,64700,3000,705052,230332
600048.SH,600048,20251209,93034470,873696,,,S,64700,10000,705052,233137
600048.SH,600048,20251209,93034470,873697,,,S,64700,2000,705052,270829
600048.SH,600048,20251209,93034470,873698,,,S,64700,17800,705052,275450
600048.SH,600048,20251209,93034470,873949,,,S,64700,32200,705235,275450
600048.SH,600048,20251209,93034470,873950,,,S,64700,500,705235,293736
600048.SH,600048,20251209,93034470,873951,,,S,64700,6100,705235,295702
600048.SH,600048,20251209,93034470,873952,,,S,64700,2000,705235,295761
600048.SH,600048,20251209,93034470,873953,,,S,64700,2500,705235,303039
600048.SH,600048,20251209,93034970,878284,,,B,64800,5000,682721,707980
600048.SH,600048,20251209,93035040,878972,,,B,64800,1500,682721,708408
600048.SH,600048,20251209,93035510,883578,,,S,64700,1300,711490,303039
600048.SH,600048,20251209,93035630,884620,,,S,64700,800,712204,303039
600048.SH,600048,20251209,93035660,884914,,,S,64700,100,712415,303039
600048.SH,600048,20251209,93036060,889000,,,S,64700,300,715030,303039
600048.SH,600048,20251209,93036060,889001,,,S,64700,1200,715031,307925
600048.SH,600048,20251209,93036120,889523,,,S,64700,400,715334,307925
600048.SH,600048,20251209,93036570,894076,,,B,64800,100,682721,718194
600048.SH,600048,20251209,93037070,898986,,,S,64700,800,721309,307925
600048.SH,600048,20251209,93037070,899066,,,S,64700,400,721338,307925
600048.SH,600048,20251209,93037070,899257,,,S,64700,200,721472,307925
600048.SH,600048,20251209,93037100,899376,,,S,64700,100,721558,307925
600048.SH,600048,20251209,93037310,901213,,,B,64800,500,682721,722863
600048.SH,600048,20251209,93037440,902637,,,S,64700,6900,723801,307925
600048.SH,600048,20251209,93037440,902638,,,S,64700,3600,723801,309837
600048.SH,600048,20251209,93037830,905826,,,B,64800,2700,682721,725932
600048.SH,600048,20251209,93038080,908195,,,B,64800,1900,682721,727431
600048.SH,600048,20251209,93038080,908196,,,B,64800,19600,682723,727431
600048.SH,600048,20251209,93038080,908197,,,B,64800,2700,682724,727431
600048.SH,600048,20251209,93038080,908198,,,B,64800,200,682730,727431
600048.SH,600048,20251209,93038670,913078,,,B,64800,1600,682730,730531
600048.SH,600048,20251209,93038690,913238,,,B,64800,1400,682730,730645
600048.SH,600048,20251209,93038860,914645,,,B,64800,1300,682730,731531
600048.SH,600048,20251209,93039100,916567,,,S,64700,200,732856,309837
600048.SH,600048,20251209,93039430,919984,,,B,64800,200,682730,735118
600048.SH,600048,20251209,93039690,922318,,,S,64700,2500,736487,309837
600048.SH,600048,20251209,93039880,924146,,,S,64700,100,737721,314096
600048.SH,600048,20251209,93039880,924147,,,S,64700,300,737721,325140
600048.SH,600048,20251209,93039880,924148,,,S,64700,1600,737721,326383
600048.SH,600048,20251209,93040070,926072,,,S,64700,100,738997,326383
600048.SH,600048,20251209,93040320,928170,,,S,64700,3300,740289,326383
600048.SH,600048,20251209,93040320,928171,,,S,64700,300,740289,328216
600048.SH,600048,20251209,93040320,928172,,,S,64700,500,740289,331326
600048.SH,600048,20251209,93040320,928173,,,S,64700,1300,740289,332608
600048.SH,600048,20251209,93041320,936385,,,B,64800,500,682730,745540
600048.SH,600048,20251209,93041650,938664,,,B,64800,300,682730,747039
600048.SH,600048,20251209,93042010,941187,,,S,64700,2000,748614,332608
600048.SH,600048,20251209,93042460,944861,,,S,64700,100,750922,332608
600048.SH,600048,20251209,93042840,947662,,,S,64700,600,752750,332608
600048.SH,600048,20251209,93042840,947663,,,S,64700,1400,752750,332641
600048.SH,600048,20251209,93042840,947664,,,S,64700,3000,752750,335265
600048.SH,600048,20251209,93043230,950570,,,B,64800,200,682730,754610
600048.SH,600048,20251209,93043240,950813,,,S,64700,2000,754751,335265
600048.SH,600048,20251209,93043590,953027,,,S,64700,200,756197,335265
600048.SH,600048,20251209,93043620,953284,,,S,64700,500,756370,335265
600048.SH,600048,20251209,93044010,955902,,,S,64700,2100,757998,335265
600048.SH,600048,20251209,93044010,955925,,,B,64800,1000,682730,758016
600048.SH,600048,20251209,93044030,956241,,,B,64800,1000,682730,758225
600048.SH,600048,20251209,93044260,957931,,,B,64800,1000,682730,759361
600048.SH,600048,20251209,93044570,960059,,,S,64700,100,760613,335265
600048.SH,600048,20251209,93044570,960060,,,S,64700,100,760614,335265
600048.SH,600048,20251209,93044700,960927,,,B,64800,200,682732,761201
600048.SH,600048,20251209,93044700,960928,,,B,64800,100,682737,761201
600048.SH,600048,20251209,93044700,960929,,,B,64800,200,682750,761201
600048.SH,600048,20251209,93044700,960930,,,B,64800,100,682751,761201
600048.SH,600048,20251209,93044700,960931,,,B,64800,2800,682757,761201
600048.SH,600048,20251209,93044700,960932,,,B,64800,600,682758,761201
600048.SH,600048,20251209,93044740,961303,,,S,64700,1500,761445,335265
600048.SH,600048,20251209,93044890,962447,,,S,64700,500,762154,335265
600048.SH,600048,20251209,93044890,962448,,,S,64700,1500,762154,340624
600048.SH,600048,20251209,93044890,962449,,,S,64700,13600,762154,350711
600048.SH,600048,20251209,93044890,962450,,,S,64700,3000,762154,371325
600048.SH,600048,20251209,93044890,962451,,,S,64700,7300,762154,381157
600048.SH,600048,20251209,93044890,962452,,,S,64700,5000,762154,389288
600048.SH,600048,20251209,93044890,962453,,,S,64700,500,762154,392465
600048.SH,600048,20251209,93044890,962454,,,S,64700,800,762154,397725
600048.SH,600048,20251209,93044890,962455,,,S,64700,2000,762154,415802
600048.SH,600048,20251209,93044890,962456,,,S,64700,5800,762154,416295
600048.SH,600048,20251209,93046020,971126,,,S,64700,800,767581,416295
600048.SH,600048,20251209,93046240,972730,,,S,64700,100,768615,416295
600048.SH,600048,20251209,93046240,972731,,,S,64700,300,768616,416295
600048.SH,600048,20251209,93046340,973626,,,S,64700,800,769172,416295
600048.SH,600048,20251209,93046340,973627,,,S,64700,500,769172,420758
600048.SH,600048,20251209,93046340,973628,,,S,64700,1000,769172,429484
600048.SH,600048,20251209,93046340,973629,,,S,64700,100,769172,438800
600048.SH,600048,20251209,93046340,973630,,,S,64700,2700,769172,446842
600048.SH,600048,20251209,93046340,973631,,,S,64700,3700,769172,447291
600048.SH,600048,20251209,93047390,981254,,,B,64800,900,682758,773895
600048.SH,600048,20251209,93048130,986984,,,S,64700,800,777258,447291
600048.SH,600048,20251209,93048650,991447,,,S,64700,2500,779716,447291
600048.SH,600048,20251209,93048650,991448,,,S,64700,100,779716,457882
600048.SH,600048,20251209,93048650,991449,,,S,64700,6000,779716,459912
600048.SH,600048,20251209,93048650,991450,,,S,64700,1200,779716,464339
600048.SH,600048,20251209,93048970,993715,,,B,64800,200,682758,781052
600048.SH,600048,20251209,93048970,993723,,,S,64700,3800,781059,464339
600048.SH,600048,20251209,93048970,993724,,,S,64700,1000,781059,470967
600048.SH,600048,20251209,93049190,995488,,,S,64700,1300,782154,485924
600048.SH,600048,20251209,93049190,995489,,,S,64700,12900,782154,493620
600048.SH,600048,20251209,93050090,1000982,,,S,64700,28000,785389,493620
600048.SH,600048,20251209,93050900,1006021,,,S,64700,1800,788339,493620
600048.SH,600048,20251209,93051460,1009414,,,S,64700,7300,790365,493620
600048.SH,600048,20251209,93051460,1009415,,,S,64700,2000,790365,499261
600048.SH,600048,20251209,93051460,1009416,,,S,64700,500,790365,500260
600048.SH,600048,20251209,93051460,1009417,,,S,64700,100,790365,504656
600048.SH,600048,20251209,93051460,1009418,,,S,64700,1000,790365,515145
600048.SH,600048,20251209,93051460,1009419,,,S,64700,1000,790365,522377
600048.SH,600048,20251209,93051460,1009420,,,S,64700,1000,790365,523383
600048.SH,600048,20251209,93051460,1009421,,,S,64700,2300,790365,524641
600048.SH,600048,20251209,93051460,1009422,,,S,64700,1600,790365,526225
600048.SH,600048,20251209,93051460,1009423,,,S,64700,200,790365,530464
600048.SH,600048,20251209,93051460,1009424,,,S,64700,12500,790365,531703
600048.SH,600048,20251209,93051460,1009425,,,S,64700,13900,790365,550268
600048.SH,600048,20251209,93052310,1014199,,,S,64700,400,793235,550268
600048.SH,600048,20251209,93052330,1014240,,,S,64700,5700,793255,550268
600048.SH,600048,20251209,93052330,1014241,,,S,64700,9400,793255,552838
600048.SH,600048,20251209,93052330,1014310,,,S,64700,15900,793304,552838
600048.SH,600048,20251209,93052330,1014311,,,S,64700,500,793304,561615
600048.SH,600048,20251209,93052330,1014312,,,S,64700,1200,793304,561877
600048.SH,600048,20251209,93052330,1014313,,,S,64700,2700,793304,564190
600048.SH,600048,20251209,93052330,1014314,,,S,64700,2500,793304,564543
600048.SH,600048,20251209,93052330,1014315,,,S,64700,600,793304,576884
600048.SH,600048,20251209,93052330,1014316,,,S,64700,2000,793304,579742
600048.SH,600048,20251209,93052330,1014317,,,S,64700,100,793304,581222
600048.SH,600048,20251209,93052330,1014318,,,S,64700,1000,793304,588531
600048.SH,600048,20251209,93052330,1014319,,,S,64700,5000,793304,591572
600048.SH,600048,20251209,93052330,1014320,,,S,64700,1000,793304,650543
600048.SH,600048,20251209,93052330,1014321,,,S,64700,200,793304,654153
600048.SH,600048,20251209,93052400,1014647,,,S,64700,1800,793517,654153
600048.SH,600048,20251209,93052400,1014648,,,S,64700,1000,793517,677349
600048.SH,600048,20251209,93052400,1014649,,,S,64700,200,793517,698561
600048.SH,600048,20251209,93052400,1014650,,,S,64700,200,793517,709201
600048.SH,600048,20251209,93052400,1014651,,,S,64700,2400,793517,721538
600048.SH,600048,20251209,93052400,1014652,,,S,64700,16900,793517,724518
600048.SH,600048,20251209,93052400,1014653,,,S,64700,1600,793517,726396
600048.SH,600048,20251209,93052400,1014654,,,S,64700,5900,793517,732172
600048.SH,600048,20251209,93052600,1015616,,,S,64700,800,794127,732172
600048.SH,600048,20251209,93052920,1017347,,,S,64700,2000,795210,732172
600048.SH,600048,20251209,93053020,1018048,,,S,64700,2600,795572,732172
600048.SH,600048,20251209,93053340,1020040,,,S,64700,3400,796773,732172
600048.SH,600048,20251209,93053370,1020114,,,S,64700,5300,796817,732172
600048.SH,600048,20251209,93053370,1020115,,,S,64700,10000,796817,732258
600048.SH,600048,20251209,93053370,1020116,,,S,64700,100,796817,732385
600048.SH,600048,20251209,93053370,1020117,,,S,64700,4600,796817,733045
600048.SH,600048,20251209,93054290,1025546,,,S,64700,7300,800125,733045
600048.SH,600048,20251209,93054390,1025987,,,B,64800,600,690688,800381
600048.SH,600048,20251209,93054390,1025988,,,B,64800,400,691544,800381
600048.SH,600048,20251209,93054670,1027554,,,B,64800,900,691544,801380
600048.SH,600048,20251209,93055030,1029656,,,S,64700,200,802547,733045
600048.SH,600048,20251209,93055050,1029792,,,B,64800,500,691544,802628
600048.SH,600048,20251209,93055110,1030007,,,B,64800,900,691544,802758
600048.SH,600048,20251209,93055150,1030189,,,S,64700,2400,802887,733045
600048.SH,600048,20251209,93055330,1031362,,,S,64700,5500,803572,733045
600048.SH,600048,20251209,93055330,1031363,,,S,64700,700,803572,738701
600048.SH,600048,20251209,93055330,1031364,,,S,64700,1000,803572,739005
600048.SH,600048,20251209,93055330,1031365,,,S,64700,7200,803572,740079
600048.SH,600048,20251209,93055710,1034020,,,S,64700,1400,805298,740079
600048.SH,600048,20251209,93055780,1034350,,,S,64700,1400,805468,740079
600048.SH,600048,20251209,93055780,1034351,,,S,64700,3000,805468,743709
600048.SH,600048,20251209,93055780,1034352,,,S,64700,100,805468,751626
600048.SH,600048,20251209,93055780,1034353,,,S,64700,500,805468,754996
600048.SH,600048,20251209,93056500,1038458,,,B,64800,2900,691544,807877
600048.SH,600048,20251209,93057140,1042228,,,S,64700,700,810139,754996
600048.SH,600048,20251209,93057300,1043032,,,S,64700,2800,810615,754996
600048.SH,600048,20251209,93057980,1047313,,,S,64700,5100,813393,754996
600048.SH,600048,20251209,93057980,1047314,,,S,64700,900,813393,756375
600048.SH,600048,20251209,93058080,1047941,,,S,64700,100,813839,756375
600048.SH,600048,20251209,93058080,1048075,,,S,64700,100,813911,756375
600048.SH,600048,20251209,93058190,1048511,,,S,64700,8900,814177,756375
600048.SH,600048,20251209,93058190,1048512,,,S,64700,5000,814177,758360
600048.SH,600048,20251209,93058190,1048513,,,S,64700,2000,814177,763276
600048.SH,600048,20251209,93058190,1048514,,,S,64700,2700,814177,766927
600048.SH,600048,20251209,93058190,1048515,,,S,64700,1500,814177,767121
600048.SH,600048,20251209,93058190,1048516,,,S,64700,10000,814177,767758
600048.SH,600048,20251209,93058190,1048517,,,S,64700,2100,814177,770223
600048.SH,600048,20251209,93058190,1048518,,,S,64700,1600,814177,770855
600048.SH,600048,20251209,93058190,1048519,,,S,64700,800,814177,773051
600048.SH,600048,20251209,93058190,1048520,,,S,64700,900,814177,774309
600048.SH,600048,20251209,93058250,1048950,,,B,64800,3000,691544,814430
600048.SH,600048,20251209,93058570,1050709,,,S,64700,600,815563,774309
600048.SH,600048,20251209,93058570,1050710,,,S,64700,1200,815563,776652
600048.SH,600048,20251209,93059530,1056098,,,B,64800,200,691544,818908
600048.SH,600048,20251209,93059730,1057106,,,S,64700,100,819507,776652
600048.SH,600048,20251209,93059800,1057518,,,S,64700,1700,819793,776652
600048.SH,600048,20251209,93059800,1057519,,,S,64700,100,819793,781101
600048.SH,600048,20251209,93059970,1058532,,,S,64700,900,820487,781101
600048.SH,600048,20251209,93059970,1058533,,,S,64700,200,820487,783047
600048.SH,600048,20251209,93059970,1058534,,,S,64700,500,820487,784562
600048.SH,600048,20251209,93059970,1058535,,,S,64700,200,820487,785844
600048.SH,600048,20251209,93101020,1067066,,,S,64700,600,826116,785844
600048.SH,600048,20251209,93101020,1067070,,,S,64700,100,826120,785844
600048.SH,600048,20251209,93101020,1067072,,,S,64700,200,826122,785844
600048.SH,600048,20251209,93101040,1067370,,,S,64700,200,826324,785844
600048.SH,600048,20251209,93101320,1069519,,,S,64700,700,827653,785844
600048.SH,600048,20251209,93101320,1069520,,,S,64700,7200,827653,786558
600048.SH,600048,20251209,93101320,1069521,,,S,64700,1700,827653,792567
600048.SH,600048,20251209,93101500,1070664,,,S,64700,2600,828403,792567
600048.SH,600048,20251209,93101500,1070665,,,S,64700,1000,828403,793483
600048.SH,600048,20251209,93101500,1070666,,,S,64700,3000,828403,797184
600048.SH,600048,20251209,93101500,1070667,,,S,64700,10100,828403,798234
600048.SH,600048,20251209,93101500,1070668,,,S,64700,200,828403,798297
600048.SH,600048,20251209,93101500,1070669,,,S,64700,7300,828403,801290
600048.SH,600048,20251209,93101500,1070670,,,S,64700,10000,828403,805904
600048.SH,600048,20251209,93101500,1070671,,,S,64700,5000,828403,806017
600048.SH,600048,20251209,93101500,1070672,,,S,64700,100,828403,806627
600048.SH,600048,20251209,93101500,1070673,,,S,64700,5700,828403,807099
600048.SH,600048,20251209,93101620,1071598,,,S,64700,600,828954,807099
600048.SH,600048,20251209,93101820,1072779,,,S,64700,700,829751,807099
600048.SH,600048,20251209,93101850,1072791,,,S,64700,400,829759,807099
600048.SH,600048,20251209,93101850,1072792,,,S,64700,300,829759,809608
600048.SH,600048,20251209,93102290,1075693,,,S,64700,4700,831638,809608
600048.SH,600048,20251209,93102290,1075694,,,S,64700,300,831638,810621
600048.SH,600048,20251209,93102290,1075695,,,S,64700,100,831638,813788
600048.SH,600048,20251209,93102290,1075696,,,S,64700,1600,831638,813825
600048.SH,600048,20251209,93102290,1075697,,,S,64700,1400,831638,815442
600048.SH,600048,20251209,93102290,1075698,,,S,64700,1000,831638,816684
600048.SH,600048,20251209,93102290,1075699,,,S,64700,200,831638,817667
600048.SH,600048,20251209,93102290,1075700,,,S,64700,100,831638,818387
600048.SH,600048,20251209,93102290,1075701,,,S,64700,600,831638,826520
600048.SH,600048,20251209,93102290,1075702,,,S,64700,4600,831638,829086
600048.SH,600048,20251209,93102520,1077168,,,B,64800,900,691544,832594
600048.SH,600048,20251209,93103120,1081059,,,S,64700,400,835172,829086
600048.SH,600048,20251209,93103120,1081060,,,S,64700,5600,835172,829785
600048.SH,600048,20251209,93103120,1081061,,,S,64700,300,835172,830404
600048.SH,600048,20251209,93103190,1081439,,,B,64700,100,835172,835448
600048.SH,600048,20251209,93103270,1082057,,,B,64700,2500,835172,835887
600048.SH,600048,20251209,93103270,1082061,,,B,64700,15500,835172,835888
600048.SH,600048,20251209,93103340,1082683,,,B,64700,5000,835172,836255
600048.SH,600048,20251209,93103360,1082798,,,B,64700,5000,835172,836326
600048.SH,600048,20251209,93103580,1084203,,,B,64700,1700,835172,837274
600048.SH,600048,20251209,93103890,1086217,,,B,64700,17500,835172,838547
600048.SH,600048,20251209,93104010,1086863,,,B,64700,900,835172,838928
600048.SH,600048,20251209,93104040,1087112,,,B,64700,100,835172,839101
600048.SH,600048,20251209,93104410,1089563,,,S,64600,1300,840637,4736
600048.SH,600048,20251209,93104410,1089564,,,S,64600,1000,840637,9640
600048.SH,600048,20251209,93104410,1089565,,,S,64600,5000,840637,15438
600048.SH,600048,20251209,93104410,1089566,,,S,64600,6900,840637,19253
600048.SH,600048,20251209,93104410,1089567,,,S,64600,2500,840637,23217
600048.SH,600048,20251209,93104550,1090185,,,B,64700,1800,835172,841071
600048.SH,600048,20251209,93104720,1091375,,,B,64700,20000,835172,841844
600048.SH,600048,20251209,93105650,1097572,,,B,64700,1000,835172,845819
600048.SH,600048,20251209,93105780,1098396,,,B,64700,500,835172,846367
600048.SH,600048,20251209,93106170,1100985,,,S,64600,600,847812,23217
600048.SH,600048,20251209,93106210,1101425,,,B,64700,800,835172,848061
600048.SH,600048,20251209,93106380,1103146,,,B,64700,1000,835172,848842
600048.SH,600048,20251209,93106690,1105047,,,B,64700,100,835172,849997
600048.SH,600048,20251209,93106860,1106445,,,B,64700,100,835172,850775
600048.SH,600048,20251209,93106970,1107289,,,B,64700,2000,835172,851282
600048.SH,600048,20251209,93107050,1107823,,,B,64700,500,835172,851590
600048.SH,600048,20251209,93107080,1107997,,,S,64600,200,851684,23657
600048.SH,600048,20251209,93107080,1108142,,,S,64600,300,851779,23657
600048.SH,600048,20251209,93107100,1108152,,,S,64600,400,851784,23657
600048.SH,600048,20251209,93107120,1108468,,,B,64700,3000,835172,851930
600048.SH,600048,20251209,93107550,1111438,,,S,64600,100,853662,23657
600048.SH,600048,20251209,93107550,1111439,,,S,64600,4100,853662,25326
600048.SH,600048,20251209,93107760,1112658,,,B,64700,1100,835172,854324
600048.SH,600048,20251209,93108180,1115500,,,S,64600,1000,855988,25326
600048.SH,600048,20251209,93108990,1120682,,,B,64700,900,835172,859250
600048.SH,600048,20251209,93109400,1123089,,,B,64700,500,835172,860831
600048.SH,600048,20251209,93109400,1123123,,,B,64700,1000,835172,860852
600048.SH,600048,20251209,93109660,1124860,,,B,64700,1700,835172,861994
600048.SH,600048,20251209,93109810,1125664,,,B,64700,1000,835172,862566
600048.SH,600048,20251209,93110030,1126972,,,B,64700,8400,835172,863423
600048.SH,600048,20251209,93110030,1126973,,,B,64700,4700,838260,863423
600048.SH,600048,20251209,93110660,1130844,,,S,64600,500,865872,25326
600048.SH,600048,20251209,93110810,1131479,,,S,64600,3700,866312,25326
600048.SH,600048,20251209,93110870,1132073,,,B,64700,100,838260,866654
600048.SH,600048,20251209,93111240,1134218,,,B,64700,4200,838260,867911
600048.SH,600048,20251209,93111240,1134219,,,B,64700,2500,838355,867911
600048.SH,600048,20251209,93111240,1134220,,,B,64700,1500,839250,867911
600048.SH,600048,20251209,93111240,1134221,,,B,64700,200,839252,867911
600048.SH,600048,20251209,93111240,1134222,,,B,64700,100,839256,867911
600048.SH,600048,20251209,93111240,1134223,,,B,64700,600,839266,867911
600048.SH,600048,20251209,93111240,1134224,,,B,64700,900,839267,867911
600048.SH,600048,20251209,93112090,1139290,,,S,64600,700,871159,25326
600048.SH,600048,20251209,93112090,1139291,,,S,64600,800,871159,35462
600048.SH,600048,20251209,93112090,1139292,,,S,64600,900,871159,46191
600048.SH,600048,20251209,93112250,1140571,,,S,64600,100,871883,46191
600048.SH,600048,20251209,93112250,1140572,,,S,64600,10500,871883,50325
600048.SH,600048,20251209,93112250,1140573,,,S,64600,500,871883,65360
600048.SH,600048,20251209,93112250,1140574,,,S,64600,2000,871883,66937
600048.SH,600048,20251209,93112250,1140586,,,S,64600,1100,871893,66937
600048.SH,600048,20251209,93112250,1140587,,,S,64600,100,871893,67782
600048.SH,600048,20251209,93112250,1140588,,,S,64600,1000,871893,74652
600048.SH,600048,20251209,93112250,1140589,,,S,64600,3000,871893,75705
600048.SH,600048,20251209,93112250,1140590,,,S,64600,200,871893,78087
600048.SH,600048,20251209,93112250,1140591,,,S,64600,600,871893,100848
600048.SH,600048,20251209,93112250,1140592,,,S,64600,1000,871893,101647
600048.SH,600048,20251209,93112250,1140593,,,S,64600,4000,871893,103578
600048.SH,600048,20251209,93112250,1140594,,,S,64600,300,871893,104353
600048.SH,600048,20251209,93112250,1140595,,,S,64600,900,871893,114249
600048.SH,600048,20251209,93112360,1141180,,,B,64700,200,839267,872282
600048.SH,600048,20251209,93112360,1141181,,,B,64700,7000,839355,872282
600048.SH,600048,20251209,93112610,1142744,,,B,64700,2800,839355,873354
600048.SH,600048,20251209,93112760,1143847,,,S,64600,300,874028,114249
600048.SH,600048,20251209,93112760,1143848,,,S,64600,700,874028,136718
600048.SH,600048,20251209,93113020,1145237,,,S,64600,1500,874956,136718
600048.SH,600048,20251209,93113020,1145239,,,S,64600,800,874958,136718
600048.SH,600048,20251209,93113020,1145240,,,S,64600,1100,874958,146196
600048.SH,600048,20251209,93113290,1146992,,,B,64700,3300,839355,876040
600048.SH,600048,20251209,93113330,1147323,,,S,64600,2000,876265,146196
600048.SH,600048,20251209,93113330,1147324,,,S,64600,1600,876265,149540
600048.SH,600048,20251209,93113330,1147325,,,S,64600,10000,876265,155150
600048.SH,600048,20251209,93113330,1147326,,,S,64600,10000,876265,158453
600048.SH,600048,20251209,93113330,1147327,,,S,64600,900,876265,161632
600048.SH,600048,20251209,93113330,1147328,,,S,64600,800,876265,165858
600048.SH,600048,20251209,93113330,1147329,,,S,64600,500,876265,166622
600048.SH,600048,20251209,93113330,1147330,,,S,64600,800,876265,178486
600048.SH,600048,20251209,93113330,1147331,,,S,64600,2500,876265,180063
600048.SH,600048,20251209,93113330,1147332,,,S,64600,6100,876265,180650
600048.SH,600048,20251209,93113330,1147333,,,S,64600,100,876265,182536
600048.SH,600048,20251209,93113330,1147334,,,S,64600,4700,876265,185484
600048.SH,600048,20251209,93113350,1147516,,,S,64600,7300,876389,185484
600048.SH,600048,20251209,93113350,1147517,,,S,64600,2000,876389,188447
600048.SH,600048,20251209,93113350,1147518,,,S,64600,100,876389,197716
600048.SH,600048,20251209,93113350,1147519,,,S,64600,300,876389,204557
600048.SH,600048,20251209,93113350,1147520,,,S,64600,800,876389,213480
600048.SH,600048,20251209,93113350,1147521,,,S,64600,400,876389,214375
600048.SH,600048,20251209,93113350,1147522,,,S,64600,200,876389,215060
600048.SH,600048,20251209,93114490,1153904,,,B,64700,200,839355,880388
600048.SH,600048,20251209,93114670,1154835,,,S,64600,4100,880980,215060
600048.SH,600048,20251209,93115190,1157205,,,S,64600,800,882568,215060
600048.SH,600048,20251209,93115260,1157831,,,S,64600,1100,882926,215060
600048.SH,600048,20251209,93115260,1157832,,,S,64600,200,882926,221378
600048.SH,600048,20251209,93115440,1159138,,,S,64600,900,883658,221378
600048.SH,600048,20251209,93115440,1159139,,,S,64600,100,883658,226915
600048.SH,600048,20251209,93115490,1159464,,,B,64700,2100,839355,883887
600048.SH,600048,20251209,93115490,1159465,,,B,64700,700,839506,883887
600048.SH,600048,20251209,93115960,1162104,,,B,64700,300,839506,885550
600048.SH,600048,20251209,93115960,1162105,,,B,64700,3300,839539,885550
600048.SH,600048,20251209,93115960,1162106,,,B,64700,100,839954,885550
600048.SH,600048,20251209,93115960,1162107,,,B,64700,1100,840522,885550
600048.SH,600048,20251209,93116120,1162963,,,S,64600,300,886165,226915
600048.SH,600048,20251209,93116190,1163288,,,B,64700,1000,840522,886381
600048.SH,600048,20251209,93116260,1163815,,,B,64700,1200,840522,886670
600048.SH,600048,20251209,93116290,1163926,,,S,64600,600,886750,226915
600048.SH,600048,20251209,93116290,1163927,,,S,64600,3000,886750,230356
600048.SH,600048,20251209,93116290,1163928,,,S,64600,400,886750,231968
600048.SH,600048,20251209,93116340,1164113,,,S,64600,600,886866,231968
600048.SH,600048,20251209,93116340,1164114,,,S,64600,300,886866,237142
600048.SH,600048,20251209,93116340,1164115,,,S,64600,200,886866,246251
600048.SH,600048,20251209,93116340,1164116,,,S,64600,100,886866,248286
600048.SH,600048,20251209,93116340,1164117,,,S,64600,1600,886866,248788
600048.SH,600048,20251209,93116340,1164118,,,S,64600,500,886866,254569
600048.SH,600048,20251209,93116340,1164119,,,S,64600,3000,886866,256739
600048.SH,600048,20251209,93116540,1165229,,,S,64600,2000,887578,256739
600048.SH,600048,20251209,93116620,1165701,,,B,64700,100,840522,887860
600048.SH,600048,20251209,93116850,1167078,,,S,64600,500,888693,261595
600048.SH,600048,20251209,93116900,1167481,,,S,64600,500,888903,261595
600048.SH,600048,20251209,93116900,1167482,,,S,64600,5000,888903,264925
600048.SH,600048,20251209,93116900,1167483,,,S,64600,2000,888903,269372
600048.SH,600048,20251209,93116900,1167484,,,S,64600,300,888903,277383
600048.SH,600048,20251209,93116900,1167485,,,S,64600,400,888903,283671
600048.SH,600048,20251209,93117400,1170453,,,B,64700,700,840522,890706
600048.SH,600048,20251209,93117490,1170929,,,B,64700,1100,840522,891002
600048.SH,600048,20251209,93117710,1172339,,,B,64700,900,840522,891934
600048.SH,600048,20251209,93117810,1172943,,,B,64700,10000,840522,892286
600048.SH,600048,20251209,93118410,1176324,,,S,64600,400,894375,283671
600048.SH,600048,20251209,93118410,1176325,,,S,64600,2000,894375,285126
600048.SH,600048,20251209,93118410,1176326,,,S,64600,5000,894375,293145
600048.SH,600048,20251209,93118410,1176327,,,S,64600,1000,894375,301549
600048.SH,600048,20251209,93118410,1176328,,,S,64600,200,894375,302536
600048.SH,600048,20251209,93118410,1176329,,,S,64600,500,894375,311519
600048.SH,600048,20251209,93118410,1176330,,,S,64600,300,894375,312595
600048.SH,600048,20251209,93118410,1176331,,,S,64600,1500,894375,314037
600048.SH,600048,20251209,93118410,1176332,,,S,64600,3000,894375,316269
600048.SH,600048,20251209,93118410,1176333,,,S,64600,800,894375,324184
600048.SH,600048,20251209,93118620,1177619,,,B,64700,3000,840522,895220
600048.SH,600048,20251209,93119030,1180518,,,B,64700,1200,840522,897094
600048.SH,600048,20251209,93119030,1180519,,,B,64700,1600,840522,897095
600048.SH,600048,20251209,93119110,1180978,,,B,64700,900,840522,897445
600048.SH,600048,20251209,93119650,1184678,,,S,64600,900,899740,324184
600048.SH,600048,20251209,93120340,1188282,,,B,64700,500,840522,902057
600048.SH,600048,20251209,93121390,1194637,,,B,64700,500,840522,906032
600048.SH,600048,20251209,93121770,1196843,,,S,64600,300,907461,324184
600048.SH,600048,20251209,93121770,1196844,,,S,64600,500,907461,338033
600048.SH,600048,20251209,93122320,1199994,,,S,64600,5200,909490,338033
600048.SH,600048,20251209,93122730,1202399,,,B,64700,1000,840522,911047
600048.SH,600048,20251209,93122840,1203070,,,S,64600,1400,911470,338033
600048.SH,600048,20251209,93122940,1203518,,,S,64600,2900,911781,338033
600048.SH,600048,20251209,93122940,1203519,,,S,64600,6000,911781,344754
600048.SH,600048,20251209,93122940,1203520,,,S,64600,4500,911781,345066
600048.SH,600048,20251209,93124500,1212554,,,S,64600,500,917441,345066
600048.SH,600048,20251209,93124500,1212555,,,S,64600,200,917441,353973
600048.SH,600048,20251209,93124840,1214548,,,B,64700,1400,840522,918779
600048.SH,600048,20251209,93124840,1214549,,,B,64700,1600,840736,918779
600048.SH,600048,20251209,93125100,1216111,,,B,64700,4500,840736,919846
600048.SH,600048,20251209,93125100,1216112,,,B,64700,5300,840736,919847
600048.SH,600048,20251209,93125100,1216113,,,B,64700,5200,840736,919848
600048.SH,600048,20251209,93125100,1216114,,,B,64700,2800,841278,919848
600048.SH,600048,20251209,93125100,1216115,,,B,64700,8200,841278,919849
600048.SH,600048,20251209,93125100,1216119,,,B,64700,7700,841278,919853
600048.SH,600048,20251209,93125100,1216120,,,B,64700,34700,841278,919854
600048.SH,600048,20251209,93125100,1216121,,,B,64700,5900,841278,919855
600048.SH,600048,20251209,93125100,1216123,,,B,64700,9400,841278,919857
600048.SH,600048,20251209,93125100,1216126,,,B,64700,8600,841278,919858
600048.SH,600048,20251209,93125100,1216127,,,B,64700,4000,841278,919859
600048.SH,600048,20251209,93125100,1216129,,,B,64700,8600,841278,919860
600048.SH,600048,20251209,93125100,1216130,,,B,64700,800,841705,919860
600048.SH,600048,20251209,93125100,1216131,,,B,64700,400,842972,919860
600048.SH,600048,20251209,93125100,1216132,,,B,64700,600,842972,919861
600048.SH,600048,20251209,93125100,1216133,,,B,64700,100,844725,919861
600048.SH,600048,20251209,93125100,1216134,,,B,64700,700,844747,919861
600048.SH,600048,20251209,93125100,1216135,,,B,64700,1200,846675,919861
600048.SH,600048,20251209,93125100,1216136,,,B,64700,300,847609,919861
600048.SH,600048,20251209,93125100,1216137,,,B,64700,100,851292,919861
600048.SH,600048,20251209,93125100,1216138,,,B,64700,200,851735,919861
600048.SH,600048,20251209,93125100,1216139,,,B,64700,300,851789,919861
600048.SH,600048,20251209,93125100,1216140,,,B,64700,600,851797,919861
600048.SH,600048,20251209,93125100,1216141,,,B,64700,200,851798,919861
600048.SH,600048,20251209,93125100,1216142,,,B,64700,3400,851905,919861
600048.SH,600048,20251209,93125100,1216143,,,B,64700,9000,851905,919862
600048.SH,600048,20251209,93125100,1216145,,,B,64700,1800,851905,919864
600048.SH,600048,20251209,93125100,1216152,,,B,64700,4000,851905,919866
600048.SH,600048,20251209,93125100,1216158,,,B,64700,2900,851905,919872
600048.SH,600048,20251209,93125100,1216159,,,B,64700,2200,852335,919872
600048.SH,600048,20251209,93125100,1216160,,,B,64700,500,852473,919872
600048.SH,600048,20251209,93125100,1216161,,,B,64700,2000,857295,919872
600048.SH,600048,20251209,93125100,1216162,,,B,64700,2800,859895,919872
600048.SH,600048,20251209,93125100,1216163,,,B,64700,1700,861115,919872
600048.SH,600048,20251209,93125800,1219946,,,B,64700,1700,861115,922250
600048.SH,600048,20251209,93125800,1219947,,,B,64700,400,861978,922250
600048.SH,600048,20251209,93126180,1221879,,,S,64600,800,923547,353973
600048.SH,600048,20251209,93126180,1221880,,,S,64600,1200,923547,354938
600048.SH,600048,20251209,93126240,1222442,,,B,64700,1200,861978,923829
600048.SH,600048,20251209,93126440,1223908,,,B,64700,300,861978,924786
600048.SH,600048,20251209,93126500,1224193,,,B,64700,200,861978,924982
600048.SH,600048,20251209,93126560,1224619,,,S,64600,1400,925307,354938
600048.SH,600048,20251209,93126800,1225988,,,B,64700,2500,861978,926179
600048.SH,600048,20251209,93126800,1225989,,,B,64700,2500,863483,926179
600048.SH,600048,20251209,93127060,1227425,,,B,64700,200,863483,927079
600048.SH,600048,20251209,93128040,1233001,,,B,64700,1100,863483,930545
600048.SH,600048,20251209,93128070,1233144,,,S,64600,100,930653,354938
600048.SH,600048,20251209,93128120,1233635,,,S,64600,5000,930926,354938
600048.SH,600048,20251209,93128690,1236564,,,S,64600,900,932856,354938
600048.SH,600048,20251209,93129090,1238832,,,S,64600,1500,934399,354938
600048.SH,600048,20251209,93130170,1244868,,,B,64700,4600,863483,938228
600048.SH,600048,20251209,93130170,1244869,,,B,64700,4600,865860,938228
600048.SH,600048,20251209,93130280,1245398,,,B,64700,9200,865860,938593
600048.SH,600048,20251209,93130480,1246493,,,B,64700,10100,865860,939282
600048.SH,600048,20251209,93131010,1249737,,,B,64700,4500,865860,941252
600048.SH,600048,20251209,93131010,1249738,,,B,64700,200,870577,941252
600048.SH,600048,20251209,93131010,1249739,,,B,64700,3500,871424,941252
600048.SH,600048,20251209,93131010,1249741,,,B,64700,200,871424,941254
600048.SH,600048,20251209,93131010,1249742,,,B,64700,300,872751,941254
600048.SH,600048,20251209,93131010,1249743,,,B,64700,1900,872751,941255
600048.SH,600048,20251209,93131010,1249744,,,B,64700,1000,872751,941256
600048.SH,600048,20251209,93131010,1249745,,,B,64700,200,872751,941257
600048.SH,600048,20251209,93131010,1249746,,,B,64700,600,872751,941258
600048.SH,600048,20251209,93131010,1249747,,,B,64700,600,873366,941258
600048.SH,600048,20251209,93131010,1249748,,,B,64700,300,873368,941258
600048.SH,600048,20251209,93131010,1249749,,,B,64700,100,873368,941259
600048.SH,600048,20251209,93131010,1249750,,,B,64700,100,873469,941259
600048.SH,600048,20251209,93131010,1249751,,,B,64700,100,875105,941259
600048.SH,600048,20251209,93131010,1249752,,,B,64700,100,878371,941259
600048.SH,600048,20251209,93131010,1249753,,,B,64700,200,878371,941260
600048.SH,600048,20251209,93131010,1249755,,,B,64700,500,878371,941262
600048.SH,600048,20251209,93131010,1249757,,,B,64700,600,878371,941264
600048.SH,600048,20251209,93131010,1249758,,,B,64700,600,878371,941265
600048.SH,600048,20251209,93131010,1249761,,,B,64700,800,878371,941267
600048.SH,600048,20251209,93131010,1249790,,,B,64700,3200,878371,941281
600048.SH,600048,20251209,93131010,1249791,,,B,64700,1400,879579,941281
600048.SH,600048,20251209,93131010,1249792,,,B,64700,2600,884260,941281
600048.SH,600048,20251209,93131010,1249793,,,B,64700,2000,886852,941281
600048.SH,600048,20251209,93131010,1249794,,,B,64700,700,892040,941281
600048.SH,600048,20251209,93131100,1250190,,,B,64700,200,892040,941530
600048.SH,600048,20251209,93131100,1250191,,,B,64700,100,898340,941530
600048.SH,600048,20251209,93131100,1250192,,,B,64700,100,899054,941530
600048.SH,600048,20251209,93131100,1250193,,,B,64700,4400,901430,941530
600048.SH,600048,20251209,93131100,1250194,,,B,64700,4100,901430,941531
600048.SH,600048,20251209,93131100,1250203,,,B,64700,400,901430,941537
600048.SH,600048,20251209,93131460,1252336,,,B,64700,700,901430,942881
600048.SH,600048,20251209,93131600,1253029,,,B,64700,15700,901430,943296
600048.SH,600048,20251209,93131700,1253548,,,B,64700,4000,901430,943646
600048.SH,600048,20251209,93131790,1254055,,,B,64700,300,901430,943973
600048.SH,600048,20251209,93132050,1255683,,,B,64700,1700,901430,944991
600048.SH,600048,20251209,93132280,1257104,,,B,64700,900,901430,945831
600048.SH,600048,20251209,93132390,1257689,,,B,64700,100,901430,946218
600048.SH,600048,20251209,93132420,1257819,,,B,64700,3000,901430,946288
600048.SH,600048,20251209,93132550,1258569,,,B,64700,400,901430,946791
600048.SH,600048,20251209,93132760,1259616,,,B,64700,5300,901430,947482
600048.SH,600048,20251209,93132760,1259617,,,B,64700,2400,903540,947482
600048.SH,600048,20251209,93132760,1259618,,,B,64700,2300,904806,947482
600048.SH,600048,20251209,93132790,1259638,,,B,64700,13700,904806,947494
600048.SH,600048,20251209,93133070,1261194,,,B,64700,500,904806,948536
600048.SH,600048,20251209,93133290,1262313,,,B,64700,1900,904806,949293
600048.SH,600048,20251209,93135070,1272366,,,B,64700,3000,904806,955415
600048.SH,600048,20251209,93135100,1272540,,,B,64700,7800,904806,955530
600048.SH,600048,20251209,93135100,1272541,,,B,64700,6600,920317,955530
600048.SH,600048,20251209,93135350,1274017,,,B,64700,4000,920317,956449
600048.SH,600048,20251209,93135350,1274042,,,B,64700,5000,920317,956465
600048.SH,600048,20251209,93135420,1274431,,,B,64700,4400,920317,956655
600048.SH,600048,20251209,93135420,1274432,,,B,64700,10600,929206,956655
600048.SH,600048,20251209,93135590,1275424,,,B,64700,253200,929206,957234
600048.SH,600048,20251209,93135590,1275443,,,B,64700,44900,929206,957250
600048.SH,600048,20251209,93135650,1275668,,,B,64700,800,929206,957393
600048.SH,600048,20251209,93135650,1275702,,,B,64700,9700,929206,957422
600048.SH,600048,20251209,93135730,1276078,,,B,64700,1800,929206,957662
600048.SH,600048,20251209,93136220,1278502,,,S,64600,300,959177,354938
600048.SH,600048,20251209,93136270,1278697,,,S,64600,9600,959308,354938
600048.SH,600048,20251209,93136270,1278698,,,S,64600,1400,959308,355129
600048.SH,600048,20251209,93136270,1278699,,,S,64600,5000,959308,389542
600048.SH,600048,20251209,93136270,1278700,,,S,64600,5300,959308,389746
600048.SH,600048,20251209,93136370,1279228,,,B,64700,4900,929206,959672
600048.SH,600048,20251209,93136370,1279229,,,B,64700,100,930607,959672
600048.SH,600048,20251209,93136730,1281769,,,S,64600,1400,961136,389746
600048.SH,600048,20251209,93136860,1282462,,,B,64700,100,930607,961582
600048.SH,600048,20251209,93136860,1282463,,,B,64700,3400,930644,961582
600048.SH,600048,20251209,93136860,1282464,,,B,64700,4900,930715,961582
600048.SH,600048,20251209,93136860,1282465,,,B,64700,6000,934773,961582
600048.SH,600048,20251209,93136890,1282645,,,B,64700,1500,934773,961684
600048.SH,600048,20251209,93136920,1282886,,,S,64600,600,961849,389746
600048.SH,600048,20251209,93137000,1283447,,,B,64700,15000,934773,962151
600048.SH,600048,20251209,93137000,1283457,,,B,64700,2500,934773,962156
600048.SH,600048,20251209,93137000,1283458,,,B,64700,300,937702,962156
600048.SH,600048,20251209,93137000,1283459,,,B,64700,900,941660,962156
600048.SH,600048,20251209,93137000,1283460,,,B,64700,3000,947500,962156
600048.SH,600048,20251209,93137000,1283461,,,B,64700,3200,949185,962156
600048.SH,600048,20251209,93137000,1283462,,,B,64700,1000,952034,962156
600048.SH,600048,20251209,93137000,1283463,,,B,64700,3000,955438,962156
600048.SH,600048,20251209,93137000,1283464,,,B,64700,25100,958168,962156
600048.SH,600048,20251209,93137000,1283465,,,B,64700,100,958168,962157
600048.SH,600048,20251209,93137000,1283466,,,B,64700,100,958168,962158
600048.SH,600048,20251209,93137030,1283553,,,B,64700,1300,958168,962212
600048.SH,600048,20251209,93137030,1283554,,,B,64700,100,958168,962213
600048.SH,600048,20251209,93137030,1283555,,,B,64700,100,958168,962214
600048.SH,600048,20251209,93137030,1283556,,,B,64700,600,958168,962215
600048.SH,600048,20251209,93137030,1283557,,,B,64700,800,958168,962216
600048.SH,600048,20251209,93137030,1283560,,,B,64700,1000,958168,962219
600048.SH,600048,20251209,93137030,1283561,,,B,64700,2000,959038,962219
600048.SH,600048,20251209,93137030,1283562,,,B,64700,11200,960239,962219
600048.SH,600048,20251209,93137030,1283563,,,B,64700,100,960239,962220
600048.SH,600048,20251209,93137030,1283570,,,B,64700,1100,960239,962225
600048.SH,600048,20251209,93137030,1283572,,,B,64700,100,960239,962227
600048.SH,600048,20251209,93137050,1283852,,,S,64700,100,962449,962232
600048.SH,600048,20251209,93137050,1283853,,,S,64700,1100,962449,962236
600048.SH,600048,20251209,93137050,1283854,,,S,64700,100,962449,962246
600048.SH,600048,20251209,93137050,1283855,,,S,64700,2800,962449,962252
600048.SH,600048,20251209,93138030,1289417,,,S,64700,400,966012,962252
600048.SH,600048,20251209,93138030,1289418,,,S,64700,600,966012,962256
600048.SH,600048,20251209,93138030,1289419,,,S,64700,100,966012,962262
600048.SH,600048,20251209,93138030,1289420,,,S,64700,10000,966012,962278
600048.SH,600048,20251209,93138640,1293469,,,S,64700,3700,968573,962278
600048.SH,600048,20251209,93138870,1294841,,,S,64700,2600,969539,962278
600048.SH,600048,20251209,93139080,1296111,,,S,64700,2700,970258,962278
600048.SH,600048,20251209,93139320,1297420,,,S,64700,2800,971116,962278
600048.SH,600048,20251209,93140070,1302814,,,B,64800,200,694508,974507
600048.SH,600048,20251209,93140070,1302815,,,B,64800,200,694509,974507
600048.SH,600048,20251209,93140070,1302816,,,B,64800,900,704805,974507
600048.SH,600048,20251209,93140070,1302817,,,B,64800,100,720828,974507
600048.SH,600048,20251209,93140070,1302818,,,B,64800,2700,721308,974507
600048.SH,600048,20251209,93140070,1302819,,,B,64800,100,722211,974507
600048.SH,600048,20251209,93140070,1302820,,,B,64800,400,730530,974507
600048.SH,600048,20251209,93140070,1302821,,,B,64800,1300,736593,974507
600048.SH,600048,20251209,93140070,1302822,,,B,64800,100,740254,974507
600048.SH,600048,20251209,93140070,1302823,,,B,64800,100,742785,974507
600048.SH,600048,20251209,93140070,1302824,,,B,64800,100,745430,974507
600048.SH,600048,20251209,93140070,1302825,,,B,64800,100,748329,974507
600048.SH,600048,20251209,93140070,1302826,,,B,64800,100,759280,974507
600048.SH,600048,20251209,93140070,1302827,,,B,64800,3100,759849,974507
600048.SH,600048,20251209,93140070,1302828,,,B,64800,2800,762999,974507
600048.SH,600048,20251209,93140100,1303077,,,B,64800,2200,762999,974647
600048.SH,600048,20251209,93140100,1303078,,,B,64800,200,767367,974647
600048.SH,600048,20251209,93140100,1303079,,,B,64800,400,767381,974647
600048.SH,600048,20251209,93140100,1303080,,,B,64800,100,771315,974647
600048.SH,600048,20251209,93140100,1303081,,,B,64800,800,771457,974647
600048.SH,600048,20251209,93140100,1303082,,,B,64800,100,781838,974647
600048.SH,600048,20251209,93140100,1303083,,,B,64800,500,782794,974647
600048.SH,600048,20251209,93140100,1303084,,,B,64800,700,785417,974647
600048.SH,600048,20251209,93140660,1306600,,,B,64800,300,785417,976933
600048.SH,600048,20251209,93140660,1306601,,,B,64800,17800,786388,976933
600048.SH,600048,20251209,93141170,1310199,,,B,64800,700,786388,979369
600048.SH,600048,20251209,93141170,1310224,,,B,64800,8600,786388,979380
600048.SH,600048,20251209,93141170,1310225,,,B,64800,100,788064,979380
600048.SH,600048,20251209,93141170,1310226,,,B,64800,2000,793709,979380
600048.SH,600048,20251209,93141170,1310227,,,B,64800,2700,796660,979380
600048.SH,600048,20251209,93141170,1310229,,,B,64800,4400,796660,979382
600048.SH,600048,20251209,93141170,1310230,,,B,64800,500,798316,979382
600048.SH,600048,20251209,93141170,1310249,,,B,64800,300,798316,979396
600048.SH,600048,20251209,93141370,1311687,,,B,64800,700,798316,980356
600048.SH,600048,20251209,93141520,1312550,,,B,64800,3900,798316,980858
600048.SH,600048,20251209,93141600,1313086,,,B,64800,700,798316,981154
600048.SH,600048,20251209,93141600,1313087,,,B,64800,700,798316,981155
600048.SH,600048,20251209,93141600,1313148,,,S,64700,1300,981203,962278
600048.SH,600048,20251209,93141620,1313477,,,B,64800,1100,798316,981414
600048.SH,600048,20251209,93141620,1313490,,,B,64800,2100,798316,981425
600048.SH,600048,20251209,93141620,1313491,,,B,64800,900,800783,981425
600048.SH,600048,20251209,93141720,1314061,,,B,64800,100,800783,981790
600048.SH,600048,20251209,93141720,1314062,,,B,64800,600,803184,981790
600048.SH,600048,20251209,93141900,1315151,,,S,64700,100,982490,962278
600048.SH,600048,20251209,93141950,1315336,,,B,64800,700,803184,982606
600048.SH,600048,20251209,93141950,1315338,,,B,64800,700,803184,982608
600048.SH,600048,20251209,93142160,1316563,,,S,64700,22100,983328,962278
600048.SH,600048,20251209,93142160,1316564,,,S,64700,5100,983329,962278
600048.SH,600048,20251209,93142160,1316570,,,S,64700,24400,983332,962278
600048.SH,600048,20251209,93142190,1316860,,,S,64700,100,983514,962278
600048.SH,600048,20251209,93142380,1318186,,,B,64800,12300,803184,984295
600048.SH,600048,20251209,93142530,1319066,,,S,64700,500,984880,962278
600048.SH,600048,20251209,93142600,1319842,,,B,64800,100,803184,985201
600048.SH,600048,20251209,93142680,1320320,,,S,64700,1500,985487,962278
600048.SH,600048,20251209,93142680,1320321,,,S,64700,200,985487,962282
600048.SH,600048,20251209,93142680,1320322,,,S,64700,400,985487,962283
600048.SH,600048,20251209,93142680,1320323,,,S,64700,100,985487,962287
600048.SH,600048,20251209,93142680,1320324,,,S,64700,200,985487,962289
600048.SH,600048,20251209,93142680,1320325,,,S,64700,3800,985487,962290
600048.SH,600048,20251209,93142680,1320326,,,S,64700,100,985487,962291
600048.SH,600048,20251209,93142680,1320327,,,S,64700,100,985487,962293
600048.SH,600048,20251209,93142680,1320328,,,S,64700,100,985487,962294
600048.SH,600048,20251209,93142680,1320329,,,S,64700,100,985487,962297
600048.SH,600048,20251209,93142680,1320330,,,S,64700,300,985487,962298
600048.SH,600048,20251209,93142680,1320331,,,S,64700,700,985487,962299
600048.SH,600048,20251209,93142860,1321810,,,S,64700,200,986355,962299
600048.SH,600048,20251209,93142860,1321811,,,S,64700,300,986355,962300
600048.SH,600048,20251209,93142860,1321812,,,S,64700,1000,986355,962301
600048.SH,600048,20251209,93143340,1324899,,,S,64700,100,988070,962649
600048.SH,600048,20251209,93143340,1324900,,,S,64700,1000,988070,962944
600048.SH,600048,20251209,93143340,1324901,,,S,64700,10000,988070,963886
600048.SH,600048,20251209,93143340,1324902,,,S,64700,5300,988070,964888
600048.SH,600048,20251209,93143340,1324903,,,S,64700,1900,988070,965173
600048.SH,600048,20251209,93143440,1325662,,,B,64800,1100,803184,988483
600048.SH,600048,20251209,93143470,1325764,,,B,64800,10000,803184,988530
600048.SH,600048,20251209,93143810,1328287,,,B,64800,400,803184,990057
600048.SH,600048,20251209,93144410,1332370,,,B,64800,300,803184,992646
600048.SH,600048,20251209,93145190,1337581,,,S,64700,1900,995690,965173
600048.SH,600048,20251209,93145670,1341120,,,S,64700,8000,997689,965173
600048.SH,600048,20251209,93146040,1343190,,,S,64700,5000,998945,965173
600048.SH,600048,20251209,93146040,1343251,,,B,64800,11900,803184,998981
600048.SH,600048,20251209,93146450,1346295,,,B,64800,11900,803184,1000694
600048.SH,600048,20251209,93146450,1346296,,,B,64800,100,806391,1000694
600048.SH,600048,20251209,93146450,1346297,,,B,64800,8000,814574,1000694
600048.SH,600048,20251209,93146450,1346467,,,S,64700,1300,1000776,965173
600048.SH,600048,20251209,93146490,1346840,,,B,64800,1000,814574,1000974
600048.SH,600048,20251209,93146490,1346841,,,B,64800,700,826105,1000974
600048.SH,600048,20251209,93146490,1346842,,,B,64800,2200,844450,1000974
600048.SH,600048,20251209,93146740,1348415,,,B,64800,100,844450,1001876
600048.SH,600048,20251209,93146820,1349038,,,B,64800,400,844450,1002223
600048.SH,600048,20251209,93146850,1349115,,,B,64800,1000,844450,1002261
600048.SH,600048,20251209,93146900,1349426,,,B,64800,4300,844450,1002436
600048.SH,600048,20251209,93146900,1349436,,,S,64700,6500,1002441,965173
600048.SH,600048,20251209,93147370,1353062,,,B,64800,800,844450,1004610
600048.SH,600048,20251209,93147450,1353588,,,S,64700,700,1004891,965173
600048.SH,600048,20251209,93147450,1353589,,,S,64700,9900,1004891,966367
600048.SH,600048,20251209,93147450,1353590,,,S,64700,4000,1004891,967193
600048.SH,600048,20251209,93147450,1353591,,,S,64700,6100,1004891,967311
600048.SH,600048,20251209,93147790,1355765,,,B,64800,3900,844450,1006161
600048.SH,600048,20251209,93148630,1361108,,,B,64800,500,844450,1009362
600048.SH,600048,20251209,93148850,1362610,,,S,64700,8200,1010215,967311
600048.SH,600048,20251209,93149620,1367454,,,B,64800,13900,844450,1013196
600048.SH,600048,20251209,93149620,1367455,,,B,64800,600,861021,1013196
600048.SH,600048,20251209,93149820,1368446,,,B,64800,400,861021,1013788
600048.SH,600048,20251209,93149820,1368534,,,S,64700,700,1013834,967311
600048.SH,600048,20251209,93150320,1371747,,,S,64700,800,1015763,967311
600048.SH,600048,20251209,93150980,1375443,,,B,64800,4200,861021,1018120
600048.SH,600048,20251209,93150980,1375444,,,B,64800,16400,900455,1018120
600048.SH,600048,20251209,93151200,1376536,,,B,64800,200,900455,1018802
600048.SH,600048,20251209,93151200,1376537,,,B,64800,6000,901159,1018802
600048.SH,600048,20251209,93151200,1376538,,,B,64800,900,963401,1018802
600048.SH,600048,20251209,93151200,1376539,,,B,64800,1100,974601,1018802
600048.SH,600048,20251209,93151200,1376540,,,B,64800,100,984488,1018802
600048.SH,600048,20251209,93151200,1376541,,,B,64800,5800,990448,1018802
600048.SH,600048,20251209,93151360,1377484,,,B,64800,4000,990448,1019437
600048.SH,600048,20251209,93151360,1377487,,,B,64800,400,990448,1019439
600048.SH,600048,20251209,93151360,1377499,,,B,64800,1600,990448,1019448
600048.SH,600048,20251209,93151730,1379739,,,B,64800,1900,990448,1020857
600048.SH,600048,20251209,93151730,1379740,,,B,64800,2300,993952,1020857
600048.SH,600048,20251209,93151730,1379741,,,B,64800,4800,997056,1020857
600048.SH,600048,20251209,93151730,1379742,,,B,64800,800,999108,1020857
600048.SH,600048,20251209,93151730,1379743,,,B,64800,4400,1000007,1020857
600048.SH,600048,20251209,93151730,1379744,,,B,64800,100,1007167,1020857
600048.SH,600048,20251209,93151730,1379745,,,B,64800,39600,1008714,1020857
600048.SH,600048,20251209,93151880,1380619,,,S,64700,1500,1021393,967311
600048.SH,600048,20251209,93152020,1381441,,,B,64800,1300,1008714,1021936
600048.SH,600048,20251209,93152260,1382678,,,B,64800,100,1008714,1022762
600048.SH,600048,20251209,93152260,1382693,,,B,64800,100,1008714,1022765
600048.SH,600048,20251209,93152330,1382993,,,B,64800,10000,1008714,1022965
600048.SH,600048,20251209,93152410,1383417,,,B,64800,4000,1008714,1023228
600048.SH,600048,20251209,93152530,1384127,,,B,64800,4200,1008714,1023645
600048.SH,600048,20251209,93152530,1384167,,,B,64800,100,1008714,1023678
600048.SH,600048,20251209,93152530,1384170,,,B,64800,100,1008714,1023680
600048.SH,600048,20251209,93152620,1384559,,,S,64700,2000,1023948,967311
600048.SH,600048,20251209,93152800,1385544,,,B,64800,400,1008714,1024597
600048.SH,600048,20251209,93152830,1385579,,,B,64800,100,1008714,1024622
600048.SH,600048,20251209,93152950,1386302,,,B,64800,2000,1008714,1025100
600048.SH,600048,20251209,93153010,1386485,,,B,64800,100,1008714,1025220
600048.SH,600048,20251209,93153270,1387994,,,B,64800,1000,1008714,1026110
600048.SH,600048,20251209,93153470,1389117,,,B,64800,4000,1008714,1026871
600048.SH,600048,20251209,93153520,1389274,,,B,64800,1000,1008714,1026972
600048.SH,600048,20251209,93153670,1389875,,,B,64800,1500,1008714,1027352
600048.SH,600048,20251209,93153690,1390008,,,B,64800,20700,1008714,1027431
600048.SH,600048,20251209,93153830,1390823,,,B,64800,1000,1008714,1027959
600048.SH,600048,20251209,93153830,1390826,,,B,64800,1000,1008714,1027961
600048.SH,600048,20251209,93154040,1391882,,,B,64800,1000,1008714,1028654
600048.SH,600048,20251209,93154440,1394054,,,S,64700,11000,1029988,967311
600048.SH,600048,20251209,93154650,1395064,,,B,64800,36700,1008714,1030631
600048.SH,600048,20251209,93154680,1395141,,,S,64700,5200,1030684,967311
600048.SH,600048,20251209,93154680,1395142,,,S,64700,8700,1030684,967421
600048.SH,600048,20251209,93154810,1396058,,,B,64800,200,1008714,1031210
600048.SH,600048,20251209,93154920,1396781,,,B,64800,10300,1008714,1031644
600048.SH,600048,20251209,93154980,1397056,,,B,64800,3000,1008714,1031802
600048.SH,600048,20251209,93155070,1397794,,,S,64700,2500,1032304,967421
600048.SH,600048,20251209,93155260,1398928,,,B,64800,1600,1008714,1032920
600048.SH,600048,20251209,93155400,1399842,,,B,64800,1100,1008714,1033430
600048.SH,600048,20251209,93155450,1400138,,,B,64800,4000,1008714,1033627
600048.SH,600048,20251209,93155510,1400426,,,B,64800,1600,1008714,1033812
600048.SH,600048,20251209,93155510,1400509,,,B,64800,4500,1008714,1033863
600048.SH,600048,20251209,93155760,1401585,,,B,64800,9300,1008714,1034540
600048.SH,600048,20251209,93155820,1402146,,,B,64800,1600,1008714,1034863
600048.SH,600048,20251209,93156010,1403092,,,B,64800,1600,1008714,1035414
600048.SH,600048,20251209,93156010,1403095,,,B,64800,1500,1008714,1035416
600048.SH,600048,20251209,93156010,1403097,,,B,64800,100,1008714,1035418
600048.SH,600048,20251209,93156150,1404132,,,B,64800,2900,1008714,1036062
600048.SH,600048,20251209,93156420,1405705,,,B,64800,19200,1008714,1036932
600048.SH,600048,20251209,93156420,1405803,,,B,64800,200,1008714,1036996
600048.SH,600048,20251209,93156470,1406099,,,B,64800,1000,1008714,1037167
600048.SH,600048,20251209,93156590,1406718,,,B,64800,4000,1008714,1037558
600048.SH,600048,20251209,93156590,1406719,,,B,64800,1100,1008714,1037559
600048.SH,600048,20251209,93157330,1410673,,,B,64800,300,1008714,1039982
600048.SH,600048,20251209,93157420,1411120,,,B,64800,200,1008714,1040223
600048.SH,600048,20251209,93157550,1411764,,,B,64800,18000,1008714,1040629
600048.SH,600048,20251209,93157550,1411765,,,B,64800,1600,1011382,1040629
600048.SH,600048,20251209,93157550,1411766,,,B,64800,2500,1013321,1040629
600048.SH,600048,20251209,93157550,1411767,,,B,64800,2300,1014598,1040629
600048.SH,600048,20251209,93157740,1412618,,,B,64800,3900,1014598,1041170
600048.SH,600048,20251209,93157740,1412619,,,B,64800,7500,1018030,1041170
600048.SH,600048,20251209,93157860,1413239,,,B,64800,1500,1018030,1041577
600048.SH,600048,20251209,93157880,1413385,,,B,64800,400,1018030,1041665
600048.SH,600048,20251209,93157880,1413386,,,B,64800,2600,1022083,1041665
600048.SH,600048,20251209,93157910,1413530,,,B,64800,200,1022083,1041763
600048.SH,600048,20251209,93157950,1413795,,,B,64800,600,1022083,1041932
600048.SH,600048,20251209,93158420,1416395,,,B,64800,600,1022083,1043554
600048.SH,600048,20251209,93158420,1416396,,,B,64800,2000,1028550,1043554
600048.SH,600048,20251209,93158420,1416397,,,B,64800,400,1030432,1043554
600048.SH,600048,20251209,93158780,1417977,,,B,64800,100,1030432,1044568
600048.SH,600048,20251209,93158840,1418187,,,B,64800,400,1030432,1044700
600048.SH,600048,20251209,93159130,1419609,,,B,64800,1100,1030432,1045545
600048.SH,600048,20251209,93159130,1419610,,,B,64800,1100,1032197,1045545
600048.SH,600048,20251209,93159130,1419611,,,B,64800,900,1032385,1045545
600048.SH,600048,20251209,93159280,1420400,,,B,64800,500,1032385,1046029
600048.SH,600048,20251209,93159470,1421366,,,B,64800,700,1032385,1046682
600048.SH,600048,20251209,93159510,1421591,,,B,64800,500,1032385,1046804
600048.SH,600048,20251209,93159540,1421617,,,B,64800,500,1032385,1046819
600048.SH,600048,20251209,93159590,1421899,,,B,64800,100,1032385,1046972
600048.SH,600048,20251209,93159610,1422048,,,B,64800,800,1032385,1047050
600048.SH,600048,20251209,93159610,1422049,,,B,64800,200,1033683,1047050
600048.SH,600048,20251209,93159780,1423148,,,B,64800,500,1033683,1047649
600048.SH,600048,20251209,93159810,1423152,,,B,64800,500,1033683,1047652
600048.SH,600048,20251209,93159970,1424064,,,B,64800,8100,1033683,1048236
600048.SH,600048,20251209,93159970,1424065,,,B,64800,1900,1040011,1048236
600048.SH,600048,20251209,93200000,1424212,,,B,64800,500,1040011,1048325
600048.SH,600048,20251209,93200000,1424232,,,B,64800,500,1040011,1048331
600048.SH,600048,20251209,93200310,1426343,,,B,64800,100,1040011,1049461
600048.SH,600048,20251209,93200310,1426344,,,B,64800,100,1042172,1049461
600048.SH,600048,20251209,93200310,1426345,,,B,64800,3000,1045198,1049461
600048.SH,600048,20251209,93200310,1426346,,,B,64800,100,1047236,1049461
600048.SH,600048,20251209,93201310,1433178,,,S,64800,2100,1053810,1049461
600048.SH,600048,20251209,93201310,1433179,,,S,64800,1200,1053810,1049540
600048.SH,600048,20251209,93201310,1433180,,,S,64800,19500,1053810,1049758
600048.SH,600048,20251209,93201470,1434286,,,B,64900,1300,505630,1054416
600048.SH,600048,20251209,93201470,1434287,,,B,64900,3000,515683,1054416
600048.SH,600048,20251209,93201470,1434288,,,B,64900,3900,515709,1054416
600048.SH,600048,20251209,93201470,1434289,,,B,64900,300,521321,1054416
600048.SH,600048,20251209,93201470,1434290,,,B,64900,200,521322,1054416
600048.SH,600048,20251209,93201470,1434291,,,B,64900,400,521324,1054416
600048.SH,600048,20251209,93201470,1434292,,,B,64900,700,521422,1054416
600048.SH,600048,20251209,93201470,1434293,,,B,64900,300,521876,1054416
600048.SH,600048,20251209,93201990,1437312,,,B,64900,100,521876,1056279
600048.SH,600048,20251209,93201990,1437313,,,B,64900,300,523657,1056279
600048.SH,600048,20251209,93203480,1446923,,,S,64800,5000,1062122,1050339
600048.SH,600048,20251209,93203720,1448531,,,S,64800,300,1063116,1050339
600048.SH,600048,20251209,93204470,1453023,,,S,64800,3000,1065973,1050339
600048.SH,600048,20251209,93205280,1458304,,,B,64900,6200,523657,1069165
600048.SH,600048,20251209,93205280,1458322,,,S,64800,1200,1069178,1050339
600048.SH,600048,20251209,93205970,1462890,,,S,64800,1000,1072225,1050339
600048.SH,600048,20251209,93207590,1472871,,,S,64800,500,1078344,1050339
600048.SH,600048,20251209,93207670,1473313,,,B,64900,800,523657,1078601
600048.SH,600048,20251209,93207670,1473316,,,S,64800,1300,1078604,1050339
600048.SH,600048,20251209,93208490,1478696,,,S,64800,3000,1081947,1050339
600048.SH,600048,20251209,93208490,1478705,,,S,64800,5000,1081952,1050339
600048.SH,600048,20251209,93208710,1479801,,,S,64800,4600,1082584,1050339
600048.SH,600048,20251209,93208900,1481141,,,B,64900,5100,523657,1083328
600048.SH,600048,20251209,93209990,1487891,,,B,64900,100,523657,1087344
600048.SH,600048,20251209,93210120,1488578,,,B,64900,1000,523657,1087817
600048.SH,600048,20251209,93210190,1488764,,,B,64900,300,523657,1087933
600048.SH,600048,20251209,93210660,1491384,,,B,64900,1700,523657,1089614
600048.SH,600048,20251209,93210660,1491385,,,B,64900,2600,548026,1089614
600048.SH,600048,20251209,93210660,1491386,,,B,64900,200,572180,1089614
600048.SH,600048,20251209,93210660,1491387,,,B,64900,500,577438,1089614
600048.SH,600048,20251209,93212790,1504790,,,S,64800,1200,1097900,1050339
600048.SH,600048,20251209,93212790,1504791,,,S,64800,200,1097900,1050432
