万得代码,交易所代码,自然日,时间,委托编号,交易所委托号,委托类型,委托代码,委托价格,委托数量,
000069.SZ,000069,20251209,91500000,0,25,0,B,25000,2000,
000069.SZ,000069,20251209,91500000,0,269,0,S,26000,200000,
000069.SZ,000069,20251209,91500040,0,449,0,S,26200,350000,
000069.SZ,000069,20251209,91500040,0,469,0,B,23000,600,
000069.SZ,000069,20251209,91500050,0,1314,0,S,26100,4400,
000069.SZ,000069,20251209,91500050,0,1896,0,S,28100,700,
000069.SZ,000069,20251209,91500050,0,2004,0,B,24800,350000,
000069.SZ,000069,20251209,91500050,0,2005,0,S,26400,180000,
000069.SZ,000069,20251209,91500060,0,2045,0,B,24900,180000,
000069.SZ,000069,20251209,91500060,0,2367,0,S,27900,5000,
000069.SZ,000069,20251209,91500060,0,2447,0,B,24700,350000,
000069.SZ,000069,20251209,91500060,0,2755,0,S,28100,3200,
000069.SZ,000069,20251209,91500060,0,2896,0,S,26100,180000,
000069.SZ,000069,20251209,91500060,0,3126,0,B,24600,180000,
000069.SZ,000069,20251209,91500060,0,3168,0,S,25600,25500,
000069.SZ,000069,20251209,91500060,0,3170,0,S,25700,25500,
000069.SZ,000069,20251209,91500060,0,3171,0,S,25800,25500,
000069.SZ,000069,20251209,91500060,0,3172,0,S,25900,25500,
000069.SZ,000069,20251209,91500060,0,3173,0,S,26000,25500,
000069.SZ,000069,20251209,91500060,0,3174,0,S,26200,25500,
000069.SZ,000069,20251209,91500060,0,3176,0,S,26400,25500,
000069.SZ,000069,20251209,91500060,0,3179,0,S,26600,25500,
000069.SZ,000069,20251209,91500060,0,3180,0,S,26800,25500,
000069.SZ,000069,20251209,91500060,0,3722,0,S,26300,350000,
000069.SZ,000069,20251209,91500060,0,4662,0,B,25400,25500,
000069.SZ,000069,20251209,91500060,0,4663,0,B,25300,25500,
000069.SZ,000069,20251209,91500060,0,4664,0,B,25200,51000,
000069.SZ,000069,20251209,91500060,0,4665,0,B,25000,51000,
000069.SZ,000069,20251209,91500060,0,5132,0,S,25800,10000,
000069.SZ,000069,20251209,91500060,0,5134,0,S,25900,10000,
000069.SZ,000069,20251209,91500060,0,5154,0,S,26000,10000,
000069.SZ,000069,20251209,91500070,0,6502,0,S,25500,25500,
000069.SZ,000069,20251209,91500070,0,8174,0,S,25800,14600,
000069.SZ,000069,20251209,91500070,0,8197,0,S,26000,3800,
000069.SZ,000069,20251209,91500070,0,8340,0,S,25900,14600,
000069.SZ,000069,20251209,91500070,0,8349,0,S,25700,14600,
000069.SZ,000069,20251209,91500070,0,8351,0,S,26000,14600,
000069.SZ,000069,20251209,91500070,0,8352,0,B,24200,900,
000069.SZ,000069,20251209,91500070,0,8377,0,S,26500,14600,
000069.SZ,000069,20251209,91500070,0,8378,0,S,26400,29200,
000069.SZ,000069,20251209,91500070,0,8379,0,S,26200,29200,
000069.SZ,000069,20251209,91500070,0,8380,0,S,26100,14600,
000069.SZ,000069,20251209,91500070,0,8381,0,S,26300,14600,
000069.SZ,000069,20251209,91500070,0,8383,0,S,26800,14600,
000069.SZ,000069,20251209,91500070,0,8385,0,S,26900,14600,
000069.SZ,000069,20251209,91500070,0,8438,0,S,26600,16800,
000069.SZ,000069,20251209,91500070,0,8439,0,S,26700,14600,
000069.SZ,000069,20251209,91500070,0,8441,0,S,27000,14600,
000069.SZ,000069,20251209,91500070,0,8442,0,S,27100,14600,
000069.SZ,000069,20251209,91500070,0,8443,0,S,27200,14600,
000069.SZ,000069,20251209,91500070,0,8446,0,S,27300,14600,
000069.SZ,000069,20251209,91500070,0,8447,0,S,27400,14600,
000069.SZ,000069,20251209,91500070,0,8461,0,S,26500,3800,
000069.SZ,000069,20251209,91500070,0,8472,0,S,27500,14600,
000069.SZ,000069,20251209,91500070,0,8473,0,S,27900,14600,
000069.SZ,000069,20251209,91500070,0,8475,0,S,27800,14600,
000069.SZ,000069,20251209,91500070,0,8477,0,S,27700,14600,
000069.SZ,000069,20251209,91500070,0,8478,0,S,27600,14600,
000069.SZ,000069,20251209,91500070,0,8489,0,S,28000,14600,
000069.SZ,000069,20251209,91500070,0,8494,0,S,28100,14600,
000069.SZ,000069,20251209,91500070,0,8864,0,B,25100,2000,
000069.SZ,000069,20251209,91500070,0,8866,0,B,24900,2000,
000069.SZ,000069,20251209,91500070,0,8868,0,B,24300,3000,
000069.SZ,000069,20251209,91500070,0,8869,0,S,26300,2000,
000069.SZ,000069,20251209,91500070,0,8870,0,S,26600,2000,
000069.SZ,000069,20251209,91500070,0,8871,0,S,26900,2000,
000069.SZ,000069,20251209,91500070,0,8908,0,S,27600,2000,
000069.SZ,000069,20251209,91500070,0,9000,0,B,25000,36000,
000069.SZ,000069,20251209,91500070,0,9255,0,S,25800,4000,
000069.SZ,000069,20251209,91500080,0,9594,0,S,28100,100,
000069.SZ,000069,20251209,91500080,0,9915,0,S,28100,400,
000069.SZ,000069,20251209,91500080,0,10292,0,B,24900,4800,
000069.SZ,000069,20251209,91500080,0,10729,0,B,25100,22800,
000069.SZ,000069,20251209,91500080,0,10953,0,B,24700,46000,
000069.SZ,000069,20251209,91500080,0,10954,0,S,26800,33600,
000069.SZ,000069,20251209,91500080,0,11061,0,S,28100,400,
000069.SZ,000069,20251209,91500080,0,11446,0,S,26500,2900,
000069.SZ,000069,20251209,91500080,0,11531,0,S,27000,2800,
000069.SZ,000069,20251209,91500080,0,11534,0,S,27600,3000,
000069.SZ,000069,20251209,91500080,0,11604,0,B,23400,14600,
000069.SZ,000069,20251209,91500080,0,11621,0,B,23500,14600,
000069.SZ,000069,20251209,91500080,0,12032,0,B,23700,14600,
000069.SZ,000069,20251209,91500080,0,12035,0,B,25000,200,
000069.SZ,000069,20251209,91500080,0,12042,0,B,24600,200,
000069.SZ,000069,20251209,91500080,0,12092,0,B,24200,200,
000069.SZ,000069,20251209,91500080,0,12096,0,B,24400,200,
000069.SZ,000069,20251209,91500080,0,12216,0,B,24000,14600,
000069.SZ,000069,20251209,91500080,0,12296,0,B,23800,14600,
000069.SZ,000069,20251209,91500080,0,12404,0,B,23600,14600,
000069.SZ,000069,20251209,91500080,0,12407,0,B,25200,500,
000069.SZ,000069,20251209,91500080,0,12418,0,B,23900,14600,
000069.SZ,000069,20251209,91500080,0,12449,0,B,24100,14600,
000069.SZ,000069,20251209,91500080,0,12451,0,B,24400,14600,
000069.SZ,000069,20251209,91500080,0,12516,0,B,24200,14600,
000069.SZ,000069,20251209,91500080,0,12517,0,B,24500,14600,
000069.SZ,000069,20251209,91500080,0,12605,0,B,24300,14600,
000069.SZ,000069,20251209,91500080,0,12606,0,B,24600,14600,
000069.SZ,000069,20251209,91500080,0,12609,0,B,25000,14600,
000069.SZ,000069,20251209,91500080,0,12613,0,B,24700,14600,
000069.SZ,000069,20251209,91500080,0,12615,0,B,24900,14600,
000069.SZ,000069,20251209,91500080,0,12618,0,B,24800,14600,
000069.SZ,000069,20251209,91500080,0,12622,0,B,25300,14600,
000069.SZ,000069,20251209,91500080,0,12627,0,B,25200,14600,
000069.SZ,000069,20251209,91500080,0,12632,0,B,25400,14600,
000069.SZ,000069,20251209,91500080,0,12634,0,B,25100,14600,
000069.SZ,000069,20251209,91500080,0,13093,0,S,27000,2000,
000069.SZ,000069,20251209,91500080,0,13096,0,S,27500,2000,
000069.SZ,000069,20251209,91500080,0,13189,0,S,28100,2000,
000069.SZ,000069,20251209,91500080,0,13343,0,B,25200,1000,
000069.SZ,000069,20251209,91500080,0,13432,0,S,27000,113600,
000069.SZ,000069,20251209,91500090,0,13973,0,S,28100,2000,
000069.SZ,000069,20251209,91500090,0,14612,0,B,25200,56400,
000069.SZ,000069,20251209,91500090,0,14976,0,B,25000,500,
000069.SZ,000069,20251209,91500090,0,14978,0,B,24600,500,
000069.SZ,000069,20251209,91500090,0,15115,0,B,24100,1000,
000069.SZ,000069,20251209,91500090,0,15192,0,B,24200,500,
000069.SZ,000069,20251209,91500090,0,15209,0,S,26500,5800,
000069.SZ,000069,20251209,91500090,0,15235,0,S,27700,2800,
000069.SZ,000069,20251209,91500090,0,15311,0,S,27800,1000,
000069.SZ,000069,20251209,91500090,0,15312,0,S,26800,1000,
000069.SZ,000069,20251209,91500090,0,15314,0,S,27400,1000,
000069.SZ,000069,20251209,91500090,0,15316,0,S,26400,1000,
000069.SZ,000069,20251209,91500090,0,15317,0,B,24600,1000,
000069.SZ,000069,20251209,91500090,0,15367,0,B,24900,7500,
000069.SZ,000069,20251209,91500090,0,15555,0,S,27300,5000,
000069.SZ,000069,20251209,91500090,0,15703,0,S,26400,1000,
000069.SZ,000069,20251209,91500090,0,15705,0,S,26800,1000,
000069.SZ,000069,20251209,91500090,0,15706,0,S,27400,1000,
000069.SZ,000069,20251209,91500090,0,15708,0,S,27800,1000,
000069.SZ,000069,20251209,91500090,0,15710,0,B,24600,1000,
000069.SZ,000069,20251209,91500090,0,15711,0,B,24100,1000,
000069.SZ,000069,20251209,91500090,0,15973,0,B,24900,7800,
000069.SZ,000069,20251209,91500090,0,16037,0,S,25700,3400,
000069.SZ,000069,20251209,91500090,0,16433,0,B,25400,5000,
000069.SZ,000069,20251209,91500090,0,16854,0,S,25600,200,
000069.SZ,000069,20251209,91500090,0,16993,0,S,27400,600,
000069.SZ,000069,20251209,91500090,0,16994,0,B,24200,300,
000069.SZ,000069,20251209,91500100,0,17305,0,B,25400,16100,
000069.SZ,000069,20251209,91500100,0,17308,0,S,26600,11300,
000069.SZ,000069,20251209,91500100,0,17516,0,B,25000,600,
000069.SZ,000069,20251209,91500100,0,17557,0,S,27600,500,
000069.SZ,000069,20251209,91500100,0,17573,0,B,24800,100,
000069.SZ,000069,20251209,91500100,0,17656,0,B,23900,100,
000069.SZ,000069,20251209,91500100,0,19004,0,B,24600,1000,
000069.SZ,000069,20251209,91500100,0,19437,0,S,26000,18700,
000069.SZ,000069,20251209,91500100,0,19537,0,S,26500,50000,
000069.SZ,000069,20251209,91500100,0,19722,0,S,25800,15500,
000069.SZ,000069,20251209,91500100,0,19723,0,S,25900,15500,
000069.SZ,000069,20251209,91500100,0,19724,0,S,26200,15300,
000069.SZ,000069,20251209,91500100,0,19726,0,S,26300,15300,
000069.SZ,000069,20251209,91500100,0,19727,0,S,26400,15200,
000069.SZ,000069,20251209,91500100,0,19728,0,S,26900,14900,
000069.SZ,000069,20251209,91500100,0,19729,0,S,27900,14400,
000069.SZ,000069,20251209,91500110,0,20520,0,B,25200,2000,
000069.SZ,000069,20251209,91500110,0,20988,0,S,28000,100,
000069.SZ,000069,20251209,91500110,0,21985,0,S,26100,1200,
000069.SZ,000069,20251209,91500110,0,22415,0,S,26100,500,
000069.SZ,000069,20251209,91500120,0,23378,0,S,26300,3000,
000069.SZ,000069,20251209,91500120,0,23792,0,S,26500,500,
000069.SZ,000069,20251209,91500120,0,24220,0,S,26100,306600,
000069.SZ,000069,20251209,91500120,0,24221,0,S,26600,300800,
000069.SZ,000069,20251209,91500120,0,24224,0,B,24800,15000,
000069.SZ,000069,20251209,91500120,0,24253,0,S,28100,500,
000069.SZ,000069,20251209,91500120,0,25497,0,S,28100,400,
000069.SZ,000069,20251209,91500130,0,26572,0,S,25700,19600,
000069.SZ,000069,20251209,91500130,0,26581,0,S,25800,19600,
000069.SZ,000069,20251209,91500130,0,26585,0,S,25900,19600,
000069.SZ,000069,20251209,91500130,0,26693,0,S,26000,19600,
000069.SZ,000069,20251209,91500130,0,26736,0,S,25800,19600,
000069.SZ,000069,20251209,91500130,0,27703,0,B,24600,1100,
000069.SZ,000069,20251209,91500130,0,28454,0,S,27500,5000,
000069.SZ,000069,20251209,91500130,0,29140,0,S,28100,80000,
000069.SZ,000069,20251209,91500130,0,29575,0,S,28000,100,
000069.SZ,000069,20251209,91500130,0,29724,0,S,28100,1700,
000069.SZ,000069,20251209,91500130,0,29834,0,B,25100,3000,
000069.SZ,000069,20251209,91500140,0,30015,0,S,25600,8000,
000069.SZ,000069,20251209,91500140,0,30460,0,S,28100,100,
000069.SZ,000069,20251209,91500140,0,30814,0,B,25200,5000,
000069.SZ,000069,20251209,91500140,0,30963,0,B,24900,1200,
000069.SZ,000069,20251209,91500140,0,31329,0,B,24600,5000,
000069.SZ,000069,20251209,91500140,0,31549,0,B,25400,50000,
000069.SZ,000069,20251209,91500140,0,32962,0,B,24800,3000,
000069.SZ,000069,20251209,91500140,0,32963,0,B,24600,3000,
000069.SZ,000069,20251209,91500140,0,32964,0,B,24400,3000,
000069.SZ,000069,20251209,91500140,0,32994,0,B,23800,5000,
000069.SZ,000069,20251209,91500140,0,33335,0,S,26500,600,
000069.SZ,000069,20251209,91500150,0,34617,0,B,23600,200,
000069.SZ,000069,20251209,91500150,0,35045,0,S,26000,600,
000069.SZ,000069,20251209,91500150,0,35047,0,S,26900,600,
000069.SZ,000069,20251209,91500150,0,35518,0,S,28100,400,
000069.SZ,000069,20251209,91500150,0,36884,0,S,25700,9600,
000069.SZ,000069,20251209,91500150,0,36941,0,S,25800,9700,
000069.SZ,000069,20251209,91500150,0,36953,0,S,25900,9700,
000069.SZ,000069,20251209,91500160,0,37267,0,S,25700,66500,
000069.SZ,000069,20251209,91500160,0,38435,0,B,23100,400,
000069.SZ,000069,20251209,91500160,0,38517,0,B,25000,5000,
000069.SZ,000069,20251209,91500160,0,38713,0,S,26100,9400,
000069.SZ,000069,20251209,91500160,0,39899,0,B,25200,19100,
000069.SZ,000069,20251209,91500160,0,40133,0,B,24800,500,
000069.SZ,000069,20251209,91500170,0,40573,0,S,26200,24000,
000069.SZ,000069,20251209,91500170,0,41620,0,S,27100,5000,
000069.SZ,000069,20251209,91500170,0,41621,0,S,28000,10000,
000069.SZ,000069,20251209,91500170,0,41622,0,S,28100,10000,
000069.SZ,000069,20251209,91500170,0,42479,0,S,26000,1000,
000069.SZ,000069,20251209,91500170,0,42879,0,B,25400,100,
000069.SZ,000069,20251209,91500170,0,42906,0,B,25300,100,
000069.SZ,000069,20251209,91500170,0,42907,0,B,25200,100,
000069.SZ,000069,20251209,91500170,0,42908,0,S,25700,100,
000069.SZ,000069,20251209,91500170,0,43025,0,S,28100,1400,
000069.SZ,000069,20251209,91500170,0,43026,0,S,27100,600,
000069.SZ,000069,20251209,91500180,0,43536,0,B,23000,5000,
000069.SZ,000069,20251209,91500180,0,43755,0,B,24900,10100,
000069.SZ,000069,20251209,91500180,0,44389,0,B,25000,1500,
000069.SZ,000069,20251209,91500180,0,44391,0,S,26000,3100,
000069.SZ,000069,20251209,91500180,0,44472,0,S,26200,3200,
000069.SZ,000069,20251209,91500180,0,44473,0,S,26500,3200,
000069.SZ,000069,20251209,91500180,0,44617,0,S,27000,3000,
000069.SZ,000069,20251209,91500180,0,44620,0,S,28100,3000,
000069.SZ,000069,20251209,91500180,0,44723,0,B,24500,3000,
000069.SZ,000069,20251209,91500180,0,44836,0,B,24300,300,
000069.SZ,000069,20251209,91500180,0,44888,0,B,24800,300,
000069.SZ,000069,20251209,91500180,0,45137,0,S,28100,7000,
000069.SZ,000069,20251209,91500180,0,45138,0,B,25000,4100,
000069.SZ,000069,20251209,91500180,0,45319,0,B,25300,1000,
000069.SZ,000069,20251209,91500180,0,45373,0,S,27000,2300,
000069.SZ,000069,20251209,91500180,0,45484,0,S,25700,300,
000069.SZ,000069,20251209,91500180,0,45598,0,S,27000,1000,
000069.SZ,000069,20251209,91500180,0,45609,0,S,25600,109500,
000069.SZ,000069,20251209,91500180,0,46519,0,S,27000,5000,
000069.SZ,000069,20251209,91500190,0,47727,0,S,25800,24000,
000069.SZ,000069,20251209,91500190,0,47923,0,B,25200,4000,
000069.SZ,000069,20251209,91500190,0,48329,0,B,25100,5000,
000069.SZ,000069,20251209,91500190,0,48330,0,B,24700,5000,
000069.SZ,000069,20251209,91500190,0,48331,0,B,24900,9700,
000069.SZ,000069,20251209,91500190,0,48361,0,S,26100,10100,
000069.SZ,000069,20251209,91500200,0,50282,0,S,28100,10000,
000069.SZ,000069,20251209,91500200,0,51089,0,S,25700,10000,
000069.SZ,000069,20251209,91500200,0,51282,0,S,28100,2200,
000069.SZ,000069,20251209,91500200,0,51632,0,S,27500,5000,
000069.SZ,000069,20251209,91500210,0,52194,0,S,26500,2000,
000069.SZ,000069,20251209,91500210,0,52195,0,S,27200,2000,
000069.SZ,000069,20251209,91500210,0,52196,0,S,28000,2000,
000069.SZ,000069,20251209,91500210,0,52200,0,S,26200,9700,
000069.SZ,000069,20251209,91500210,0,52242,0,S,26200,5000,
000069.SZ,000069,20251209,91500210,0,52700,0,S,28000,600,
000069.SZ,000069,20251209,91500210,0,53239,0,S,27000,500,
000069.SZ,000069,20251209,91500210,0,53304,0,B,25100,1500,
000069.SZ,000069,20251209,91500210,0,53342,0,S,26200,43700,
000069.SZ,000069,20251209,91500220,0,53751,0,S,26000,10000,
000069.SZ,000069,20251209,91500220,0,53885,0,B,25200,10000,
000069.SZ,000069,20251209,91500220,0,53936,0,B,25100,10000,
000069.SZ,000069,20251209,91500220,0,53938,0,B,25000,10000,
000069.SZ,000069,20251209,91500220,0,54612,0,S,26500,320800,
000069.SZ,000069,20251209,91500220,0,55087,0,B,25100,2000,
000069.SZ,000069,20251209,91500220,0,55423,0,B,25000,1000,
000069.SZ,000069,20251209,91500230,0,56145,0,S,25800,39900,
000069.SZ,000069,20251209,91500230,0,56448,0,B,25300,800,
000069.SZ,000069,20251209,91500230,0,56612,0,B,24800,20000,
000069.SZ,000069,20251209,91500230,0,57235,0,B,25100,100,
000069.SZ,000069,20251209,91500240,0,57850,0,B,24200,1000,
000069.SZ,000069,20251209,91500240,0,57851,0,B,24200,1000,
000069.SZ,000069,20251209,91500240,0,58026,0,B,24500,2100,
000069.SZ,000069,20251209,91500240,0,58266,0,S,26000,1000,
000069.SZ,000069,20251209,91500240,0,58267,0,S,26300,1000,
000069.SZ,000069,20251209,91500240,0,58268,0,S,26600,1000,
000069.SZ,000069,20251209,91500240,0,58270,0,S,26900,1000,
000069.SZ,000069,20251209,91500240,0,58271,0,S,27200,1000,
000069.SZ,000069,20251209,91500240,0,58328,0,S,27500,1000,
000069.SZ,000069,20251209,91500240,0,58329,0,S,27800,1000,
000069.SZ,000069,20251209,91500240,0,58331,0,S,28100,1000,
000069.SZ,000069,20251209,91500240,0,58382,0,B,25300,1000,
000069.SZ,000069,20251209,91500240,0,58385,0,B,25000,1000,
000069.SZ,000069,20251209,91500240,0,58386,0,B,24700,1000,
000069.SZ,000069,20251209,91500240,0,58388,0,B,24400,1000,
000069.SZ,000069,20251209,91500240,0,58391,0,B,24100,1000,
000069.SZ,000069,20251209,91500240,0,58393,0,B,23800,1000,
000069.SZ,000069,20251209,91500240,0,58396,0,B,23500,1000,
000069.SZ,000069,20251209,91500240,0,58399,0,B,23200,1000,
000069.SZ,000069,20251209,91500240,0,58791,0,S,27500,7900,
000069.SZ,000069,20251209,91500250,0,59848,0,S,25800,2100,
000069.SZ,000069,20251209,91500250,0,60524,0,S,26200,500,
000069.SZ,000069,20251209,91500250,0,60525,0,S,28000,500,
000069.SZ,000069,20251209,91500250,0,60531,0,B,25300,90000,
000069.SZ,000069,20251209,91500250,0,60628,0,B,24000,4400,
000069.SZ,000069,20251209,91500250,0,60633,0,S,25700,9000,
000069.SZ,000069,20251209,91500250,0,60671,0,B,25200,8800,
000069.SZ,000069,20251209,91500260,0,61318,0,S,28000,3000,
000069.SZ,000069,20251209,91500270,0,62796,0,S,26600,10000,
000069.SZ,000069,20251209,91500270,0,62818,0,S,26900,10000,
000069.SZ,000069,20251209,91500270,0,62871,0,S,27400,10000,
000069.SZ,000069,20251209,91500270,0,62887,0,S,27900,10000,
000069.SZ,000069,20251209,91500270,0,63028,0,B,25100,1300,
000069.SZ,000069,20251209,91500280,0,64140,0,B,25000,40000,
000069.SZ,000069,20251209,91500290,0,64998,0,S,26500,12000,
000069.SZ,000069,20251209,91500290,0,66404,0,S,28000,1000,
000069.SZ,000069,20251209,91500300,0,66812,0,S,27900,5000,
000069.SZ,000069,20251209,91500300,0,66997,0,S,28100,8600,
000069.SZ,000069,20251209,91500300,0,67012,0,B,24000,5000,
000069.SZ,000069,20251209,91500300,0,67497,0,S,26900,1000,
000069.SZ,000069,20251209,91500300,0,67692,0,S,26500,200000,
000069.SZ,000069,20251209,91500300,0,67694,0,S,27000,200000,
000069.SZ,000069,20251209,91500300,0,67756,0,S,27500,200000,
000069.SZ,000069,20251209,91500300,0,67762,0,S,28000,200000,
000069.SZ,000069,20251209,91500300,0,68078,0,S,28100,39200,
000069.SZ,000069,20251209,91500310,0,70103,0,B,25000,300,
000069.SZ,000069,20251209,91500320,0,70235,0,S,28100,10000,
000069.SZ,000069,20251209,91500320,0,70236,0,B,24200,10300,
000069.SZ,000069,20251209,91500320,0,71154,0,B,25000,400,
000069.SZ,000069,20251209,91500330,0,72673,0,S,28000,2000,
000069.SZ,000069,20251209,91500330,0,72674,0,B,25000,2300,
000069.SZ,000069,20251209,91500330,0,72675,0,B,24000,2400,
000069.SZ,000069,20251209,91500330,0,73030,0,B,24800,5600,
000069.SZ,000069,20251209,91500340,0,74002,0,S,28000,500,
000069.SZ,000069,20251209,91500350,0,75727,0,S,25600,14100,
000069.SZ,000069,20251209,91500350,0,76003,0,B,25000,14000,
000069.SZ,000069,20251209,91500350,0,76196,0,B,24200,1000,
000069.SZ,000069,20251209,91500350,0,76210,0,B,24800,80000,
000069.SZ,000069,20251209,91500360,0,76611,0,S,27800,2000,
000069.SZ,000069,20251209,91500360,0,76690,0,B,24400,2000,
000069.SZ,000069,20251209,91500360,0,76760,0,B,23000,3000,
000069.SZ,000069,20251209,91500370,0,77473,0,S,27200,500,
000069.SZ,000069,20251209,91500370,0,78172,0,B,24800,3100,
000069.SZ,000069,20251209,91500380,0,78473,0,S,27400,500,
000069.SZ,000069,20251209,91500380,0,78532,0,B,24300,10000,
000069.SZ,000069,20251209,91500380,0,79184,0,S,26000,10000,
000069.SZ,000069,20251209,91500380,0,79262,0,S,26500,2300,
000069.SZ,000069,20251209,91500380,0,79345,0,S,28100,1100,
000069.SZ,000069,20251209,91500380,0,79663,0,S,28000,5000,
000069.SZ,000069,20251209,91500380,0,79666,0,S,28000,3300,
000069.SZ,000069,20251209,91500390,0,79861,0,S,26000,1600,
000069.SZ,000069,20251209,91500390,0,79863,0,B,23900,1000,
000069.SZ,000069,20251209,91500390,0,80437,0,B,25000,10000,
000069.SZ,000069,20251209,91500390,0,80438,0,B,24000,10000,
000069.SZ,000069,20251209,91500390,0,80440,0,S,27000,10000,
000069.SZ,000069,20251209,91500390,0,80441,0,S,28000,10000,
000069.SZ,000069,20251209,91500400,0,81205,0,B,25000,25000,
000069.SZ,000069,20251209,91500400,0,81207,0,S,27000,25000,
000069.SZ,000069,20251209,91500400,0,81208,0,S,28100,25000,
000069.SZ,000069,20251209,91500400,0,81210,0,S,25800,25000,
000069.SZ,000069,20251209,91500400,0,81477,0,S,25800,5000,
000069.SZ,000069,20251209,91500400,0,81517,0,S,27600,3000,
000069.SZ,000069,20251209,91500400,0,81518,0,B,24300,3000,
000069.SZ,000069,20251209,91500400,0,81547,0,S,27000,500,
000069.SZ,000069,20251209,91500400,0,81553,0,S,27600,500,
000069.SZ,000069,20251209,91500400,0,81570,0,S,27800,1000,
000069.SZ,000069,20251209,91500400,0,81819,0,B,24800,6000,
000069.SZ,000069,20251209,91500410,0,82469,0,S,26600,4000,
000069.SZ,000069,20251209,91500410,0,82485,0,S,27200,4000,
000069.SZ,000069,20251209,91500410,0,82505,0,S,26000,39400,
000069.SZ,000069,20251209,91500410,0,83116,0,B,25000,4000,
000069.SZ,000069,20251209,91500430,0,84809,0,S,28100,100000,
000069.SZ,000069,20251209,91500430,0,85037,0,B,23000,100000,
000069.SZ,000069,20251209,91500430,0,85625,0,B,25000,320000,
000069.SZ,000069,20251209,91500430,0,85679,0,B,25300,48400,
000069.SZ,000069,20251209,91500440,0,86217,0,S,26700,300,
000069.SZ,000069,20251209,91500440,0,86223,0,S,28100,300,
000069.SZ,000069,20251209,91500450,0,87521,0,S,25800,5000,
000069.SZ,000069,20251209,91500450,0,87522,0,S,25700,5000,
000069.SZ,000069,20251209,91500450,0,87532,0,B,25000,13400,
000069.SZ,000069,20251209,91500450,0,88049,0,S,28000,1700,
000069.SZ,000069,20251209,91500460,0,89058,0,S,26300,4000,
000069.SZ,000069,20251209,91500460,0,89059,0,S,27800,3800,
000069.SZ,000069,20251209,91500470,0,90232,0,B,25600,10800,
000069.SZ,000069,20251209,91500480,0,90574,0,S,26500,100,
000069.SZ,000069,20251209,91500480,0,90742,0,B,24200,4700,
000069.SZ,000069,20251209,91500490,0,91589,0,B,25400,10500,
000069.SZ,000069,20251209,91500490,0,91590,0,B,25300,10600,
000069.SZ,000069,20251209,91500490,0,91807,0,S,26600,2200,
000069.SZ,000069,20251209,91500490,0,91973,0,B,25000,200,
000069.SZ,000069,20251209,91500490,0,92003,0,B,24600,200,
000069.SZ,000069,20251209,91500490,0,92067,0,B,24400,200,
000069.SZ,000069,20251209,91500490,0,92068,0,B,24200,200,
000069.SZ,000069,20251209,91500500,0,93704,0,S,26000,1000,
000069.SZ,000069,20251209,91500500,0,93706,0,S,26500,1000,
000069.SZ,000069,20251209,91500500,0,93708,0,S,27000,1000,
000069.SZ,000069,20251209,91500500,0,93747,0,S,27500,1000,
000069.SZ,000069,20251209,91500500,0,93758,0,S,28000,1000,
000069.SZ,000069,20251209,91500510,0,93974,0,B,25300,1000,
000069.SZ,000069,20251209,91500510,0,94911,0,S,28000,600,
000069.SZ,000069,20251209,91500510,0,94927,0,S,28100,700,
000069.SZ,000069,20251209,91500520,0,95486,0,S,26700,7300,
000069.SZ,000069,20251209,91500520,0,95519,0,S,27500,7200,
000069.SZ,000069,20251209,91500530,0,95900,0,S,25800,4000,
000069.SZ,000069,20251209,91500530,0,95901,0,S,26800,3800,
000069.SZ,000069,20251209,91500530,0,95902,0,S,27300,3800,
000069.SZ,000069,20251209,91500530,0,96098,0,S,26600,30000,
000069.SZ,000069,20251209,91500530,0,96686,0,B,25200,25000,
000069.SZ,000069,20251209,91500530,0,96687,0,B,25100,25000,
000069.SZ,000069,20251209,91500540,0,96702,0,S,26800,25000,
000069.SZ,000069,20251209,91500540,0,96703,0,S,27400,25000,
000069.SZ,000069,20251209,91500540,0,96704,0,S,27400,25000,
000069.SZ,000069,20251209,91500540,0,96785,0,S,28100,200,
000069.SZ,000069,20251209,91500540,0,97088,0,B,24800,4200,
000069.SZ,000069,20251209,91500540,0,97200,0,S,28100,6000,
000069.SZ,000069,20251209,91500540,0,97338,0,S,27000,4000,
000069.SZ,000069,20251209,91500540,0,97463,0,S,27300,50000,
000069.SZ,000069,20251209,91500540,0,97511,0,S,28100,200000,
000069.SZ,000069,20251209,91500540,0,97628,0,S,26000,500,
000069.SZ,000069,20251209,91500540,0,97629,0,S,28100,500,
000069.SZ,000069,20251209,91500550,0,97781,0,S,26200,1000,
000069.SZ,000069,20251209,91500550,0,97782,0,B,24800,1000,
000069.SZ,000069,20251209,91500550,0,97786,0,B,24300,1100,
000069.SZ,000069,20251209,91500550,0,97798,0,B,23800,1200,
000069.SZ,000069,20251209,91500550,0,97800,0,B,23500,1300,
000069.SZ,000069,20251209,91500550,0,97812,0,B,23200,1400,
000069.SZ,000069,20251209,91500550,0,97848,0,B,23000,1600,
000069.SZ,000069,20251209,91500550,0,98693,0,S,28000,10000,
000069.SZ,000069,20251209,91500560,0,99577,0,S,25700,15600,
000069.SZ,000069,20251209,91500560,0,99580,0,S,26000,15400,
000069.SZ,000069,20251209,91500560,0,99581,0,S,26100,15400,
000069.SZ,000069,20251209,91500560,0,99582,0,S,27400,14600,
000069.SZ,000069,20251209,91500560,0,99584,0,S,28100,14300,
000069.SZ,000069,20251209,91500560,0,99779,0,S,28000,400,
000069.SZ,000069,20251209,91500560,0,99938,0,S,27400,500,
000069.SZ,000069,20251209,91500570,0,100441,0,B,24300,10000,
000069.SZ,000069,20251209,91500570,0,100443,0,B,24300,10000,
000069.SZ,000069,20251209,91500570,0,100445,0,B,24400,6000,
000069.SZ,000069,20251209,91500570,0,100446,0,B,24800,4000,
000069.SZ,000069,20251209,91500570,0,100640,0,B,23000,4400,
000069.SZ,000069,20251209,91500580,0,101172,0,S,28000,400,
000069.SZ,000069,20251209,91500580,0,101332,0,B,25000,100,
000069.SZ,000069,20251209,91500580,0,101517,0,S,28100,8000,
000069.SZ,000069,20251209,91500580,0,101563,0,B,23500,1000,
000069.SZ,000069,20251209,91500590,0,102159,0,S,25600,35100,
000069.SZ,000069,20251209,91500590,0,102453,0,S,27000,5000,
000069.SZ,000069,20251209,91500590,0,102572,0,S,27500,10100,
000069.SZ,000069,20251209,91500590,0,102641,0,B,25400,500,
000069.SZ,000069,20251209,91500600,0,103249,0,S,28000,1000,
000069.SZ,000069,20251209,91500600,0,103706,0,S,25900,5000,
000069.SZ,000069,20251209,91500610,0,104001,0,S,26500,9600,
000069.SZ,000069,20251209,91500610,0,104655,0,S,27900,6300,
000069.SZ,000069,20251209,91500620,0,105221,0,S,26900,14900,
000069.SZ,000069,20251209,91500620,0,105318,0,B,24100,500,
000069.SZ,000069,20251209,91500640,0,107233,0,S,25900,100,
000069.SZ,000069,20251209,91500640,0,107250,0,B,25300,100,
000069.SZ,000069,20251209,91500640,0,107259,0,B,25000,200,
000069.SZ,000069,20251209,91500640,0,107496,0,B,25100,800,
000069.SZ,000069,20251209,91500650,0,108565,0,S,25700,71200,
000069.SZ,000069,20251209,91500660,0,109040,0,B,24800,1000,
000069.SZ,000069,20251209,91500660,0,109041,0,B,24300,1000,
000069.SZ,000069,20251209,91500660,0,109042,0,S,26500,1000,
000069.SZ,000069,20251209,91500660,0,109043,0,S,28100,1000,
000069.SZ,000069,20251209,91500660,0,109602,0,B,23000,20000,
000069.SZ,000069,20251209,91500660,0,109605,0,B,23600,20000,
000069.SZ,000069,20251209,91500700,0,113238,0,B,24700,1000,
000069.SZ,000069,20251209,91500710,0,113915,0,S,26300,1500,
000069.SZ,000069,20251209,91500710,0,113916,0,S,26700,2000,
000069.SZ,000069,20251209,91500710,0,113917,0,S,27200,3000,
000069.SZ,000069,20251209,91500710,0,113918,0,S,26100,1000,
000069.SZ,000069,20251209,91500710,0,113924,0,B,25100,2000,
000069.SZ,000069,20251209,91500710,0,113925,0,B,24700,3000,
000069.SZ,000069,20251209,91500720,0,114457,0,S,26500,30000,
000069.SZ,000069,20251209,91500730,0,115215,0,S,27500,15900,
000069.SZ,000069,20251209,91500730,0,115611,0,S,28100,11600,
000069.SZ,000069,20251209,91500740,0,116515,0,S,26100,1000,
000069.SZ,000069,20251209,91500750,0,116954,0,S,26000,3000,
000069.SZ,000069,20251209,91500750,0,117088,0,B,25200,1000,
000069.SZ,000069,20251209,91500750,0,117308,0,S,26700,1000,
000069.SZ,000069,20251209,91500770,0,118195,0,S,27500,1800,
000069.SZ,000069,20251209,91500770,0,118660,0,B,24300,8500,
000069.SZ,000069,20251209,91500780,0,119087,0,S,27000,50000,
000069.SZ,000069,20251209,91500780,0,119088,0,S,27900,600,
000069.SZ,000069,20251209,91500780,0,119095,0,S,26300,2400,
000069.SZ,000069,20251209,91500780,0,119096,0,S,27300,5000,
000069.SZ,000069,20251209,91500780,0,119099,0,S,28000,5000,
000069.SZ,000069,20251209,91500780,0,119410,0,B,25100,3000,
000069.SZ,000069,20251209,91500790,0,119849,0,S,26000,4500,
000069.SZ,000069,20251209,91500790,0,120018,0,B,24000,9000,
000069.SZ,000069,20251209,91500790,0,120176,0,S,26400,22600,
000069.SZ,000069,20251209,91500790,0,120336,0,B,24900,500,
000069.SZ,000069,20251209,91500790,0,120348,0,B,24800,500,
000069.SZ,000069,20251209,91500800,0,120428,0,S,27500,50000,
000069.SZ,000069,20251209,91500800,0,120429,0,S,28000,50000,
000069.SZ,000069,20251209,91500800,0,120711,0,S,25800,800,
000069.SZ,000069,20251209,91500820,0,122053,0,S,26300,30000,
000069.SZ,000069,20251209,91500820,0,122096,0,S,26800,50000,
000069.SZ,000069,20251209,91500820,0,122491,0,B,25000,500,
000069.SZ,000069,20251209,91500830,0,123212,0,S,28100,4000,
000069.SZ,000069,20251209,91500830,0,123213,0,S,26300,8000,
000069.SZ,000069,20251209,91500830,0,123214,0,S,26900,9700,
000069.SZ,000069,20251209,91500840,0,123912,0,S,27000,41500,
000069.SZ,000069,20251209,91500850,0,124207,0,S,28000,2000,
000069.SZ,000069,20251209,91500850,0,124418,0,B,25000,1000,
000069.SZ,000069,20251209,91500910,0,128070,0,S,26300,400,
000069.SZ,000069,20251209,91500920,0,128856,0,S,27700,2400,
000069.SZ,000069,20251209,91500920,0,129029,0,S,27300,6600,
000069.SZ,000069,20251209,91500970,0,131507,0,S,27400,2000,
000069.SZ,000069,20251209,91500970,0,131508,0,S,28100,2000,
000069.SZ,000069,20251209,91500970,0,131517,0,B,25000,3000,
000069.SZ,000069,20251209,91500970,0,131606,0,S,26300,1000,
000069.SZ,000069,20251209,91500970,0,131628,0,S,27900,1000,
000069.SZ,000069,20251209,91500970,0,131629,0,B,23100,1000,
000069.SZ,000069,20251209,91500970,0,131686,0,B,25600,2000,
000069.SZ,000069,20251209,91500980,0,132575,0,B,25000,1500,
000069.SZ,000069,20251209,91500990,0,133031,0,B,24900,17400,
000069.SZ,000069,20251209,91500990,0,133120,0,S,25500,132100,
000069.SZ,000069,20251209,91501000,0,133363,0,B,25400,10000,
000069.SZ,000069,20251209,91501000,0,133366,0,B,25300,10000,
000069.SZ,000069,20251209,91501000,0,133373,0,B,25200,10000,
000069.SZ,000069,20251209,91501000,0,133376,0,B,25100,10000,
000069.SZ,000069,20251209,91501000,0,133696,0,S,25600,101000,
000069.SZ,000069,20251209,91501000,0,133697,0,B,25200,50000,
000069.SZ,000069,20251209,91501000,0,133935,0,S,27700,1100,
000069.SZ,000069,20251209,91501020,0,135710,0,S,28000,2000,
000069.SZ,000069,20251209,91501020,0,135712,0,B,24000,2000,
000069.SZ,000069,20251209,91501030,0,136235,0,S,28100,5000,
000069.SZ,000069,20251209,91501040,0,136912,0,S,26200,238000,
000069.SZ,000069,20251209,91501040,0,136913,0,S,26500,370000,
000069.SZ,000069,20251209,91501040,0,136914,0,S,27100,430000,
000069.SZ,000069,20251209,91501040,0,136937,0,S,25900,370100,
000069.SZ,000069,20251209,91501060,0,137630,0,B,23400,1000,
000069.SZ,000069,20251209,91501070,0,138151,0,S,26300,6000,
000069.SZ,000069,20251209,91501070,0,138279,0,S,26100,2000,
000069.SZ,000069,20251209,91501070,0,138280,0,S,27000,2000,
000069.SZ,000069,20251209,91501070,0,138281,0,S,28100,2000,
000069.SZ,000069,20251209,91501080,0,138788,0,S,28100,200,
000069.SZ,000069,20251209,91501080,0,138948,0,S,25700,200,
000069.SZ,000069,20251209,91501080,0,139356,0,S,26600,7600,
000069.SZ,000069,20251209,91501090,0,139428,0,S,28000,100,
000069.SZ,000069,20251209,91501090,0,139930,0,S,25900,9000,
000069.SZ,000069,20251209,91501090,0,139934,0,S,26600,10000,
000069.SZ,000069,20251209,91501090,0,139935,0,S,27300,11000,
000069.SZ,000069,20251209,91501090,0,139938,0,S,28100,14000,
000069.SZ,000069,20251209,91501090,0,139942,0,B,24700,13000,
000069.SZ,000069,20251209,91501110,0,141238,0,B,24500,40000,
000069.SZ,000069,20251209,91501110,0,141239,0,B,23000,200000,
000069.SZ,000069,20251209,91501120,0,141921,0,B,25300,4800,
000069.SZ,000069,20251209,91501160,0,144061,0,S,25700,40100,
000069.SZ,000069,20251209,91501170,0,145320,0,S,26400,5000,
000069.SZ,000069,20251209,91501180,0,145937,0,B,25300,20000,
000069.SZ,000069,20251209,91501200,0,147450,0,S,26600,800,
000069.SZ,000069,20251209,91501210,0,148037,0,S,27000,2000,
000069.SZ,000069,20251209,91501210,0,148040,0,B,25000,2000,
000069.SZ,000069,20251209,91501220,0,148737,0,S,25600,334600,
000069.SZ,000069,20251209,91501250,0,150202,0,S,25800,25000,
000069.SZ,000069,20251209,91501250,0,150257,0,S,28100,5000,
000069.SZ,000069,20251209,91501250,0,150323,0,S,26700,1500,
000069.SZ,000069,20251209,91501250,0,150663,0,B,24800,400,
000069.SZ,000069,20251209,91501260,0,150981,0,S,28100,500,
000069.SZ,000069,20251209,91501300,0,152561,0,S,27300,327700,
000069.SZ,000069,20251209,91501300,0,152565,0,S,27100,39800,
000069.SZ,000069,20251209,91501310,0,153218,0,B,24000,900,
000069.SZ,000069,20251209,91501320,0,153465,0,B,24900,1300,
000069.SZ,000069,20251209,91501320,0,153486,0,S,26900,1200,
000069.SZ,000069,20251209,91501320,0,153506,0,B,24600,1000,
000069.SZ,000069,20251209,91501320,0,153507,0,B,24100,1000,
000069.SZ,000069,20251209,91501320,0,153508,0,S,27400,1000,
000069.SZ,000069,20251209,91501320,0,153509,0,S,28100,1000,
000069.SZ,000069,20251209,91501320,0,153925,0,B,24800,5000,
000069.SZ,000069,20251209,91501320,0,153938,0,S,28100,200,
000069.SZ,000069,20251209,91501330,0,154261,0,S,27600,2000,
000069.SZ,000069,20251209,91501330,0,154389,0,S,26500,2200,
000069.SZ,000069,20251209,91501350,0,155483,0,B,25200,150000,
000069.SZ,000069,20251209,91501350,0,155484,0,B,25100,150000,
000069.SZ,000069,20251209,91501350,0,155485,0,B,25000,150000,
000069.SZ,000069,20251209,91501350,0,155486,0,B,25000,150000,
000069.SZ,000069,20251209,91501350,0,155487,0,B,25100,150000,
000069.SZ,000069,20251209,91501350,0,155488,0,B,25200,150000,
000069.SZ,000069,20251209,91501350,0,155536,0,S,25800,2000,
000069.SZ,000069,20251209,91501350,0,155537,0,B,24800,2000,
000069.SZ,000069,20251209,91501350,0,155574,0,S,25500,3000,
000069.SZ,000069,20251209,91501350,0,155650,0,S,25800,1000,
000069.SZ,000069,20251209,91501350,0,155652,0,S,26100,1000,
000069.SZ,000069,20251209,91501350,0,155654,0,S,26400,1000,
000069.SZ,000069,20251209,91501350,0,155655,0,S,26700,1000,
000069.SZ,000069,20251209,91501350,0,155656,0,S,27100,1000,
000069.SZ,000069,20251209,91501360,0,156265,0,B,24500,4100,
000069.SZ,000069,20251209,91501370,0,156330,0,S,28000,100,
000069.SZ,000069,20251209,91501380,0,156992,0,S,28100,1000,
000069.SZ,000069,20251209,91501380,0,157057,0,S,27000,13200,
000069.SZ,000069,20251209,91501390,0,157793,0,B,24800,13700,
000069.SZ,000069,20251209,91501390,0,157846,0,B,24400,15000,
000069.SZ,000069,20251209,91501410,0,158852,0,B,25200,100,
000069.SZ,000069,20251209,91501410,0,158906,0,S,27500,800,
000069.SZ,000069,20251209,91501420,0,159662,0,B,24100,500,
000069.SZ,000069,20251209,91501420,0,159706,0,S,25800,4000,
000069.SZ,000069,20251209,91501420,0,159707,0,S,26300,4000,
000069.SZ,000069,20251209,91501420,0,159708,0,S,26800,4000,
000069.SZ,000069,20251209,91501420,0,159709,0,S,28000,4000,
000069.SZ,000069,20251209,91501430,0,159989,0,B,24900,50000,
000069.SZ,000069,20251209,91501430,0,159990,0,B,24700,50000,
000069.SZ,000069,20251209,91501430,0,159992,0,B,24100,50000,
000069.SZ,000069,20251209,91501430,0,159993,0,B,24000,50000,
000069.SZ,000069,20251209,91501430,0,159994,0,B,23800,50000,
000069.SZ,000069,20251209,91501430,0,159995,0,B,23600,50000,
000069.SZ,000069,20251209,91501430,0,160002,0,B,23400,50000,
000069.SZ,000069,20251209,91501430,0,160277,0,B,25000,50000,
000069.SZ,000069,20251209,91501430,0,160279,0,B,24800,50000,
000069.SZ,000069,20251209,91501430,0,160280,0,B,24600,50000,
000069.SZ,000069,20251209,91501430,0,160281,0,B,24500,50000,
000069.SZ,000069,20251209,91501430,0,160282,0,B,24400,50000,
000069.SZ,000069,20251209,91501430,0,160283,0,B,24300,50000,
000069.SZ,000069,20251209,91501430,0,160284,0,B,24200,50000,
000069.SZ,000069,20251209,91501430,0,160289,0,B,23900,50000,
000069.SZ,000069,20251209,91501430,0,160291,0,B,23700,50000,
000069.SZ,000069,20251209,91501430,0,160292,0,B,23500,50000,
000069.SZ,000069,20251209,91501440,0,160965,0,S,27800,2700,
000069.SZ,000069,20251209,91501440,0,160966,0,B,24100,5000,
000069.SZ,000069,20251209,91501460,0,162153,0,S,28000,10000,
000069.SZ,000069,20251209,91501460,0,162155,0,S,27000,10000,
000069.SZ,000069,20251209,91501460,0,162156,0,S,27600,10000,
000069.SZ,000069,20251209,91501470,0,162592,0,B,23400,1000,
000069.SZ,000069,20251209,91501470,0,162627,0,S,26800,1800,
000069.SZ,000069,20251209,91501480,0,163509,0,S,28100,25000,
000069.SZ,000069,20251209,91501490,0,163770,0,B,25000,50000,
000069.SZ,000069,20251209,91501490,0,164306,0,B,25500,15700,
000069.SZ,000069,20251209,91501490,0,164307,0,B,25400,15800,
000069.SZ,000069,20251209,91501500,0,164807,0,B,25100,5000,
000069.SZ,000069,20251209,91501510,0,165723,0,S,25500,200,
000069.SZ,000069,20251209,91501520,0,166435,0,S,26600,5700,
000069.SZ,000069,20251209,91501520,0,166749,0,S,25900,1000,
000069.SZ,000069,20251209,91501520,0,166752,0,S,27600,1000,
000069.SZ,000069,20251209,91501520,0,166950,0,S,26200,2000,
000069.SZ,000069,20251209,91501530,0,167511,0,B,23300,1000,
000069.SZ,000069,20251209,91501540,0,168263,0,S,28100,7000,
000069.SZ,000069,20251209,91501540,0,168396,0,S,27300,4000,
000069.SZ,000069,20251209,91501550,0,168736,0,B,25000,1500,
000069.SZ,000069,20251209,91501560,0,169281,0,B,24800,1200,
000069.SZ,000069,20251209,91501560,0,169781,0,S,27000,1000,
000069.SZ,000069,20251209,91501570,0,170037,0,S,26300,1100,
000069.SZ,000069,20251209,91501590,0,171305,0,B,25200,1900,
000069.SZ,000069,20251209,91501600,0,171932,0,B,24900,4000,
000069.SZ,000069,20251209,91501600,0,171933,0,S,26600,2000,
000069.SZ,000069,20251209,91501600,0,171934,0,S,27100,2000,
000069.SZ,000069,20251209,91501600,0,171941,0,S,28100,2000,
000069.SZ,000069,20251209,91501600,0,171942,0,S,27600,2000,
000069.SZ,000069,20251209,91501610,0,172164,0,S,25900,22500,
000069.SZ,000069,20251209,91501610,0,172292,0,B,25000,3100,
000069.SZ,000069,20251209,91501620,0,173078,0,B,25600,800,
000069.SZ,000069,20251209,91501630,0,173097,0,B,23900,1300,
000069.SZ,000069,20251209,91501660,0,175426,0,S,26400,32000,
000069.SZ,000069,20251209,91501660,0,175711,0,S,28000,2000,
000069.SZ,000069,20251209,91501660,0,175726,0,S,26200,1000,
000069.SZ,000069,20251209,91501660,0,175751,0,S,26300,19200,
000069.SZ,000069,20251209,91501660,0,175811,0,B,23100,2000,
000069.SZ,000069,20251209,91501660,0,175860,0,B,24200,10100,
000069.SZ,000069,20251209,91501680,0,176513,0,B,23300,9400,
000069.SZ,000069,20251209,91501680,0,176838,0,B,24600,5000,
000069.SZ,000069,20251209,91501690,0,177286,0,B,25000,10000,
000069.SZ,000069,20251209,91501700,0,177849,0,S,28100,700,
000069.SZ,000069,20251209,91501710,0,177950,0,S,27000,500,
000069.SZ,000069,20251209,91501710,0,178042,0,S,28000,200,
000069.SZ,000069,20251209,91501720,0,178754,0,S,27000,1000,
000069.SZ,000069,20251209,91501750,0,180023,0,S,28100,1000,
000069.SZ,000069,20251209,91501760,0,180453,0,B,25000,9000,
000069.SZ,000069,20251209,91501780,0,181287,0,B,25100,1000,
000069.SZ,000069,20251209,91501790,0,181646,0,B,23800,6600,
000069.SZ,000069,20251209,91501820,0,183033,0,B,25300,1000,
000069.SZ,000069,20251209,91501880,0,185297,0,S,25700,2000,
000069.SZ,000069,20251209,91501880,0,185298,0,S,25900,2000,
000069.SZ,000069,20251209,91501880,0,185299,0,S,26100,4000,
000069.SZ,000069,20251209,91501880,0,185300,0,S,26300,6000,
000069.SZ,000069,20251209,91501880,0,185301,0,S,26500,10000,
000069.SZ,000069,20251209,91501880,0,185302,0,S,26700,4000,
000069.SZ,000069,20251209,91501880,0,185303,0,S,26700,8000,
000069.SZ,000069,20251209,91501880,0,185304,0,B,25300,2000,
000069.SZ,000069,20251209,91501880,0,185510,0,B,24400,1000,
000069.SZ,000069,20251209,91501880,0,185511,0,B,23000,1400,
000069.SZ,000069,20251209,91501890,0,185964,0,S,28100,3000,
000069.SZ,000069,20251209,91501890,0,185972,0,S,28100,6500,
000069.SZ,000069,20251209,91501900,0,186513,0,B,23500,4000,
000069.SZ,000069,20251209,91501900,0,186516,0,S,27800,3000,
000069.SZ,000069,20251209,91501930,0,187601,0,S,27300,98300,
000069.SZ,000069,20251209,91501930,0,187723,0,B,25500,1200,
000069.SZ,000069,20251209,91501960,0,188700,0,S,28100,20000,
000069.SZ,000069,20251209,91501960,0,188701,0,B,24800,21000,
000069.SZ,000069,20251209,91501960,0,188702,0,B,25000,20000,
000069.SZ,000069,20251209,91501960,0,188703,0,B,24900,20000,
000069.SZ,000069,20251209,91501960,0,188704,0,B,24600,21000,
000069.SZ,000069,20251209,91501960,0,188706,0,B,24000,40000,
000069.SZ,000069,20251209,91502030,0,192555,0,S,28100,1000,
000069.SZ,000069,20251209,91502040,0,193012,0,B,23000,5000,
000069.SZ,000069,20251209,91502050,0,193874,0,S,26700,1500,
000069.SZ,000069,20251209,91502060,0,194090,0,B,24700,2800,
000069.SZ,000069,20251209,91502080,0,194592,0,S,27000,2000,
000069.SZ,000069,20251209,91502100,0,195535,0,S,27000,1000,
000069.SZ,000069,20251209,91502130,0,196378,0,S,28100,2600,
000069.SZ,000069,20251209,91502150,0,196907,0,S,25900,20000,
000069.SZ,000069,20251209,91502150,0,196908,0,S,26100,20000,
000069.SZ,000069,20251209,91502150,0,196910,0,S,26400,20000,
000069.SZ,000069,20251209,91502150,0,196953,0,S,28000,107800,
000069.SZ,000069,20251209,91502150,0,197212,0,B,25000,15000,
000069.SZ,000069,20251209,91502160,0,197454,0,B,25000,1000,
000069.SZ,000069,20251209,91502160,0,197644,0,B,23000,5400,
000069.SZ,000069,20251209,91502160,0,197815,0,S,26500,7000,
000069.SZ,000069,20251209,91502160,0,197816,0,S,26900,10000,
000069.SZ,000069,20251209,91502160,0,197817,0,S,27500,10000,
000069.SZ,000069,20251209,91502160,0,197835,0,B,24200,10000,
000069.SZ,000069,20251209,91502190,0,199313,0,B,27700,5400,
000069.SZ,000069,20251209,91502210,0,200191,0,B,25300,11000,
000069.SZ,000069,20251209,91502210,0,200274,0,S,28100,5000,
000069.SZ,000069,20251209,91502270,0,202285,0,S,27000,700,
000069.SZ,000069,20251209,91502300,0,203278,0,S,28000,500,
000069.SZ,000069,20251209,91502300,0,203279,0,B,23300,500,
000069.SZ,000069,20251209,91502300,0,203445,0,S,28000,7900,
000069.SZ,000069,20251209,91502300,0,203462,0,S,28100,15200,
000069.SZ,000069,20251209,91502320,0,203997,0,B,24700,1100,
000069.SZ,000069,20251209,91502320,0,204110,0,B,24200,2100,
000069.SZ,000069,20251209,91502320,0,204249,0,S,27900,2000,
000069.SZ,000069,20251209,91502330,0,204365,0,B,24800,300,
000069.SZ,000069,20251209,91502350,0,205146,0,S,26000,3900,
000069.SZ,000069,20251209,91502350,0,205148,0,S,25800,4000,
000069.SZ,000069,20251209,91502380,0,205771,0,B,25000,5000,
000069.SZ,000069,20251209,91502410,0,206861,0,B,25000,26100,
000069.SZ,000069,20251209,91502410,0,207095,0,B,25000,200,
000069.SZ,000069,20251209,91502420,0,207195,0,S,28000,20000,
000069.SZ,000069,20251209,91502440,0,208042,0,B,25000,5000,
000069.SZ,000069,20251209,91502450,0,208351,0,S,27000,10000,
000069.SZ,000069,20251209,91502480,0,209527,0,B,25300,10000,
000069.SZ,000069,20251209,91502480,0,209706,0,S,28100,400,
000069.SZ,000069,20251209,91502480,0,209718,0,B,25100,1000,
000069.SZ,000069,20251209,91502520,0,211709,0,S,27500,900,
000069.SZ,000069,20251209,91502520,0,211728,0,S,28000,2000,
000069.SZ,000069,20251209,91502530,0,211791,0,S,25600,7600,
000069.SZ,000069,20251209,91502540,0,212331,0,S,26000,5000,
000069.SZ,000069,20251209,91502540,0,212332,0,S,26400,5000,
000069.SZ,000069,20251209,91502540,0,212348,0,S,27000,5000,
000069.SZ,000069,20251209,91502540,0,212505,0,B,25000,3600,
000069.SZ,000069,20251209,91502540,0,212543,0,S,26100,5000,
000069.SZ,000069,20251209,91502540,0,212675,0,B,24200,500,
000069.SZ,000069,20251209,91502540,0,212697,0,S,27500,800,
000069.SZ,000069,20251209,91502550,0,213327,0,B,25000,5300,
000069.SZ,000069,20251209,91502550,0,213345,0,S,27900,4000,
000069.SZ,000069,20251209,91502550,0,213470,0,B,25300,9000,
000069.SZ,000069,20251209,91502560,0,213692,0,S,28100,500,
000069.SZ,000069,20251209,91502570,0,213981,0,B,25000,2000,
000069.SZ,000069,20251209,91502580,0,214448,0,B,24300,4000,
000069.SZ,000069,20251209,91502620,0,215898,0,S,27000,500,
000069.SZ,000069,20251209,91502620,0,215912,0,S,27500,5000,
000069.SZ,000069,20251209,91502620,0,215961,0,S,25900,5000,
000069.SZ,000069,20251209,91502620,0,216103,0,S,26600,100,
000069.SZ,000069,20251209,91502620,0,216104,0,S,27300,100,
000069.SZ,000069,20251209,91502640,0,216696,0,S,26300,1000,
000069.SZ,000069,20251209,91502640,0,216816,0,S,25800,11200,
000069.SZ,000069,20251209,91502700,0,218886,0,B,25000,10000,
000069.SZ,000069,20251209,91502870,0,222871,0,B,25100,2000,
000069.SZ,000069,20251209,91502870,0,222926,0,B,24900,4000,
000069.SZ,000069,20251209,91502870,0,222927,0,B,24700,6000,
000069.SZ,000069,20251209,91502870,0,222929,0,B,24500,8500,
000069.SZ,000069,20251209,91502880,0,223126,0,S,26700,20000,
000069.SZ,000069,20251209,91502880,0,223214,0,B,24800,1500,
000069.SZ,000069,20251209,91502930,0,224308,0,B,25000,300,
000069.SZ,000069,20251209,91502940,0,224655,0,S,26400,2000,
000069.SZ,000069,20251209,91502940,0,224752,0,B,24600,20000,
000069.SZ,000069,20251209,91502950,0,224899,0,S,25800,3000,
000069.SZ,000069,20251209,91502950,0,224900,0,S,26000,3000,
000069.SZ,000069,20251209,91502950,0,224901,0,S,26200,3000,
000069.SZ,000069,20251209,91502950,0,224903,0,S,26400,5000,
000069.SZ,000069,20251209,91502950,0,224904,0,S,26800,5000,
000069.SZ,000069,20251209,91502950,0,224906,0,S,27100,5000,
000069.SZ,000069,20251209,91502950,0,224909,0,S,27500,5000,
000069.SZ,000069,20251209,91502950,0,224910,0,S,27700,5000,
000069.SZ,000069,20251209,91502950,0,224911,0,S,27900,5000,
000069.SZ,000069,20251209,91502960,0,225471,0,B,25100,2000,
000069.SZ,000069,20251209,91503020,0,227580,0,S,27500,1200,
000069.SZ,000069,20251209,91503030,0,227812,0,S,25500,2100,
000069.SZ,000069,20251209,91503060,0,228531,0,S,26900,4000,
000069.SZ,000069,20251209,91503080,0,229023,0,B,25100,10000,
000069.SZ,000069,20251209,91503100,0,229427,0,B,25000,2000,
000069.SZ,000069,20251209,91503130,0,230349,0,B,25200,3600,
000069.SZ,000069,20251209,91503140,0,230516,0,S,25600,14800,
000069.SZ,000069,20251209,91503150,0,230763,0,B,25100,37700,
000069.SZ,000069,20251209,91503160,0,231250,0,S,27200,300,
000069.SZ,000069,20251209,91503180,0,232040,0,S,26000,20000,
000069.SZ,000069,20251209,91503180,0,232041,0,B,25000,20000,
000069.SZ,000069,20251209,91503220,0,232764,0,S,25600,600,
000069.SZ,000069,20251209,91503220,0,232765,0,S,25700,1400,
000069.SZ,000069,20251209,91503240,0,233137,0,S,26800,300,
000069.SZ,000069,20251209,91503250,0,233296,0,S,25600,5000,
000069.SZ,000069,20251209,91503250,0,233397,0,S,28000,300,
000069.SZ,000069,20251209,91503300,0,234000,0,S,28100,2800,
000069.SZ,000069,20251209,91503330,0,234824,0,B,25500,1500,
000069.SZ,000069,20251209,91503360,0,235226,0,B,25100,50000,
000069.SZ,000069,20251209,91503360,0,235312,0,B,25000,300,
000069.SZ,000069,20251209,91503380,0,235578,0,S,25900,1500,
000069.SZ,000069,20251209,91503410,0,236181,0,S,26600,2400,
000069.SZ,000069,20251209,91503410,0,236183,0,B,25200,1800,
000069.SZ,000069,20251209,91503410,0,236233,0,S,28100,500,
000069.SZ,000069,20251209,91503410,0,236385,0,S,28000,1000,
000069.SZ,000069,20251209,91503410,0,236471,0,B,24200,400,
000069.SZ,000069,20251209,91503420,0,236684,0,B,24000,2000,
000069.SZ,000069,20251209,91503500,0,238663,0,B,25500,400,
000069.SZ,000069,20251209,91503500,0,238859,0,B,23800,1600,
000069.SZ,000069,20251209,91503500,0,238913,0,B,24900,900,
000069.SZ,000069,20251209,91503510,0,239248,0,S,25800,7000,
000069.SZ,000069,20251209,91503510,0,239249,0,S,25900,7000,
000069.SZ,000069,20251209,91503510,0,239250,0,B,25200,7000,
000069.SZ,000069,20251209,91503510,0,239252,0,B,25100,7000,
000069.SZ,000069,20251209,91503520,0,239550,0,B,25000,4000,
000069.SZ,000069,20251209,91503520,0,239551,0,B,24000,4000,
000069.SZ,000069,20251209,91503520,0,239570,0,S,27500,4300,
000069.SZ,000069,20251209,91503530,0,239888,0,S,26500,400,
000069.SZ,000069,20251209,91503530,0,239889,0,S,27400,400,
000069.SZ,000069,20251209,91503530,0,239890,0,B,23100,600,
000069.SZ,000069,20251209,91503530,0,239949,0,S,27500,3000,
000069.SZ,000069,20251209,91503530,0,239951,0,B,25000,4000,
000069.SZ,000069,20251209,91503530,0,239952,0,B,24000,4000,
000069.SZ,000069,20251209,91503550,0,240862,0,B,25100,4800,
000069.SZ,000069,20251209,91503580,0,241898,0,B,25200,1500,
000069.SZ,000069,20251209,91503650,0,243541,0,S,25600,22000,
000069.SZ,000069,20251209,91503820,0,246323,0,S,26100,400,
000069.SZ,000069,20251209,91503820,0,246417,0,S,25900,100,
000069.SZ,000069,20251209,91503820,0,246418,0,S,28000,100,
000069.SZ,000069,20251209,91503820,0,246419,0,B,24500,100,
000069.SZ,000069,20251209,91503870,0,246882,0,S,25600,5000,
000069.SZ,000069,20251209,91503870,0,246894,0,B,25400,5000,
000069.SZ,000069,20251209,91503870,0,246895,0,B,25300,5000,
000069.SZ,000069,20251209,91503940,0,248017,0,B,25000,50000,
000069.SZ,000069,20251209,91503950,0,248239,0,B,25000,50000,
000069.SZ,000069,20251209,91503950,0,248247,0,B,24900,50000,
000069.SZ,000069,20251209,91503970,0,248664,0,B,25300,6800,
000069.SZ,000069,20251209,91503970,0,248665,0,B,25100,7000,
000069.SZ,000069,20251209,91503970,0,248710,0,S,26000,10000,
000069.SZ,000069,20251209,91503970,0,248787,0,S,26200,10000,
000069.SZ,000069,20251209,91503970,0,248789,0,S,26400,7000,
000069.SZ,000069,20251209,91504000,0,249236,0,B,25100,5000,
000069.SZ,000069,20251209,91504010,0,249382,0,B,25400,60900,
000069.SZ,000069,20251209,91504020,0,249646,0,B,24600,12800,
000069.SZ,000069,20251209,91504040,0,249800,0,B,25300,100,
000069.SZ,000069,20251209,91504040,0,249801,0,B,25100,100,
000069.SZ,000069,20251209,91504040,0,249803,0,B,24900,100,
000069.SZ,000069,20251209,91504040,0,249805,0,B,24700,100,
000069.SZ,000069,20251209,91504040,0,249806,0,B,24500,100,
000069.SZ,000069,20251209,91504040,0,249810,0,S,25800,100,
000069.SZ,000069,20251209,91504100,0,250432,0,B,25000,5000,
000069.SZ,000069,20251209,91504110,0,250581,0,B,25100,12000,
000069.SZ,000069,20251209,91504110,0,250585,0,B,24200,15000,
000069.SZ,000069,20251209,91504140,0,250855,0,S,28100,300,
000069.SZ,000069,20251209,91504170,0,251587,0,S,26400,1200,
000069.SZ,000069,20251209,91504170,0,251588,0,S,26900,1200,
000069.SZ,000069,20251209,91504170,0,251590,0,S,27300,600,
000069.SZ,000069,20251209,91504170,0,251600,0,S,27900,1200,
000069.SZ,000069,20251209,91504170,0,251601,0,B,24400,1800,
000069.SZ,000069,20251209,91504170,0,251661,0,S,26600,2800,
000069.SZ,000069,20251209,91504200,0,252054,0,S,26300,2000,
000069.SZ,000069,20251209,91504200,0,252057,0,S,27300,2000,
000069.SZ,000069,20251209,91504200,0,252063,0,S,28100,2000,
000069.SZ,000069,20251209,91504200,0,252070,0,B,24300,2000,
000069.SZ,000069,20251209,91504220,0,252236,0,B,24700,1500,
000069.SZ,000069,20251209,91504220,0,252238,0,B,24400,1500,
000069.SZ,000069,20251209,91504220,0,252239,0,B,24100,1500,
000069.SZ,000069,20251209,91504220,0,252241,0,B,23800,1500,
000069.SZ,000069,20251209,91504220,0,252243,0,B,23500,1500,
000069.SZ,000069,20251209,91504220,0,252244,0,B,23200,1500,
000069.SZ,000069,20251209,91504310,0,253425,0,S,25700,5200,
000069.SZ,000069,20251209,91504310,0,253428,0,S,25600,5200,
000069.SZ,000069,20251209,91504310,0,253430,0,B,25000,10000,
000069.SZ,000069,20251209,91504320,0,253498,0,B,25300,5200,
000069.SZ,000069,20251209,91504320,0,253499,0,B,25100,5200,
000069.SZ,000069,20251209,91504320,0,253510,0,B,25200,5200,
000069.SZ,000069,20251209,91504420,0,254654,0,S,26000,2000,
000069.SZ,000069,20251209,91504420,0,254657,0,S,26500,2000,
000069.SZ,000069,20251209,91504420,0,254659,0,S,27000,2000,
000069.SZ,000069,20251209,91504420,0,254660,0,B,25000,2000,
000069.SZ,000069,20251209,91504500,0,255996,0,S,26500,1000,
000069.SZ,000069,20251209,91504510,0,256310,0,S,26100,33600,
000069.SZ,000069,20251209,91504530,0,256525,0,S,25700,8600,
000069.SZ,000069,20251209,91504540,0,256851,0,S,26800,1300,
000069.SZ,000069,20251209,91504560,0,257326,0,S,27800,46900,
000069.SZ,000069,20251209,91504600,0,258063,0,B,25300,15800,
000069.SZ,000069,20251209,91504600,0,258064,0,B,25200,15900,
000069.SZ,000069,20251209,91504600,0,258065,0,B,25100,16000,
000069.SZ,000069,20251209,91504600,0,258066,0,B,25000,16000,
000069.SZ,000069,20251209,91504650,0,258885,0,S,27600,1000,
000069.SZ,000069,20251209,91504670,0,259238,0,S,28100,24300,
000069.SZ,000069,20251209,91504720,0,259713,0,S,26000,2000,
000069.SZ,000069,20251209,91504930,0,260447,0,S,26100,100,
000069.SZ,000069,20251209,91504930,0,260453,0,S,26400,100,
000069.SZ,000069,20251209,91504930,0,260460,0,S,26700,100,
000069.SZ,000069,20251209,91504930,0,260463,0,S,27000,100,
000069.SZ,000069,20251209,91504930,0,260502,0,S,27500,100,
000069.SZ,000069,20251209,91504930,0,260508,0,S,27300,100,
000069.SZ,000069,20251209,91505100,0,261580,0,B,23000,4000,
000069.SZ,000069,20251209,91505190,0,262357,0,B,25000,10000,
000069.SZ,000069,20251209,91505210,0,262467,0,B,25000,700,
000069.SZ,000069,20251209,91505230,0,262771,0,S,28100,100,
000069.SZ,000069,20251209,91505270,0,262984,0,S,28100,3000,
000069.SZ,000069,20251209,91505280,0,263013,0,S,25800,4300,
000069.SZ,000069,20251209,91505340,0,263257,0,S,28000,500,
000069.SZ,000069,20251209,91505580,0,265892,0,B,25000,4300,
000069.SZ,000069,20251209,91505600,0,266123,0,S,26800,400,
000069.SZ,000069,20251209,91505700,0,267187,0,B,25000,1000,
000069.SZ,000069,20251209,91505750,0,267532,0,S,28000,500,
000069.SZ,000069,20251209,91505750,0,267534,0,B,23100,500,
000069.SZ,000069,20251209,91505790,0,267666,0,S,25900,900,
000069.SZ,000069,20251209,91506060,0,268647,0,S,27300,30700,
000069.SZ,000069,20251209,91506400,0,270120,0,S,26400,300,
000069.SZ,000069,20251209,91506400,0,270121,0,S,26500,300,
000069.SZ,000069,20251209,91506400,0,270125,0,S,26900,300,
000069.SZ,000069,20251209,91506490,0,270572,0,B,25200,3000,
000069.SZ,000069,20251209,91506590,0,271474,0,B,25000,25000,
000069.SZ,000069,20251209,91506630,0,271909,0,S,25800,1200,
000069.SZ,000069,20251209,91506650,0,272127,0,S,26200,300,
000069.SZ,000069,20251209,91506650,0,272151,0,S,26300,300,
000069.SZ,000069,20251209,91506650,0,272154,0,S,26600,300,
000069.SZ,000069,20251209,91506650,0,272157,0,S,26700,300,
000069.SZ,000069,20251209,91506650,0,272158,0,S,26800,300,
000069.SZ,000069,20251209,91506650,0,272159,0,S,27000,300,
000069.SZ,000069,20251209,91506930,0,273007,0,B,23800,20000,
000069.SZ,000069,20251209,91506940,0,273113,0,B,23800,100,
000069.SZ,000069,20251209,91507090,0,273599,0,S,26600,2000,
000069.SZ,000069,20251209,91507170,0,273857,0,S,26000,5000,
000069.SZ,000069,20251209,91507180,0,274004,0,S,27000,2500,
000069.SZ,000069,20251209,91507380,0,274585,0,S,26500,3000,
000069.SZ,000069,20251209,91507540,0,275095,0,B,24300,600,
000069.SZ,000069,20251209,91507610,0,275574,0,S,28100,400,
000069.SZ,000069,20251209,91507640,0,275836,0,B,24200,1500,
000069.SZ,000069,20251209,91507650,0,275963,0,B,25000,3000,
000069.SZ,000069,20251209,91507680,0,276225,0,S,27000,4000,
000069.SZ,000069,20251209,91507680,0,276226,0,S,28000,4000,
000069.SZ,000069,20251209,91507710,0,276330,0,S,26000,3000,
000069.SZ,000069,20251209,91507710,0,276331,0,S,26500,3000,
000069.SZ,000069,20251209,91507710,0,276332,0,S,27000,3000,
000069.SZ,000069,20251209,91507710,0,276334,0,S,28100,4000,
000069.SZ,000069,20251209,91507710,0,276336,0,B,24500,4000,
000069.SZ,000069,20251209,91507910,0,276518,0,S,27700,5000,
000069.SZ,000069,20251209,91507910,0,276527,0,B,24100,1800,
000069.SZ,000069,20251209,91507910,0,276529,0,B,24500,1800,
000069.SZ,000069,20251209,91507910,0,276530,0,B,23700,1900,
000069.SZ,000069,20251209,91507910,0,276534,0,S,28100,4000,
000069.SZ,000069,20251209,91507910,0,276541,0,B,24900,1700,
000069.SZ,000069,20251209,91507920,0,276542,0,S,26900,5000,
000069.SZ,000069,20251209,91507920,0,276543,0,S,26500,5000,
000069.SZ,000069,20251209,91507920,0,276544,0,S,26000,1200,
000069.SZ,000069,20251209,91507920,0,276545,0,S,26600,5000,
000069.SZ,000069,20251209,91507920,0,276546,0,S,27100,5000,
000069.SZ,000069,20251209,91507920,0,276547,0,S,27800,5000,
000069.SZ,000069,20251209,91507920,0,276561,0,S,27200,5000,
000069.SZ,000069,20251209,91507920,0,276562,0,S,27300,5000,
000069.SZ,000069,20251209,91507920,0,276563,0,S,27600,5000,
000069.SZ,000069,20251209,91507920,0,276576,0,S,27500,5000,
000069.SZ,000069,20251209,91507920,0,276577,0,S,27000,5000,
000069.SZ,000069,20251209,91507920,0,276578,0,S,26800,5000,
000069.SZ,000069,20251209,91507920,0,276580,0,S,26400,5000,
000069.SZ,000069,20251209,91507920,0,276581,0,S,27200,1300,
000069.SZ,000069,20251209,91507920,0,276582,0,S,26400,1200,
000069.SZ,000069,20251209,91507920,0,276585,0,S,27900,5000,
000069.SZ,000069,20251209,91507920,0,276587,0,S,27400,5000,
000069.SZ,000069,20251209,91507920,0,276588,0,S,26300,5000,
000069.SZ,000069,20251209,91507920,0,276589,0,S,26200,5000,
000069.SZ,000069,20251209,91507920,0,276590,0,S,26800,1300,
000069.SZ,000069,20251209,91507920,0,276591,0,S,26700,5000,
000069.SZ,000069,20251209,91507920,0,276592,0,S,28000,1400,
000069.SZ,000069,20251209,91507920,0,276594,0,S,27600,1400,
000069.SZ,000069,20251209,91508160,0,277215,0,B,25000,500,
000069.SZ,000069,20251209,91508190,0,277269,0,S,27800,800,
000069.SZ,000069,20251209,91508490,0,277517,0,S,27700,200,
000069.SZ,000069,20251209,91508630,0,278176,0,S,28000,200,
000069.SZ,000069,20251209,91509160,0,279238,0,S,24800,2000,
000069.SZ,000069,20251209,91509160,0,279239,0,S,24800,100,
000069.SZ,000069,20251209,91509160,0,279240,0,S,24800,100,
000069.SZ,000069,20251209,91509360,0,279365,0,S,24300,2200,
000069.SZ,000069,20251209,91510140,0,280881,0,B,25500,300,
000069.SZ,000069,20251209,91510440,0,281015,0,S,25700,1800,
000069.SZ,000069,20251209,91510440,0,281016,0,B,25500,1800,
000069.SZ,000069,20251209,91510510,0,281279,0,B,24500,1000,
000069.SZ,000069,20251209,91510930,0,282042,0,B,25000,500,
000069.SZ,000069,20251209,91511100,0,282235,0,S,27500,1000,
000069.SZ,000069,20251209,91511290,0,282445,0,S,26200,2400,
000069.SZ,000069,20251209,91511630,0,283048,0,S,25500,100,
000069.SZ,000069,20251209,91511650,0,283137,0,S,26500,800,
000069.SZ,000069,20251209,91511650,0,283138,0,S,27500,800,
000069.SZ,000069,20251209,91511650,0,283139,0,B,24900,700,
000069.SZ,000069,20251209,91512410,0,283633,0,B,25100,2400,
000069.SZ,000069,20251209,91512420,0,283639,0,B,24300,3000,
000069.SZ,000069,20251209,91512420,0,283640,0,B,24000,3000,
000069.SZ,000069,20251209,91512420,0,283641,0,B,23400,3000,
000069.SZ,000069,20251209,91512430,0,283643,0,B,24600,3000,
000069.SZ,000069,20251209,91512430,0,283644,0,B,23700,3000,
000069.SZ,000069,20251209,91512460,0,283653,0,B,23100,3000,
000069.SZ,000069,20251209,91512460,0,283654,0,B,24900,3000,
000069.SZ,000069,20251209,91512600,0,283979,0,S,28000,1000,
000069.SZ,000069,20251209,91512600,0,283987,0,B,24000,1000,
000069.SZ,000069,20251209,91513130,0,284266,0,S,26100,300,
000069.SZ,000069,20251209,91513130,0,284267,0,B,24900,300,
000069.SZ,000069,20251209,91514480,0,284875,0,B,25100,400,
000069.SZ,000069,20251209,91514480,0,284876,0,S,25700,400,
000069.SZ,000069,20251209,91520090,0,286230,0,S,28000,5000,
000069.SZ,000069,20251209,91520090,0,286231,0,B,23000,5000,
000069.SZ,000069,20251209,91522740,0,286799,0,B,24500,10000,
000069.SZ,000069,20251209,91523510,0,286969,0,S,28000,15000,
000069.SZ,000069,20251209,91524340,0,287187,0,S,26800,200,
000069.SZ,000069,20251209,91524340,0,287188,0,S,27000,200,
000069.SZ,000069,20251209,91525130,0,287369,0,S,26900,200,
000069.SZ,000069,20251209,91525170,0,287381,0,S,26700,200,
000069.SZ,000069,20251209,91528340,0,288041,0,S,26500,300,
000069.SZ,000069,20251209,91528340,0,288042,0,B,24700,300,
000069.SZ,000069,20251209,91528740,0,288116,0,S,26500,5000,
000069.SZ,000069,20251209,91529360,0,288281,0,B,23100,2500,
000069.SZ,000069,20251209,91530720,0,288560,0,B,24600,20000,
000069.SZ,000069,20251209,91532340,0,288933,0,B,25000,19900,
000069.SZ,000069,20251209,91534370,0,289454,0,S,26200,600,
000069.SZ,000069,20251209,91534370,0,289455,0,B,25200,600,
000069.SZ,000069,20251209,91535360,0,289680,0,B,25100,1000,
000069.SZ,000069,20251209,91538570,0,290500,0,B,24900,200,
000069.SZ,000069,20251209,91538570,0,290501,0,S,25700,200,
000069.SZ,000069,20251209,91539870,0,290840,0,B,25500,10900,
000069.SZ,000069,20251209,91540300,0,290969,0,B,24700,1500,
000069.SZ,000069,20251209,91542190,0,291449,0,B,24500,500,
000069.SZ,000069,20251209,91543320,0,291774,0,B,25200,1000,
000069.SZ,000069,20251209,91543320,0,291775,0,S,25800,1000,
000069.SZ,000069,20251209,91552280,0,294194,0,B,23200,500,
000069.SZ,000069,20251209,91556060,0,295436,0,S,26100,200,
000069.SZ,000069,20251209,91556060,0,295437,0,B,24100,200,
000069.SZ,000069,20251209,91600060,0,296748,0,S,25800,200,
000069.SZ,000069,20251209,91600190,0,296803,0,B,25000,200,
000069.SZ,000069,20251209,91600880,0,297014,0,S,25700,200,
000069.SZ,000069,20251209,91600880,0,297015,0,B,24900,200,
000069.SZ,000069,20251209,91601210,0,297170,0,S,25900,200,
000069.SZ,000069,20251209,91601230,0,297179,0,B,25100,200,
000069.SZ,000069,20251209,91601300,0,297211,0,S,26000,200,
000069.SZ,000069,20251209,91601300,0,297212,0,B,25200,200,
000069.SZ,000069,20251209,91604240,0,298241,0,S,26100,400,
000069.SZ,000069,20251209,91604240,0,298242,0,B,24100,400,
000069.SZ,000069,20251209,91605120,0,298584,0,S,25900,100,
000069.SZ,000069,20251209,91605120,0,298585,0,B,25300,100,
000069.SZ,000069,20251209,91605220,0,298619,0,S,25600,208900,
000069.SZ,000069,20251209,91610110,0,300095,0,S,26000,5000,
000069.SZ,000069,20251209,91612490,0,300839,0,B,28100,3000,
000069.SZ,000069,20251209,91619080,0,302730,0,S,28100,1600,
000069.SZ,000069,20251209,91628960,0,305325,0,B,24400,100,
000069.SZ,000069,20251209,91631570,0,306124,0,S,26400,5000,
000069.SZ,000069,20251209,91633200,0,306688,0,B,23000,700,
000069.SZ,000069,20251209,91635920,0,307370,0,S,26200,46200,
000069.SZ,000069,20251209,91636550,0,307548,0,S,25500,900,
000069.SZ,000069,20251209,91637090,0,307707,0,S,26700,100,
000069.SZ,000069,20251209,91639040,0,308275,0,S,28100,13900,
000069.SZ,000069,20251209,91639770,0,308478,0,B,24300,100,
000069.SZ,000069,20251209,91640400,0,308669,0,B,23100,100,
000069.SZ,000069,20251209,91648210,0,310875,0,B,25100,4000,
000069.SZ,000069,20251209,91650790,0,311597,0,S,28100,20000,
000069.SZ,000069,20251209,91650840,0,311612,0,B,25000,50000,
000069.SZ,000069,20251209,91651060,0,311679,0,S,25500,14200,
000069.SZ,000069,20251209,91652270,0,312025,0,S,27200,13000,
000069.SZ,000069,20251209,91654270,0,312594,0,S,25700,8300,
000069.SZ,000069,20251209,91659210,0,314047,0,B,25200,7100,
000069.SZ,000069,20251209,91659930,0,314255,0,B,24600,4000,
000069.SZ,000069,20251209,91701210,0,314654,0,S,25500,600,
000069.SZ,000069,20251209,91701320,0,314685,0,B,24200,1300,
000069.SZ,000069,20251209,91701950,0,314884,0,S,25700,4000,
000069.SZ,000069,20251209,91702270,0,314988,0,S,26500,7000,
000069.SZ,000069,20251209,91709470,0,317107,0,B,24500,6200,
000069.SZ,000069,20251209,91713860,0,318348,0,S,28000,1000,
000069.SZ,000069,20251209,91719190,0,319874,0,B,24600,6300,
000069.SZ,000069,20251209,91719510,0,319971,0,S,26500,6000,
000069.SZ,000069,20251209,91719930,0,320109,0,S,27800,10000,
000069.SZ,000069,20251209,91722940,0,321043,0,S,26000,9000,
000069.SZ,000069,20251209,91725520,0,321829,0,S,28100,5000,
000069.SZ,000069,20251209,91726330,0,322082,0,S,26500,7900,
000069.SZ,000069,20251209,91726610,0,322177,0,S,25500,15400,
000069.SZ,000069,20251209,91726970,0,322289,0,S,25800,20000,
000069.SZ,000069,20251209,91730840,0,323416,0,S,26800,2000,
000069.SZ,000069,20251209,91732370,0,323896,0,S,26200,20000,
000069.SZ,000069,20251209,91736490,0,325177,0,S,27100,3000,
000069.SZ,000069,20251209,91738050,0,325645,0,S,25900,80000,
000069.SZ,000069,20251209,91740220,0,326275,0,S,25700,269400,
000069.SZ,000069,20251209,91743420,0,327245,0,S,26300,100,
000069.SZ,000069,20251209,91748410,0,328838,0,S,26600,100,
000069.SZ,000069,20251209,91750310,0,329416,0,B,25100,2000,
000069.SZ,000069,20251209,91751010,0,329640,0,B,25000,500,
000069.SZ,000069,20251209,91752980,0,330243,0,B,24000,3000,
000069.SZ,000069,20251209,91753870,0,330547,0,S,26900,100,
000069.SZ,000069,20251209,91755230,0,330991,0,S,28000,2000,
000069.SZ,000069,20251209,91759720,0,332431,0,S,27200,100,
000069.SZ,000069,20251209,91800700,0,332738,0,B,25300,1100,
000069.SZ,000069,20251209,91804740,0,334099,0,S,27500,100,
000069.SZ,000069,20251209,91804910,0,334147,0,B,25300,11300,
000069.SZ,000069,20251209,91807900,0,335187,0,S,27500,3000,
000069.SZ,000069,20251209,91812360,0,336713,0,S,27800,100,
000069.SZ,000069,20251209,91817070,0,338287,0,B,25200,3000,
000069.SZ,000069,20251209,91820030,0,339225,0,B,25000,3000,
000069.SZ,000069,20251209,91833200,0,343735,0,B,24800,3000,
000069.SZ,000069,20251209,91839080,0,345800,0,S,26600,10000,
000069.SZ,000069,20251209,91842010,0,346854,0,S,25900,3000,
000069.SZ,000069,20251209,91843240,0,347290,0,B,25200,2000,
000069.SZ,000069,20251209,91849760,0,349690,0,B,23000,5000,
000069.SZ,000069,20251209,91852220,0,350575,0,B,24800,500,
000069.SZ,000069,20251209,91856310,0,352255,0,S,26200,3000,
000069.SZ,000069,20251209,91906350,0,356116,0,B,25100,2000,
000069.SZ,000069,20251209,91917620,0,360456,0,S,26000,5000,
000069.SZ,000069,20251209,91920190,0,361474,0,B,24800,24800,
000069.SZ,000069,20251209,91922760,0,362486,0,S,25600,11600,
000069.SZ,000069,20251209,91923790,0,362882,0,S,25800,11300,
000069.SZ,000069,20251209,91925560,0,363534,0,S,25600,10000,
000069.SZ,000069,20251209,91927510,0,364301,0,B,25000,500,
000069.SZ,000069,20251209,91928920,0,364860,0,B,24600,3000,
000069.SZ,000069,20251209,91929250,0,364995,0,S,25800,2500,
000069.SZ,000069,20251209,91931550,0,365896,0,S,26500,2500,
000069.SZ,000069,20251209,91932260,0,366170,0,S,25700,15400,
000069.SZ,000069,20251209,91938920,0,368808,0,S,25800,1000,
000069.SZ,000069,20251209,91938940,0,368819,0,S,28100,1000,
000069.SZ,000069,20251209,91940340,0,369392,0,S,25800,10000,
000069.SZ,000069,20251209,91941100,0,369694,0,S,26600,2500,
000069.SZ,000069,20251209,91945100,0,371217,0,S,25700,7800,
000069.SZ,000069,20251209,91948140,0,372410,0,B,25300,20000,
000069.SZ,000069,20251209,91951940,0,373931,0,S,26700,2500,
000069.SZ,000069,20251209,91952480,0,374154,0,S,25400,50000,
000069.SZ,000069,20251209,91954690,0,375068,0,B,25000,2200,
000069.SZ,000069,20251209,91954790,0,375115,0,B,25100,20000,
000069.SZ,000069,20251209,91955720,0,375478,0,S,28100,28000,
000069.SZ,000069,20251209,91958430,0,376677,0,S,26100,1000,
000069.SZ,000069,20251209,91959320,0,377066,0,S,25500,8700,
000069.SZ,000069,20251209,92001200,0,377994,0,S,26200,30000,
000069.SZ,000069,20251209,92003540,0,379005,0,S,26800,2500,
000069.SZ,000069,20251209,92003860,0,379114,0,S,25500,10000,
000069.SZ,000069,20251209,92004230,0,379296,0,S,28100,1200,
000069.SZ,000069,20251209,92006020,0,379975,0,B,26000,200,
000069.SZ,000069,20251209,92006640,0,380179,0,B,25200,20000,
000069.SZ,000069,20251209,92009080,0,380999,0,S,27200,15700,
000069.SZ,000069,20251209,92010520,0,381578,0,B,24500,2200,
000069.SZ,000069,20251209,92014020,0,382771,0,S,25700,5000,
000069.SZ,000069,20251209,92014250,0,382834,0,S,26900,2500,
000069.SZ,000069,20251209,92014350,0,382860,0,B,25400,1000,
000069.SZ,000069,20251209,92016320,0,383535,0,S,25700,10000,
000069.SZ,000069,20251209,92022030,0,385504,0,B,24800,700,
000069.SZ,000069,20251209,92023280,0,385958,0,B,25000,20000,
000069.SZ,000069,20251209,92023520,0,386038,0,S,27000,2500,
000069.SZ,000069,20251209,92024140,0,386261,0,S,23500,800,
000069.SZ,000069,20251209,92026060,0,386958,0,B,24200,2200,
000069.SZ,000069,20251209,92026090,0,386970,0,S,25800,600,
000069.SZ,000069,20251209,92026840,0,387253,0,S,26000,19000,
000069.SZ,000069,20251209,92027080,0,387351,0,S,23500,500,
000069.SZ,000069,20251209,92027380,0,387454,0,S,25600,20000,
000069.SZ,000069,20251209,92028940,0,387981,0,S,25800,5000,
000069.SZ,000069,20251209,92029650,0,388231,0,S,27000,15000,
000069.SZ,000069,20251209,92033490,0,389567,0,B,25100,20000,
000069.SZ,000069,20251209,92033700,0,389629,0,S,25900,30000,
000069.SZ,000069,20251209,92035810,0,390378,0,S,25800,4000,
000069.SZ,000069,20251209,92035970,0,390438,0,B,25000,4000,
000069.SZ,000069,20251209,92036850,0,390796,0,B,23500,700,
000069.SZ,000069,20251209,92043710,0,393204,0,S,25900,20000,
000069.SZ,000069,20251209,92044410,0,393465,0,B,25200,3300,
000069.SZ,000069,20251209,92045210,0,393757,0,B,25000,5000,
000069.SZ,000069,20251209,92045480,0,393876,0,B,25100,9000,
000069.SZ,000069,20251209,92045880,0,394025,0,B,24300,400,
000069.SZ,000069,20251209,92051240,0,396033,0,B,24900,20000,
000069.SZ,000069,20251209,92051880,0,396284,0,B,25400,4500,
000069.SZ,000069,20251209,92052920,0,396676,0,S,25800,2000,
000069.SZ,000069,20251209,92056080,0,397869,0,B,25300,5600,
000069.SZ,000069,20251209,92057040,0,398240,0,B,25000,10000,
000069.SZ,000069,20251209,92057210,0,398299,0,B,24900,9400,
000069.SZ,000069,20251209,92058840,0,398871,0,B,24800,10000,
000069.SZ,000069,20251209,92102820,0,400410,0,B,25100,3900,
000069.SZ,000069,20251209,92103490,0,400684,0,B,24000,3000,
000069.SZ,000069,20251209,92103530,0,400705,0,B,25100,10000,
000069.SZ,000069,20251209,92103850,0,400831,0,B,24800,20000,
000069.SZ,000069,20251209,92105780,0,401600,0,S,25800,100,
000069.SZ,000069,20251209,92115430,0,405226,0,B,23500,2200,
000069.SZ,000069,20251209,92115790,0,405342,0,B,23000,6000,
000069.SZ,000069,20251209,92117150,0,405892,0,B,25000,20000,
000069.SZ,000069,20251209,92117650,0,406080,0,S,26600,4300,
000069.SZ,000069,20251209,92120810,0,407253,0,S,25800,8000,
000069.SZ,000069,20251209,92122560,0,407972,0,S,25700,5000,
000069.SZ,000069,20251209,92124440,0,408685,0,S,26000,20000,
000069.SZ,000069,20251209,92128400,0,410192,0,S,25700,46800,
000069.SZ,000069,20251209,92128400,0,410193,0,B,25100,20000,
000069.SZ,000069,20251209,92129390,0,410564,0,B,23200,2200,
000069.SZ,000069,20251209,92133240,0,412108,0,S,26600,4200,
000069.SZ,000069,20251209,92135660,0,413056,0,S,26000,300000,
000069.SZ,000069,20251209,92137430,0,413837,0,B,25000,15000,
000069.SZ,000069,20251209,92139040,0,414442,0,S,25900,5000,
000069.SZ,000069,20251209,92139450,0,414614,0,B,25200,2500,
000069.SZ,000069,20251209,92140810,0,415179,0,S,25600,196200,
000069.SZ,000069,20251209,92142310,0,415712,0,S,25600,109400,
000069.SZ,000069,20251209,92142720,0,415867,0,S,25700,34500,
000069.SZ,000069,20251209,92144710,0,416651,0,B,24900,1000,
000069.SZ,000069,20251209,92146640,0,417457,0,B,23000,3500,
000069.SZ,000069,20251209,92147300,0,417806,0,B,25000,1600,
000069.SZ,000069,20251209,92149820,0,418866,0,S,27000,200000,
000069.SZ,000069,20251209,92152510,0,419960,0,B,25000,200,
000069.SZ,000069,20251209,92155840,0,421322,0,S,25700,33900,
000069.SZ,000069,20251209,92155910,0,421345,0,B,24400,2100,
000069.SZ,000069,20251209,92158550,0,422448,0,B,25000,5000,
000069.SZ,000069,20251209,92159010,0,422649,0,B,24900,200,
000069.SZ,000069,20251209,92200950,0,423573,0,B,25100,10000,
000069.SZ,000069,20251209,92201680,0,424049,0,S,27500,300000,
000069.SZ,000069,20251209,92202190,0,424294,0,S,25600,30000,
000069.SZ,000069,20251209,92205940,0,426020,0,S,25600,700,
000069.SZ,000069,20251209,92209620,0,427561,0,B,24800,5000,
000069.SZ,000069,20251209,92213010,0,429029,0,S,26500,2200,
000069.SZ,000069,20251209,92218200,0,431199,0,B,24700,20000,
000069.SZ,000069,20251209,92229440,0,436110,0,B,25200,55100,
000069.SZ,000069,20251209,92231270,0,436916,0,S,25700,500,
000069.SZ,000069,20251209,92235760,0,438897,0,B,25700,5000,
000069.SZ,000069,20251209,92237120,0,439471,0,S,28100,3000,
000069.SZ,000069,20251209,92237840,0,439831,0,S,28100,1100,
000069.SZ,000069,20251209,92238330,0,440065,0,B,25000,3900,
000069.SZ,000069,20251209,92240990,0,441262,0,S,25800,1500,
000069.SZ,000069,20251209,92243960,0,442760,0,B,25000,2000,
000069.SZ,000069,20251209,92247850,0,444461,0,S,28000,2600,
000069.SZ,000069,20251209,92249680,0,445316,0,S,26800,2200,
000069.SZ,000069,20251209,92250080,0,445510,0,B,24000,1000,
000069.SZ,000069,20251209,92250130,0,445533,0,B,25000,20000,
000069.SZ,000069,20251209,92250660,0,445784,0,S,28100,3600,
000069.SZ,000069,20251209,92253350,0,447104,0,S,26000,1000,
000069.SZ,000069,20251209,92256030,0,448399,0,S,26200,200,
000069.SZ,000069,20251209,92256810,0,448748,0,S,26700,4000,
000069.SZ,000069,20251209,92301370,0,450961,0,S,27200,2200,
000069.SZ,000069,20251209,92303460,0,452023,0,S,25500,15200,
000069.SZ,000069,20251209,92306060,0,453214,0,S,28000,1000,
000069.SZ,000069,20251209,92306430,0,453402,0,S,26000,5000,
000069.SZ,000069,20251209,92312270,0,456342,0,S,28000,3900,
000069.SZ,000069,20251209,92312300,0,456362,0,B,25000,2000,
000069.SZ,000069,20251209,92312990,0,456728,0,S,27500,2200,
000069.SZ,000069,20251209,92314830,0,457663,0,S,25800,5000,
000069.SZ,000069,20251209,92315590,0,458043,0,B,25200,8900,
000069.SZ,000069,20251209,92317640,0,459074,0,S,28100,300,
000069.SZ,000069,20251209,92317840,0,459183,0,S,25500,5000,
000069.SZ,000069,20251209,92321760,0,461213,0,B,25200,5000,
000069.SZ,000069,20251209,92321990,0,461332,0,B,25200,2700,
000069.SZ,000069,20251209,92322490,0,461585,0,B,25300,4200,
000069.SZ,000069,20251209,92327280,0,464236,0,S,27800,2200,
000069.SZ,000069,20251209,92328130,0,464738,0,B,24500,30000,
000069.SZ,000069,20251209,92337330,0,469925,0,S,26400,700,
000069.SZ,000069,20251209,92343010,0,473017,0,B,25300,500,
000069.SZ,000069,20251209,92343470,0,473254,0,S,26000,100,
000069.SZ,000069,20251209,92344350,0,473766,0,B,24900,800,
000069.SZ,000069,20251209,92344650,0,473919,0,S,25900,11400,
000069.SZ,000069,20251209,92346490,0,475066,0,S,26000,20000,
000069.SZ,000069,20251209,92348930,0,476581,0,S,26900,1000,
000069.SZ,000069,20251209,92348960,0,476598,0,B,25200,5000,
000069.SZ,000069,20251209,92349860,0,477108,0,S,27200,7000,
000069.SZ,000069,20251209,92355800,0,480703,0,S,25700,43000,
000069.SZ,000069,20251209,92355810,0,480705,0,B,24700,30000,
000069.SZ,000069,20251209,92357600,0,481705,0,S,26300,200,
000069.SZ,000069,20251209,92358880,0,482517,0,B,25200,400,
000069.SZ,000069,20251209,92401960,0,484635,0,S,25700,2100,
000069.SZ,000069,20251209,92402700,0,485142,0,B,25100,10000,
000069.SZ,000069,20251209,92404070,0,486059,0,S,28000,100,
000069.SZ,000069,20251209,92404540,0,486397,0,S,27700,1000,
000069.SZ,000069,20251209,92410010,0,490378,0,S,28100,2200,
000069.SZ,000069,20251209,92411200,0,491312,0,S,27000,200,
000069.SZ,000069,20251209,92414660,0,494098,0,S,25700,3800,
000069.SZ,000069,20251209,92415640,0,494886,0,B,25000,3000,
000069.SZ,000069,20251209,92421850,0,500247,0,S,27400,21600,
000069.SZ,000069,20251209,92423410,0,501619,0,S,25700,13200,
000069.SZ,000069,20251209,92428060,0,505835,0,S,25400,11000,
000069.SZ,000069,20251209,92431640,0,509292,0,S,25600,4000,
000069.SZ,000069,20251209,92434120,0,511597,0,S,27800,10000,
000069.SZ,000069,20251209,92435500,0,512945,0,B,24800,1000,
000069.SZ,000069,20251209,92435710,0,513127,0,S,25400,54700,
000069.SZ,000069,20251209,92435850,0,513269,0,S,25700,6000,
000069.SZ,000069,20251209,92437210,0,514672,0,S,25300,58600,
000069.SZ,000069,20251209,92437490,0,514971,0,S,26100,15000,
000069.SZ,000069,20251209,92438140,0,515684,0,B,25400,100,
000069.SZ,000069,20251209,92438710,0,516425,0,S,25500,14800,
000069.SZ,000069,20251209,92440100,0,518043,0,S,25700,4900,
000069.SZ,000069,20251209,92441820,0,519890,0,B,24200,500,
000069.SZ,000069,20251209,92443140,0,521342,0,B,25300,1000,
000069.SZ,000069,20251209,92443860,0,522092,0,S,25000,6100,
000069.SZ,000069,20251209,92443900,0,522147,0,S,26000,3000,
000069.SZ,000069,20251209,92443950,0,522174,0,S,26000,1500,
000069.SZ,000069,20251209,92449210,0,528101,0,B,25500,31000,
000069.SZ,000069,20251209,92449630,0,528780,0,S,28100,400,
000069.SZ,000069,20251209,92450650,0,530781,0,B,24800,5000,
000069.SZ,000069,20251209,92450790,0,530991,0,S,25600,200,
000069.SZ,000069,20251209,92451360,0,531964,0,B,25100,1000,
000069.SZ,000069,20251209,92452310,0,533339,0,S,25800,1700,
000069.SZ,000069,20251209,92452380,0,533423,0,B,24900,1200,
000069.SZ,000069,20251209,92453620,0,535325,0,B,25200,5200,
000069.SZ,000069,20251209,92453940,0,535832,0,B,25100,3000,
000069.SZ,000069,20251209,92454960,0,537548,0,B,25900,19100,
000069.SZ,000069,20251209,92455080,0,537876,0,B,27900,600,
000069.SZ,000069,20251209,92455520,0,538776,0,S,24700,300,
000069.SZ,000069,20251209,92456040,0,539904,0,S,24900,500,
000069.SZ,000069,20251209,92456060,0,539960,0,S,24900,500,
000069.SZ,000069,20251209,92456070,0,540034,0,S,24900,500,
000069.SZ,000069,20251209,92456100,0,540165,0,S,24900,500,
000069.SZ,000069,20251209,92456140,0,540274,0,S,24900,500,
000069.SZ,000069,20251209,92456170,0,540357,0,S,24900,500,
000069.SZ,000069,20251209,92456180,0,540369,0,S,24900,500,
000069.SZ,000069,20251209,92456180,0,540401,0,S,24900,500,
000069.SZ,000069,20251209,92456190,0,540412,0,S,24900,500,
000069.SZ,000069,20251209,92456200,0,540462,0,S,24900,500,
000069.SZ,000069,20251209,92456200,0,540463,0,S,24900,500,
000069.SZ,000069,20251209,92456230,0,540589,0,S,24700,700,
000069.SZ,000069,20251209,92456240,0,540603,0,S,24900,500,
000069.SZ,000069,20251209,92456260,0,540645,0,B,25900,600,
000069.SZ,000069,20251209,92456340,0,540902,0,B,25900,500,
000069.SZ,000069,20251209,92456350,0,540919,0,S,24900,500,
000069.SZ,000069,20251209,92456370,0,540996,0,S,24900,500,
000069.SZ,000069,20251209,92456370,0,541013,0,S,24700,1200,
000069.SZ,000069,20251209,92456420,0,541191,0,S,24900,500,
000069.SZ,000069,20251209,92456420,0,541216,0,S,24900,500,
000069.SZ,000069,20251209,92456580,0,541759,0,S,24900,500,
000069.SZ,000069,20251209,92456630,0,541939,0,B,25200,5200,
000069.SZ,000069,20251209,92456750,0,542277,0,S,24900,500,
000069.SZ,000069,20251209,92456780,0,542367,0,S,24900,500,
000069.SZ,000069,20251209,92456810,0,542490,0,B,25900,400,
000069.SZ,000069,20251209,92456940,0,542887,0,B,25900,900,
000069.SZ,000069,20251209,92456950,0,542922,0,S,24900,500,
000069.SZ,000069,20251209,92457010,0,543082,0,S,24900,500,
000069.SZ,000069,20251209,92457050,0,543190,0,S,24900,500,
000069.SZ,000069,20251209,92457050,0,543196,0,S,24900,500,
000069.SZ,000069,20251209,92457120,0,543398,0,S,24900,500,
000069.SZ,000069,20251209,92457130,0,543442,0,S,24900,500,
000069.SZ,000069,20251209,92457230,0,543782,0,B,25900,800,
000069.SZ,000069,20251209,92457230,0,543797,0,S,24900,500,
000069.SZ,000069,20251209,92457320,0,544051,0,S,24900,500,
000069.SZ,000069,20251209,92457330,0,544080,0,S,24900,500,
000069.SZ,000069,20251209,92457340,0,544099,0,S,24900,500,
000069.SZ,000069,20251209,92457410,0,544330,0,B,25900,1100,
000069.SZ,000069,20251209,92457430,0,544393,0,S,24900,500,
000069.SZ,000069,20251209,92457450,0,544449,0,S,24900,500,
000069.SZ,000069,20251209,92457450,0,544451,0,S,24900,500,
000069.SZ,000069,20251209,92457460,0,544488,0,S,24900,500,
000069.SZ,000069,20251209,92457530,0,544744,0,B,25900,500,
000069.SZ,000069,20251209,92457580,0,544878,0,B,25900,500,
000069.SZ,000069,20251209,92457590,0,544909,0,B,25900,600,
000069.SZ,000069,20251209,92457610,0,544972,0,S,24900,500,
000069.SZ,000069,20251209,92457610,0,544996,0,S,24900,500,
000069.SZ,000069,20251209,92457640,0,545084,0,B,25900,500,
000069.SZ,000069,20251209,92457750,0,545522,0,S,24900,500,
000069.SZ,000069,20251209,92457770,0,545622,0,B,25900,1000,
000069.SZ,000069,20251209,92457780,0,545640,0,S,24900,500,
000069.SZ,000069,20251209,92457780,0,545648,0,S,24900,500,
000069.SZ,000069,20251209,92457800,0,545712,0,S,24900,500,
000069.SZ,000069,20251209,92457830,0,545785,0,S,24900,500,
000069.SZ,000069,20251209,92457850,0,545864,0,S,24900,500,
000069.SZ,000069,20251209,92457880,0,545929,0,S,24900,500,
000069.SZ,000069,20251209,92457890,0,545967,0,S,24900,500,
000069.SZ,000069,20251209,92457900,0,546012,0,S,24900,500,
000069.SZ,000069,20251209,92457930,0,546105,0,S,24900,500,
000069.SZ,000069,20251209,92457930,0,546110,0,B,25900,500,
000069.SZ,000069,20251209,92457950,0,546178,0,B,25900,500,
000069.SZ,000069,20251209,92458190,0,546946,0,S,24900,500,
000069.SZ,000069,20251209,92458220,0,547086,0,B,25900,600,
000069.SZ,000069,20251209,92458230,0,547157,0,S,24900,500,
000069.SZ,000069,20251209,92458230,0,547163,0,S,24900,500,
000069.SZ,000069,20251209,92458290,0,547404,0,B,25900,500,
000069.SZ,000069,20251209,92458310,0,547485,0,S,24900,500,
000069.SZ,000069,20251209,92458310,0,547503,0,S,24900,500,
000069.SZ,000069,20251209,92458330,0,547561,0,S,24900,500,
000069.SZ,000069,20251209,92458340,0,547589,0,S,24900,500,
000069.SZ,000069,20251209,92458370,0,547757,0,S,24900,500,
000069.SZ,000069,20251209,92458420,0,547921,0,S,25300,26900,
000069.SZ,000069,20251209,92458420,0,547940,0,S,24900,500,
000069.SZ,000069,20251209,92458420,0,547941,0,S,24900,500,
000069.SZ,000069,20251209,92458440,0,547992,0,B,25900,500,
000069.SZ,000069,20251209,92458550,0,548590,0,S,24900,500,
000069.SZ,000069,20251209,92458560,0,548662,0,S,24900,500,
000069.SZ,000069,20251209,92458580,0,548725,0,S,24900,500,
000069.SZ,000069,20251209,92458680,0,549092,0,S,24900,500,
000069.SZ,000069,20251209,92458680,0,549107,0,S,24900,500,
000069.SZ,000069,20251209,92458730,0,549281,0,S,24900,500,
000069.SZ,000069,20251209,92458750,0,549358,0,B,25900,500,
000069.SZ,000069,20251209,92458790,0,549451,0,S,24900,500,
000069.SZ,000069,20251209,92458980,0,549973,0,S,24900,500,
000069.SZ,000069,20251209,92459170,0,550741,0,B,25300,10700,
000069.SZ,000069,20251209,92459190,0,550876,0,S,24900,500,
000069.SZ,000069,20251209,92459250,0,551127,0,S,24900,500,
000069.SZ,000069,20251209,92459550,0,552549,0,B,25900,100,
000069.SZ,000069,20251209,92459580,0,552754,0,S,24900,500,
000069.SZ,000069,20251209,92459680,0,553216,0,S,25000,6800,
000069.SZ,000069,20251209,92459810,0,553720,0,B,26700,1500,
000069.SZ,000069,20251209,92459870,0,554071,0,S,26300,1000,
000069.SZ,000069,20251209,93000000,0,660034,0,S,25400,200,
000069.SZ,000069,20251209,93000000,0,660761,0,B,25600,12700,
000069.SZ,000069,20251209,93000030,0,662906,0,S,25400,200,
000069.SZ,000069,20251209,93000040,0,663371,0,S,25400,1000,
000069.SZ,000069,20251209,93000040,0,663771,0,S,25400,200,
000069.SZ,000069,20251209,93000040,0,663781,0,S,25400,200,
000069.SZ,000069,20251209,93000040,0,663824,0,S,25400,1000,
000069.SZ,000069,20251209,93000040,0,664023,0,S,25400,200,
000069.SZ,000069,20251209,93000040,0,664590,0,S,25400,600,
000069.SZ,000069,20251209,93000040,0,664674,0,S,25400,200,
000069.SZ,000069,20251209,93000050,0,667251,0,S,25400,300,
000069.SZ,000069,20251209,93000050,0,667253,0,S,25400,200,
000069.SZ,000069,20251209,93000050,0,667658,0,S,25400,400,
000069.SZ,000069,20251209,93000050,0,667997,0,S,25400,200,
000069.SZ,000069,20251209,93000050,0,669287,0,B,25100,10000,
000069.SZ,000069,20251209,93000050,0,669678,0,S,25400,200,
000069.SZ,000069,20251209,93000050,0,669680,0,S,25400,100,
000069.SZ,000069,20251209,93000050,0,670124,0,S,25400,600,
000069.SZ,000069,20251209,93000050,0,670472,0,S,25400,400,
000069.SZ,000069,20251209,93000050,0,670634,0,S,25400,700,
000069.SZ,000069,20251209,93000050,0,670675,0,B,25000,3000,
000069.SZ,000069,20251209,93000050,0,671647,0,S,25600,14600,
000069.SZ,000069,20251209,93000050,0,671749,0,S,26000,3600,
000069.SZ,000069,20251209,93000050,0,672595,0,S,24400,16700,
000069.SZ,000069,20251209,93000060,0,673506,0,S,25500,25500,
000069.SZ,000069,20251209,93000060,0,674123,0,S,25400,300,
000069.SZ,000069,20251209,93000060,0,674145,0,S,25400,200,
000069.SZ,000069,20251209,93000060,0,676618,0,S,25400,900,
000069.SZ,000069,20251209,93000060,0,676910,0,B,25100,5000,
000069.SZ,000069,20251209,93000060,0,677194,0,S,25400,300,
000069.SZ,000069,20251209,93000060,0,677267,0,B,25000,500,
000069.SZ,000069,20251209,93000060,0,678740,0,S,25400,1800,
000069.SZ,000069,20251209,93000060,0,678744,0,S,25400,700,
000069.SZ,000069,20251209,93000060,0,678749,0,S,25400,500,
000069.SZ,000069,20251209,93000060,0,678756,0,S,25400,200,
000069.SZ,000069,20251209,93000060,0,678763,0,S,25400,200,
000069.SZ,000069,20251209,93000060,0,678766,0,S,25400,200,
000069.SZ,000069,20251209,93000060,0,678771,0,S,25400,200,
000069.SZ,000069,20251209,93000060,0,679074,0,S,25400,300,
000069.SZ,000069,20251209,93000060,0,679852,0,S,25400,300,
000069.SZ,000069,20251209,93000060,0,680344,0,S,25400,200,
000069.SZ,000069,20251209,93000070,0,680515,0,S,25500,10000,
000069.SZ,000069,20251209,93000070,0,680517,0,S,25400,300,
000069.SZ,000069,20251209,93000070,0,680638,0,S,25400,26900,
000069.SZ,000069,20251209,93000070,0,681370,0,B,25300,10000,
000069.SZ,000069,20251209,93000070,0,681672,0,B,24600,5000,
000069.SZ,000069,20251209,93000070,0,681707,0,S,25400,300,
000069.SZ,000069,20251209,93000070,0,681989,0,S,25300,979900,
000069.SZ,000069,20251209,93000070,0,682389,0,S,25400,41700,
000069.SZ,000069,20251209,93000070,0,682502,0,S,25400,300,
000069.SZ,000069,20251209,93000070,0,684362,0,S,26400,2000,
000069.SZ,000069,20251209,93000070,0,685317,0,S,25400,200,
000069.SZ,000069,20251209,93000080,0,686535,0,B,25100,2000,
000069.SZ,000069,20251209,93000080,0,686630,0,B,25100,3000,
000069.SZ,000069,20251209,93000080,0,686905,0,S,25400,300,
000069.SZ,000069,20251209,93000080,0,686906,0,S,25400,200,
000069.SZ,000069,20251209,93000080,0,687167,0,B,25900,1600,
000069.SZ,000069,20251209,93000080,0,687284,0,B,25400,200,
000069.SZ,000069,20251209,93000080,0,687299,0,S,25400,200,
000069.SZ,000069,20251209,93000080,0,687376,0,B,25400,100,
000069.SZ,000069,20251209,93000080,0,687532,0,S,28100,10000,
000069.SZ,000069,20251209,93000080,0,687688,0,S,25400,400,
000069.SZ,000069,20251209,93000080,0,688055,0,S,25700,300,
000069.SZ,000069,20251209,93000080,0,688387,0,S,27300,1000,
000069.SZ,000069,20251209,93000080,0,688792,0,S,25500,8400,
000069.SZ,000069,20251209,93000080,0,689123,0,B,24700,4000,
000069.SZ,000069,20251209,93000080,0,690179,0,S,25400,13000,
000069.SZ,000069,20251209,93000080,0,690566,0,S,25400,900,
000069.SZ,000069,20251209,93000090,0,691699,0,S,26900,20000,
000069.SZ,000069,20251209,93000090,0,691758,0,B,25100,4000,
000069.SZ,000069,20251209,93000090,0,691781,0,B,25400,200,
000069.SZ,000069,20251209,93000090,0,691785,0,B,25400,100,
000069.SZ,000069,20251209,93000090,0,692105,0,B,23000,5100,
000069.SZ,000069,20251209,93000090,0,692644,0,B,25400,3700,
000069.SZ,000069,20251209,93000090,0,692792,0,S,28100,3700,
000069.SZ,000069,20251209,93000090,0,693489,0,S,25400,600,
000069.SZ,000069,20251209,93000090,0,693653,0,B,25400,600,
000069.SZ,000069,20251209,93000090,0,693903,0,S,25400,300,
000069.SZ,000069,20251209,93000090,0,693916,0,S,25800,10000,
000069.SZ,000069,20251209,93000090,0,694203,0,B,25400,400,
000069.SZ,000069,20251209,93000090,0,694208,0,B,25400,300,
000069.SZ,000069,20251209,93000090,0,694302,0,B,25400,200,
000069.SZ,000069,20251209,93000090,0,694304,0,B,25400,200,
000069.SZ,000069,20251209,93000090,0,694306,0,B,25400,200,
000069.SZ,000069,20251209,93000090,0,694655,0,S,25400,200,
000069.SZ,000069,20251209,93000090,0,694735,0,S,25400,200,
000069.SZ,000069,20251209,93000090,0,694918,0,S,24900,500,
000069.SZ,000069,20251209,93000100,0,696620,0,S,25400,200,
000069.SZ,000069,20251209,93000100,0,696642,0,B,25200,1700,
000069.SZ,000069,20251209,93000100,0,696783,0,B,25100,2000,
000069.SZ,000069,20251209,93000100,0,698033,0,S,26500,5000,
000069.SZ,000069,20251209,93000100,0,698665,0,S,27400,5000,
000069.SZ,000069,20251209,93000100,0,700289,0,B,25400,300,
000069.SZ,000069,20251209,93000100,0,700297,0,B,25400,100,
000069.SZ,000069,20251209,93000100,0,700910,0,S,25500,15700,
000069.SZ,000069,20251209,93000100,0,701026,0,S,25400,200,
000069.SZ,000069,20251209,93000100,0,701069,0,S,25400,500,
000069.SZ,000069,20251209,93000100,0,701072,0,S,25400,200,
000069.SZ,000069,20251209,93000100,0,701147,0,S,25400,200,
000069.SZ,000069,20251209,93000100,0,701252,0,S,25400,200,
000069.SZ,000069,20251209,93000110,0,701610,0,S,25400,700,
000069.SZ,000069,20251209,93000110,0,704827,0,S,24900,500,
000069.SZ,000069,20251209,93000110,0,705663,0,B,25100,10000,
000069.SZ,000069,20251209,93000110,0,706655,0,B,25400,100,
000069.SZ,000069,20251209,93000110,0,706904,0,B,25400,500,
000069.SZ,000069,20251209,93000110,0,706907,0,B,25400,400,
000069.SZ,000069,20251209,93000110,0,706929,0,B,25400,200,
000069.SZ,000069,20251209,93000110,0,706931,0,B,25400,100,
000069.SZ,000069,20251209,93000110,0,706936,0,B,25400,200,
000069.SZ,000069,20251209,93000110,0,706941,0,B,25400,100,
000069.SZ,000069,20251209,93000110,0,707077,0,S,25900,300,
000069.SZ,000069,20251209,93000120,0,707578,0,B,25900,1000,
000069.SZ,000069,20251209,93000120,0,709087,0,B,25200,5000,
000069.SZ,000069,20251209,93000120,0,710554,0,S,25400,200,
000069.SZ,000069,20251209,93000120,0,711787,0,B,24700,20000,
000069.SZ,000069,20251209,93000120,0,712328,0,B,25400,400,
000069.SZ,000069,20251209,93000130,0,713529,0,B,25400,4400,
000069.SZ,000069,20251209,93000130,0,714148,0,S,27600,5000,
000069.SZ,000069,20251209,93000130,0,717575,0,B,25000,10000,
000069.SZ,000069,20251209,93000130,0,718031,0,S,25400,200,
000069.SZ,000069,20251209,93000140,0,718935,0,B,25400,400,
000069.SZ,000069,20251209,93000140,0,718977,0,B,25400,100,
000069.SZ,000069,20251209,93000140,0,719057,0,B,25400,200,
000069.SZ,000069,20251209,93000140,0,719195,0,S,25400,200,
000069.SZ,000069,20251209,93000140,0,719941,0,B,25300,7000,
000069.SZ,000069,20251209,93000140,0,720632,0,S,26500,10000,
000069.SZ,000069,20251209,93000140,0,720649,0,S,25400,200,
000069.SZ,000069,20251209,93000140,0,722245,0,S,25500,16100,
000069.SZ,000069,20251209,93000140,0,723906,0,B,25400,100,
000069.SZ,000069,20251209,93000150,0,724757,0,B,25100,5000,
000069.SZ,000069,20251209,93000150,0,724867,0,B,25200,10000,
000069.SZ,000069,20251209,93000150,0,725217,0,B,25100,1900,
000069.SZ,000069,20251209,93000150,0,726845,0,S,26200,300,
000069.SZ,000069,20251209,93000160,0,731773,0,B,24500,5000,
000069.SZ,000069,20251209,93000160,0,732925,0,S,28100,2300,
000069.SZ,000069,20251209,93000160,0,733764,0,B,25100,85500,
000069.SZ,000069,20251209,93000160,0,735402,0,B,25300,4400,
000069.SZ,000069,20251209,93000180,0,741978,0,S,25100,7700,
000069.SZ,000069,20251209,93000180,0,742691,0,S,26400,300,
000069.SZ,000069,20251209,93000180,0,743175,0,B,25100,3000,
000069.SZ,000069,20251209,93000190,0,746452,0,S,25600,15700,
000069.SZ,000069,20251209,93000200,0,750866,0,S,25500,20000,
000069.SZ,000069,20251209,93000200,0,751525,0,B,25300,2000,
000069.SZ,000069,20251209,93000210,0,755706,0,S,25900,61900,
000069.SZ,000069,20251209,93000220,0,759785,0,S,25600,300,
000069.SZ,000069,20251209,93000230,0,763151,0,S,27000,2000,
000069.SZ,000069,20251209,93000230,0,763246,0,S,27500,2000,
000069.SZ,000069,20251209,93000240,0,766942,0,S,25400,200,
000069.SZ,000069,20251209,93000240,0,766946,0,S,25400,500,
000069.SZ,000069,20251209,93000240,0,766949,0,S,25400,700,
000069.SZ,000069,20251209,93000240,0,766950,0,S,25400,1800,
000069.SZ,000069,20251209,93000240,0,766964,0,S,25400,200,
000069.SZ,000069,20251209,93000240,0,766965,0,S,25400,400,
000069.SZ,000069,20251209,93000240,0,766967,0,S,25400,200,
000069.SZ,000069,20251209,93000240,0,766968,0,S,25400,200,
000069.SZ,000069,20251209,93000250,0,768833,0,B,25000,4000,
000069.SZ,000069,20251209,93000250,0,769668,0,B,24800,1000,
000069.SZ,000069,20251209,93000260,0,774066,0,S,28100,3000,
000069.SZ,000069,20251209,93000260,0,774251,0,B,25200,300,
000069.SZ,000069,20251209,93000260,0,774473,0,B,25000,200,
000069.SZ,000069,20251209,93000260,0,774560,0,S,28100,5600,
000069.SZ,000069,20251209,93000270,0,778667,0,B,25400,50000,
000069.SZ,000069,20251209,93000280,0,779008,0,S,26200,1500,
000069.SZ,000069,20251209,93000280,0,779762,0,B,24700,100,
000069.SZ,000069,20251209,93000280,0,779983,0,S,26800,1600,
000069.SZ,000069,20251209,93000280,0,780262,0,B,25000,100,
000069.SZ,000069,20251209,93000280,0,781114,0,B,25100,19400,
000069.SZ,000069,20251209,93000280,0,781672,0,S,25700,54000,
000069.SZ,000069,20251209,93000280,0,781673,0,B,25100,40000,
000069.SZ,000069,20251209,93000290,0,782094,0,B,25100,5200,
000069.SZ,000069,20251209,93000290,0,782230,0,B,25100,5300,
000069.SZ,000069,20251209,93000290,0,784012,0,S,25800,1700,
000069.SZ,000069,20251209,93000300,0,785646,0,B,25000,2600,
000069.SZ,000069,20251209,93000300,0,787476,0,S,28100,4800,
000069.SZ,000069,20251209,93000300,0,787680,0,S,28000,4000,
000069.SZ,000069,20251209,93000300,0,788270,0,S,25600,9800,
000069.SZ,000069,20251209,93000300,0,788482,0,B,24500,6100,
000069.SZ,000069,20251209,93000310,0,790729,0,B,25300,5200,
000069.SZ,000069,20251209,93000310,0,791351,0,S,25500,171600,
000069.SZ,000069,20251209,93000320,0,792622,0,B,25500,20000,
000069.SZ,000069,20251209,93000320,0,792956,0,B,25000,24000,
000069.SZ,000069,20251209,93000320,0,793713,0,S,25800,4000,
000069.SZ,000069,20251209,93000330,0,794451,0,B,24600,2500,
000069.SZ,000069,20251209,93000330,0,795164,0,S,25300,1000,
000069.SZ,000069,20251209,93000330,0,796101,0,B,25000,20000,
000069.SZ,000069,20251209,93000350,0,800525,0,S,25500,5000,
000069.SZ,000069,20251209,93000350,0,800766,0,S,25600,5100,
000069.SZ,000069,20251209,93000350,0,800812,0,S,25700,5200,
000069.SZ,000069,20251209,93000350,0,801233,0,B,25000,500,
000069.SZ,000069,20251209,93000360,0,803358,0,B,25100,200,
000069.SZ,000069,20251209,93000390,0,808290,0,B,25000,300,
000069.SZ,000069,20251209,93000400,0,809848,0,B,24500,500,
000069.SZ,000069,20251209,93000400,0,809890,0,B,24000,500,
000069.SZ,000069,20251209,93000410,0,811324,0,S,28100,4900,
000069.SZ,000069,20251209,93000410,0,811611,0,S,25400,5900,
000069.SZ,000069,20251209,93000410,0,811932,0,B,25100,700,
000069.SZ,000069,20251209,93000440,0,816937,0,B,24900,5000,
000069.SZ,000069,20251209,93000440,0,817601,0,B,25200,4000,
000069.SZ,000069,20251209,93000440,0,817738,0,B,24500,41800,
000069.SZ,000069,20251209,93000440,0,818300,0,B,24600,2000,
000069.SZ,000069,20251209,93000450,0,818512,0,B,25100,9800,
000069.SZ,000069,20251209,93000450,0,820128,0,B,25300,15000,
000069.SZ,000069,20251209,93000470,0,822278,0,S,26100,50000,
000069.SZ,000069,20251209,93000510,0,828407,0,S,25500,99900,
000069.SZ,000069,20251209,93000510,0,828431,0,S,25800,50000,
000069.SZ,000069,20251209,93000520,0,830757,0,B,25500,3600,
000069.SZ,000069,20251209,93000520,0,830838,0,S,26000,1500,
000069.SZ,000069,20251209,93000530,0,831952,0,S,28100,31500,
000069.SZ,000069,20251209,93000540,0,833331,0,S,28100,100,
000069.SZ,000069,20251209,93000540,0,834298,0,S,26400,1500,
000069.SZ,000069,20251209,93000540,0,834396,0,S,25700,10000,
000069.SZ,000069,20251209,93000540,0,834447,0,S,24600,12400,
000069.SZ,000069,20251209,93000540,0,834640,0,S,26600,1500,
000069.SZ,000069,20251209,93000560,0,836539,0,B,24600,43200,
000069.SZ,000069,20251209,93000560,0,836603,0,B,24700,41600,
000069.SZ,000069,20251209,93000560,0,837918,0,B,25100,5000,
000069.SZ,000069,20251209,93000570,0,838424,0,B,25400,4700,
000069.SZ,000069,20251209,93000580,0,839534,0,B,24600,1900,
000069.SZ,000069,20251209,93000580,0,839604,0,S,25500,110000,
000069.SZ,000069,20251209,93000590,0,841924,0,B,25300,27900,
000069.SZ,000069,20251209,93000590,0,841990,0,S,25300,2300,
000069.SZ,000069,20251209,93000590,0,842047,0,B,25300,14000,
000069.SZ,000069,20251209,93000590,0,842588,0,B,25300,1700,
000069.SZ,000069,20251209,93000610,0,846658,0,S,27100,4900,
000069.SZ,000069,20251209,93000640,0,850701,0,S,25500,20500,
000069.SZ,000069,20251209,93000640,0,851165,0,B,24800,42500,
000069.SZ,000069,20251209,93000650,0,852852,0,S,25900,2600,
000069.SZ,000069,20251209,93000660,0,854374,0,S,25600,7600,
000069.SZ,000069,20251209,93000670,0,855528,0,B,25200,100,
000069.SZ,000069,20251209,93000690,0,858773,0,S,25600,2000,
000069.SZ,000069,20251209,93000710,0,862746,0,B,24700,1000,
000069.SZ,000069,20251209,93000730,0,865025,0,S,25500,4700,
000069.SZ,000069,20251209,93000740,0,866789,0,B,25000,200,
000069.SZ,000069,20251209,93000770,0,871847,0,B,25100,2000,
000069.SZ,000069,20251209,93000780,0,873515,0,S,25800,16100,
000069.SZ,000069,20251209,93000790,0,874319,0,B,25400,1800,
000069.SZ,000069,20251209,93000790,0,874329,0,S,25600,1800,
000069.SZ,000069,20251209,93000800,0,876307,0,S,28100,3400,
000069.SZ,000069,20251209,93000810,0,877944,0,B,25100,3000,
000069.SZ,000069,20251209,93000810,0,878031,0,B,25000,3300,
000069.SZ,000069,20251209,93000820,0,879375,0,S,25800,10000,
000069.SZ,000069,20251209,93000830,0,881013,0,S,27500,20000,
000069.SZ,000069,20251209,93000840,0,882017,0,B,25000,10000,
000069.SZ,000069,20251209,93000840,0,882750,0,S,25900,100000,
000069.SZ,000069,20251209,93000850,0,884371,0,B,25400,600,
000069.SZ,000069,20251209,93000870,0,887426,0,B,24500,2600,
000069.SZ,000069,20251209,93000880,0,888108,0,S,26500,1000,
000069.SZ,000069,20251209,93000880,0,889036,0,S,27600,20000,
000069.SZ,000069,20251209,93000890,0,890389,0,S,25300,3800,
000069.SZ,000069,20251209,93000920,0,894051,0,B,24800,2000,
000069.SZ,000069,20251209,93000940,0,897990,0,S,26000,8100,
000069.SZ,000069,20251209,93000950,0,899713,0,S,25900,8400,
000069.SZ,000069,20251209,93000950,0,899946,0,B,25400,500,
000069.SZ,000069,20251209,93000960,0,900985,0,B,25200,1000,
000069.SZ,000069,20251209,93000980,0,903333,0,S,26200,5000,
000069.SZ,000069,20251209,93000980,0,903610,0,S,26700,5000,
000069.SZ,000069,20251209,93000980,0,904112,0,S,27200,5000,
000069.SZ,000069,20251209,93000980,0,904295,0,S,27700,5000,
000069.SZ,000069,20251209,93001000,0,906870,0,S,25200,1300,
000069.SZ,000069,20251209,93001000,0,906969,0,B,25100,1000,
000069.SZ,000069,20251209,93001000,0,907049,0,B,24800,1000,
000069.SZ,000069,20251209,93001000,0,907162,0,S,25500,54900,
000069.SZ,000069,20251209,93001020,0,909807,0,B,25200,500,
000069.SZ,000069,20251209,93001020,0,910124,0,S,25300,600,
000069.SZ,000069,20251209,93001030,0,910697,0,B,25200,1200,
000069.SZ,000069,20251209,93001050,0,913333,0,B,25300,500,
000069.SZ,000069,20251209,93001060,0,914988,0,B,24500,500,
000069.SZ,000069,20251209,93001070,0,916054,0,S,27000,100,
000069.SZ,000069,20251209,93001090,0,919669,0,B,25100,15300,
000069.SZ,000069,20251209,93001100,0,919922,0,B,25200,900,
000069.SZ,000069,20251209,93001100,0,919940,0,B,25100,1800,
000069.SZ,000069,20251209,93001100,0,920748,0,B,25300,23100,
000069.SZ,000069,20251209,93001100,0,920750,0,B,25300,23800,
000069.SZ,000069,20251209,93001100,0,920752,0,B,25300,24700,
000069.SZ,000069,20251209,93001100,0,920754,0,B,25300,28100,
000069.SZ,000069,20251209,93001100,0,920761,0,B,25300,28000,
000069.SZ,000069,20251209,93001100,0,920763,0,B,25300,22200,
000069.SZ,000069,20251209,93001100,0,920765,0,B,25300,28400,
000069.SZ,000069,20251209,93001100,0,920767,0,B,25300,21400,
000069.SZ,000069,20251209,93001100,0,920769,0,B,25300,26400,
000069.SZ,000069,20251209,93001100,0,920771,0,B,25300,22300,
000069.SZ,000069,20251209,93001100,0,920773,0,B,25300,22300,
000069.SZ,000069,20251209,93001100,0,920775,0,B,25300,21700,
000069.SZ,000069,20251209,93001100,0,920777,0,B,25300,24400,
000069.SZ,000069,20251209,93001100,0,920779,0,B,25300,27900,
000069.SZ,000069,20251209,93001100,0,920781,0,B,25300,22100,
000069.SZ,000069,20251209,93001100,0,920783,0,B,25300,24100,
000069.SZ,000069,20251209,93001100,0,920785,0,B,25300,25000,
000069.SZ,000069,20251209,93001100,0,920787,0,B,25300,22800,
000069.SZ,000069,20251209,93001100,0,920793,0,B,25300,20700,
000069.SZ,000069,20251209,93001100,0,920794,0,B,25300,23000,
000069.SZ,000069,20251209,93001110,0,921406,0,S,25700,2000,
000069.SZ,000069,20251209,93001110,0,921580,0,B,25100,900,
000069.SZ,000069,20251209,93001120,0,923082,0,S,26000,1000,
000069.SZ,000069,20251209,93001120,0,923156,0,S,25900,20000,
000069.SZ,000069,20251209,93001120,0,923240,0,B,25200,1200,
000069.SZ,000069,20251209,93001130,0,923870,0,B,25200,300,
000069.SZ,000069,20251209,93001130,0,924291,0,S,25300,700,
000069.SZ,000069,20251209,93001130,0,924348,0,B,25200,200,
000069.SZ,000069,20251209,93001130,0,924839,0,S,27500,10000,
000069.SZ,000069,20251209,93001150,0,926577,0,B,25000,900,
000069.SZ,000069,20251209,93001160,0,927657,0,S,26800,6000,
000069.SZ,000069,20251209,93001170,0,928432,0,S,25200,100,
000069.SZ,000069,20251209,93001170,0,928644,0,S,26000,4000,
000069.SZ,000069,20251209,93001190,0,930432,0,B,25200,9900,
000069.SZ,000069,20251209,93001200,0,931889,0,S,25900,2000,
000069.SZ,000069,20251209,93001220,0,933467,0,S,26200,5000,
000069.SZ,000069,20251209,93001270,0,938114,0,S,26000,500,
000069.SZ,000069,20251209,93001300,0,940841,0,S,26200,4000,
000069.SZ,000069,20251209,93001320,0,942213,0,S,25800,12000,
000069.SZ,000069,20251209,93001400,0,948282,0,S,25800,15000,
000069.SZ,000069,20251209,93001470,0,953625,0,B,25000,1800,
000069.SZ,000069,20251209,93001470,0,953663,0,B,24900,1800,
000069.SZ,000069,20251209,93001490,0,955148,0,B,24800,1800,
000069.SZ,000069,20251209,93001490,0,955597,0,S,25500,294000,
000069.SZ,000069,20251209,93001500,0,955966,0,S,25200,100,
