万得代码,交易所代码,自然日,时间,成交编号,成交代码,委托代码,BS标志,成交价格,成交数量,叫卖序号,叫买序号,
000069.SZ,000069,20251209,91500530,95874,C,0, ,0,10800,0,90232,
000069.SZ,000069,20251209,91504170,251652,C,0, ,0,300,233397,0,
000069.SZ,000069,20251209,91721290,320526,C,0, ,0,109500,45609,0,
000069.SZ,000069,20251209,91735720,324942,C,0, ,0,1500,0,241898,
000069.SZ,000069,20251209,91829550,342474,C,0, ,0,22800,0,10729,
000069.SZ,000069,20251209,91902180,354492,C,0, ,0,200,0,34617,
000069.SZ,000069,20251209,91906860,356323,C,0, ,0,15400,322177,0,
000069.SZ,000069,20251209,91907970,356760,C,0, ,0,51000,0,4665,
000069.SZ,000069,20251209,91922190,362239,C,0, ,0,14800,230516,0,
000069.SZ,000069,20251209,92500000,556323,0,0,S,25400,800,386261,300839,
000069.SZ,000069,20251209,92500000,556324,0,0,S,25400,500,387351,300839,
000069.SZ,000069,20251209,92500000,556325,0,0,B,25400,1700,279365,300839,
000069.SZ,000069,20251209,92500000,556326,0,0,B,25400,500,279365,537876,
000069.SZ,000069,20251209,92500000,556327,0,0,S,25400,100,538776,537876,
000069.SZ,000069,20251209,92500000,556328,0,0,S,25400,200,538776,199313,
000069.SZ,000069,20251209,92500000,556329,0,0,S,25400,700,540589,199313,
000069.SZ,000069,20251209,92500000,556330,0,0,S,25400,1200,541013,199313,
000069.SZ,000069,20251209,92500000,556331,0,0,S,25400,2000,279238,199313,
000069.SZ,000069,20251209,92500000,556332,0,0,S,25400,100,279239,199313,
000069.SZ,000069,20251209,92500000,556333,0,0,S,25400,100,279240,199313,
000069.SZ,000069,20251209,92500000,556334,0,0,S,25400,500,539904,199313,
000069.SZ,000069,20251209,92500000,556335,0,0,S,25400,500,539960,199313,
000069.SZ,000069,20251209,92500000,556336,0,0,S,25400,100,540034,199313,
000069.SZ,000069,20251209,92500000,556337,0,0,B,25400,400,540034,553720,
000069.SZ,000069,20251209,92500000,556338,0,0,B,25400,500,540165,553720,
000069.SZ,000069,20251209,92500000,556339,0,0,B,25400,500,540274,553720,
000069.SZ,000069,20251209,92500000,556340,0,0,B,25400,100,540357,553720,
000069.SZ,000069,20251209,92500000,556341,0,0,S,25400,200,540357,379975,
000069.SZ,000069,20251209,92500000,556342,0,0,S,25400,200,540357,537548,
000069.SZ,000069,20251209,92500000,556343,0,0,S,25400,500,540369,537548,
000069.SZ,000069,20251209,92500000,556344,0,0,S,25400,500,540401,537548,
000069.SZ,000069,20251209,92500000,556345,0,0,S,25400,500,540412,537548,
000069.SZ,000069,20251209,92500000,556346,0,0,S,25400,500,540462,537548,
000069.SZ,000069,20251209,92500000,556347,0,0,S,25400,500,540463,537548,
000069.SZ,000069,20251209,92500000,556348,0,0,S,25400,500,540603,537548,
000069.SZ,000069,20251209,92500000,556349,0,0,S,25400,500,540919,537548,
000069.SZ,000069,20251209,92500000,556350,0,0,S,25400,500,540996,537548,
000069.SZ,000069,20251209,92500000,556351,0,0,S,25400,500,541191,537548,
000069.SZ,000069,20251209,92500000,556352,0,0,S,25400,500,541216,537548,
000069.SZ,000069,20251209,92500000,556353,0,0,S,25400,500,541759,537548,
000069.SZ,000069,20251209,92500000,556354,0,0,S,25400,500,542277,537548,
000069.SZ,000069,20251209,92500000,556355,0,0,S,25400,500,542367,537548,
000069.SZ,000069,20251209,92500000,556356,0,0,S,25400,500,542922,537548,
000069.SZ,000069,20251209,92500000,556357,0,0,S,25400,500,543082,537548,
000069.SZ,000069,20251209,92500000,556358,0,0,S,25400,500,543190,537548,
000069.SZ,000069,20251209,92500000,556359,0,0,S,25400,500,543196,537548,
000069.SZ,000069,20251209,92500000,556360,0,0,S,25400,500,543398,537548,
000069.SZ,000069,20251209,92500000,556361,0,0,S,25400,500,543442,537548,
000069.SZ,000069,20251209,92500000,556362,0,0,S,25400,500,543797,537548,
000069.SZ,000069,20251209,92500000,556363,0,0,S,25400,500,544051,537548,
000069.SZ,000069,20251209,92500000,556364,0,0,S,25400,500,544080,537548,
000069.SZ,000069,20251209,92500000,556365,0,0,S,25400,500,544099,537548,
000069.SZ,000069,20251209,92500000,556366,0,0,S,25400,500,544393,537548,
000069.SZ,000069,20251209,92500000,556367,0,0,S,25400,500,544449,537548,
000069.SZ,000069,20251209,92500000,556368,0,0,S,25400,500,544451,537548,
000069.SZ,000069,20251209,92500000,556369,0,0,S,25400,500,544488,537548,
000069.SZ,000069,20251209,92500000,556370,0,0,S,25400,500,544972,537548,
000069.SZ,000069,20251209,92500000,556371,0,0,S,25400,500,544996,537548,
000069.SZ,000069,20251209,92500000,556372,0,0,S,25400,500,545522,537548,
000069.SZ,000069,20251209,92500000,556373,0,0,S,25400,500,545640,537548,
000069.SZ,000069,20251209,92500000,556374,0,0,S,25400,500,545648,537548,
000069.SZ,000069,20251209,92500000,556375,0,0,S,25400,500,545712,537548,
000069.SZ,000069,20251209,92500000,556376,0,0,S,25400,500,545785,537548,
000069.SZ,000069,20251209,92500000,556377,0,0,S,25400,500,545864,537548,
000069.SZ,000069,20251209,92500000,556378,0,0,S,25400,500,545929,537548,
000069.SZ,000069,20251209,92500000,556379,0,0,S,25400,500,545967,537548,
000069.SZ,000069,20251209,92500000,556380,0,0,S,25400,400,546012,537548,
000069.SZ,000069,20251209,92500000,556381,0,0,S,25400,100,546012,540645,
000069.SZ,000069,20251209,92500000,556382,0,0,S,25400,500,546105,540645,
000069.SZ,000069,20251209,92500000,556383,0,0,S,25400,500,546946,540902,
000069.SZ,000069,20251209,92500000,556384,0,0,S,25400,400,547157,542490,
000069.SZ,000069,20251209,92500000,556385,0,0,S,25400,100,547157,542887,
000069.SZ,000069,20251209,92500000,556386,0,0,S,25400,500,547163,542887,
000069.SZ,000069,20251209,92500000,556387,0,0,S,25400,300,547485,542887,
000069.SZ,000069,20251209,92500000,556388,0,0,S,25400,200,547485,543782,
000069.SZ,000069,20251209,92500000,556389,0,0,S,25400,500,547503,543782,
000069.SZ,000069,20251209,92500000,556390,0,0,S,25400,100,547561,543782,
000069.SZ,000069,20251209,92500000,556391,0,0,S,25400,400,547561,544330,
000069.SZ,000069,20251209,92500000,556392,0,0,S,25400,500,547589,544330,
000069.SZ,000069,20251209,92500000,556393,0,0,S,25400,200,547757,544330,
000069.SZ,000069,20251209,92500000,556394,0,0,S,25400,300,547757,544744,
000069.SZ,000069,20251209,92500000,556395,0,0,S,25400,200,547940,544744,
000069.SZ,000069,20251209,92500000,556396,0,0,S,25400,300,547940,544878,
000069.SZ,000069,20251209,92500000,556397,0,0,S,25400,200,547941,544878,
000069.SZ,000069,20251209,92500000,556398,0,0,S,25400,300,547941,544909,
000069.SZ,000069,20251209,92500000,556399,0,0,S,25400,300,548590,544909,
000069.SZ,000069,20251209,92500000,556400,0,0,S,25400,200,548590,545084,
000069.SZ,000069,20251209,92500000,556401,0,0,S,25400,300,548662,545084,
000069.SZ,000069,20251209,92500000,556402,0,0,S,25400,200,548662,545622,
000069.SZ,000069,20251209,92500000,556403,0,0,S,25400,500,548725,545622,
000069.SZ,000069,20251209,92500000,556404,0,0,S,25400,300,549092,545622,
000069.SZ,000069,20251209,92500000,556405,0,0,S,25400,200,549092,546110,
000069.SZ,000069,20251209,92500000,556406,0,0,S,25400,300,549107,546110,
000069.SZ,000069,20251209,92500000,556407,0,0,S,25400,200,549107,546178,
000069.SZ,000069,20251209,92500000,556408,0,0,S,25400,300,549281,546178,
000069.SZ,000069,20251209,92500000,556409,0,0,S,25400,200,549281,547086,
000069.SZ,000069,20251209,92500000,556410,0,0,S,25400,400,549451,547086,
000069.SZ,000069,20251209,92500000,556411,0,0,S,25400,100,549451,547404,
000069.SZ,000069,20251209,92500000,556412,0,0,S,25400,400,549973,547404,
000069.SZ,000069,20251209,92500000,556413,0,0,S,25400,100,549973,547992,
000069.SZ,000069,20251209,92500000,556414,0,0,S,25400,400,550876,547992,
000069.SZ,000069,20251209,92500000,556415,0,0,S,25400,100,550876,549358,
000069.SZ,000069,20251209,92500000,556416,0,0,S,25400,400,551127,549358,
000069.SZ,000069,20251209,92500000,556417,0,0,B,25400,100,551127,552549,
000069.SZ,000069,20251209,92500000,556418,0,0,S,25400,500,552754,438897,
000069.SZ,000069,20251209,92500000,556419,0,0,S,25400,4500,522092,438897,
000069.SZ,000069,20251209,92500000,556420,0,0,S,25400,1600,522092,131686,
000069.SZ,000069,20251209,92500000,556421,0,0,S,25400,400,553216,131686,
000069.SZ,000069,20251209,92500000,556422,0,0,S,25400,800,553216,173078,
000069.SZ,000069,20251209,92500000,556423,0,0,S,25400,5600,553216,164306,
000069.SZ,000069,20251209,92500000,556424,0,0,S,25400,10100,514672,164306,
000069.SZ,000069,20251209,92500000,556425,0,0,S,25400,1200,514672,187723,
000069.SZ,000069,20251209,92500000,556426,0,0,S,25400,1500,514672,234824,
000069.SZ,000069,20251209,92500000,556427,0,0,S,25400,400,514672,238663,
000069.SZ,000069,20251209,92500000,556428,0,0,S,25400,300,514672,280881,
000069.SZ,000069,20251209,92500000,556429,0,0,S,25400,1800,514672,281016,
000069.SZ,000069,20251209,92500000,556430,0,0,S,25400,10900,514672,290840,
000069.SZ,000069,20251209,92500000,556431,0,0,B,25400,31000,514672,528101,
000069.SZ,000069,20251209,92500000,556432,0,0,S,25400,1400,514672,4662,
000069.SZ,000069,20251209,92500000,556433,0,0,S,25400,24100,547921,4662,
000069.SZ,000069,20251209,92500000,556434,0,0,S,25400,2800,547921,12632,
000069.SZ,000069,20251209,92500000,556435,0,0,S,25400,11800,374154,12632,
000069.SZ,000069,20251209,92500000,556436,0,0,S,25400,5000,374154,16433,
000069.SZ,000069,20251209,92500000,556437,0,0,S,25400,16100,374154,17305,
000069.SZ,000069,20251209,92500000,556438,0,0,S,25400,17100,374154,31549,
000069.SZ,000069,20251209,92500000,556439,0,0,S,25400,11000,505835,31549,
000069.SZ,000069,20251209,92500000,556440,0,0,S,25400,21900,513127,31549,
000069.SZ,000069,20251209,92500000,556441,0,0,S,25400,100,513127,42879,
000069.SZ,000069,20251209,92500000,556442,0,0,S,25400,10500,513127,91589,
000069.SZ,000069,20251209,92500000,556443,0,0,S,25400,500,513127,102641,
000069.SZ,000069,20251209,92500000,556444,0,0,S,25400,10000,513127,133363,
000069.SZ,000069,20251209,92500000,556445,0,0,S,25400,11700,513127,164307,
000069.SZ,000069,20251209,93000000,660035,0,0,S,25400,200,660034,164307,
000069.SZ,000069,20251209,93000000,660762,0,0,B,25500,12700,6502,660761,
000069.SZ,000069,20251209,93000030,662907,0,0,S,25400,200,662906,164307,
000069.SZ,000069,20251209,93000040,663372,0,0,S,25400,1000,663371,164307,
000069.SZ,000069,20251209,93000040,663772,0,0,S,25400,200,663771,164307,
000069.SZ,000069,20251209,93000040,663782,0,0,S,25400,200,663781,164307,
000069.SZ,000069,20251209,93000040,663825,0,0,S,25400,1000,663824,164307,
000069.SZ,000069,20251209,93000040,664024,0,0,S,25400,200,664023,164307,
000069.SZ,000069,20251209,93000040,664591,0,0,S,25400,600,664590,164307,
000069.SZ,000069,20251209,93000040,664675,0,0,S,25400,200,664674,164307,
000069.SZ,000069,20251209,93000050,667252,0,0,S,25400,300,667251,164307,
000069.SZ,000069,20251209,93000050,667254,0,0,S,25400,200,667253,246894,
000069.SZ,000069,20251209,93000050,667659,0,0,S,25400,400,667658,246894,
000069.SZ,000069,20251209,93000050,667998,0,0,S,25400,200,667997,246894,
000069.SZ,000069,20251209,93000050,669679,0,0,S,25400,200,669678,246894,
000069.SZ,000069,20251209,93000050,669681,0,0,S,25400,100,669680,246894,
000069.SZ,000069,20251209,93000050,670125,0,0,S,25400,600,670124,246894,
000069.SZ,000069,20251209,93000050,670473,0,0,S,25400,400,670472,246894,
000069.SZ,000069,20251209,93000050,670635,0,0,S,25400,700,670634,246894,
000069.SZ,000069,20251209,93000050,672596,0,0,S,25400,2200,672595,246894,
000069.SZ,000069,20251209,93000050,672597,0,0,S,25400,14500,672595,249382,
000069.SZ,000069,20251209,93000060,674124,0,0,S,25400,300,674123,249382,
000069.SZ,000069,20251209,93000060,674146,0,0,S,25400,200,674145,249382,
000069.SZ,000069,20251209,93000060,676619,0,0,S,25400,900,676618,249382,
000069.SZ,000069,20251209,93000060,677195,0,0,S,25400,300,677194,249382,
000069.SZ,000069,20251209,93000060,678741,0,0,S,25400,1800,678740,249382,
000069.SZ,000069,20251209,93000060,678745,0,0,S,25400,700,678744,249382,
000069.SZ,000069,20251209,93000060,678750,0,0,S,25400,500,678749,249382,
000069.SZ,000069,20251209,93000060,678757,0,0,S,25400,200,678756,249382,
000069.SZ,000069,20251209,93000060,678764,0,0,S,25400,200,678763,249382,
000069.SZ,000069,20251209,93000060,678767,0,0,S,25400,200,678766,249382,
000069.SZ,000069,20251209,93000060,678772,0,0,S,25400,200,678771,249382,
000069.SZ,000069,20251209,93000060,679075,0,0,S,25400,300,679074,249382,
000069.SZ,000069,20251209,93000060,679853,0,0,S,25400,300,679852,249382,
000069.SZ,000069,20251209,93000060,680345,0,0,S,25400,200,680344,249382,
000069.SZ,000069,20251209,93000070,680518,0,0,S,25400,300,680517,249382,
000069.SZ,000069,20251209,93000070,680639,0,0,S,25400,26900,680638,249382,
000069.SZ,000069,20251209,93000070,681443,C,0, ,0,25500,3180,0,
000069.SZ,000069,20251209,93000070,681444,C,0, ,0,25500,3179,0,
000069.SZ,000069,20251209,93000070,681559,C,0, ,0,25500,3176,0,
000069.SZ,000069,20251209,93000070,681708,0,0,S,25400,300,681707,249382,
000069.SZ,000069,20251209,93000070,681990,0,0,S,25400,12600,681989,249382,
000069.SZ,000069,20251209,93000070,681991,0,0,S,25400,1000,681989,382860,
000069.SZ,000069,20251209,93000070,681992,0,0,S,25400,4500,681989,396284,
000069.SZ,000069,20251209,93000070,681993,0,0,S,25400,100,681989,515684,
000069.SZ,000069,20251209,93000070,681994,0,0,S,25300,25500,681989,4663,
000069.SZ,000069,20251209,93000070,681995,0,0,S,25300,14600,681989,12622,
000069.SZ,000069,20251209,93000070,681996,0,0,S,25300,100,681989,42906,
000069.SZ,000069,20251209,93000070,681997,0,0,S,25300,1000,681989,45319,
000069.SZ,000069,20251209,93000070,681998,0,0,S,25300,800,681989,56448,
000069.SZ,000069,20251209,93000070,681999,0,0,S,25300,1000,681989,58382,
000069.SZ,000069,20251209,93000070,682000,0,0,S,25300,90000,681989,60531,
000069.SZ,000069,20251209,93000070,682001,0,0,S,25300,48400,681989,85679,
000069.SZ,000069,20251209,93000070,682002,0,0,S,25300,10600,681989,91590,
000069.SZ,000069,20251209,93000070,682003,0,0,S,25300,1000,681989,93974,
000069.SZ,000069,20251209,93000070,682004,0,0,S,25300,100,681989,107250,
000069.SZ,000069,20251209,93000070,682005,0,0,S,25300,10000,681989,133366,
000069.SZ,000069,20251209,93000070,682006,0,0,S,25300,4800,681989,141921,
000069.SZ,000069,20251209,93000070,682007,0,0,S,25300,20000,681989,145937,
000069.SZ,000069,20251209,93000070,682008,0,0,S,25300,1000,681989,183033,
000069.SZ,000069,20251209,93000070,682009,0,0,S,25300,2000,681989,185304,
000069.SZ,000069,20251209,93000070,682010,0,0,S,25300,11000,681989,200191,
000069.SZ,000069,20251209,93000070,682011,0,0,S,25300,10000,681989,209527,
000069.SZ,000069,20251209,93000070,682012,0,0,S,25300,9000,681989,213470,
000069.SZ,000069,20251209,93000070,682013,0,0,S,25300,5000,681989,246895,
000069.SZ,000069,20251209,93000070,682014,0,0,S,25300,6800,681989,248664,
000069.SZ,000069,20251209,93000070,682015,0,0,S,25300,100,681989,249800,
000069.SZ,000069,20251209,93000070,682016,0,0,S,25300,5200,681989,253498,
000069.SZ,000069,20251209,93000070,682017,0,0,S,25300,15800,681989,258063,
000069.SZ,000069,20251209,93000070,682018,0,0,S,25300,100,681989,298585,
000069.SZ,000069,20251209,93000070,682019,0,0,S,25300,1100,681989,332738,
000069.SZ,000069,20251209,93000070,682020,0,0,S,25300,11300,681989,334147,
000069.SZ,000069,20251209,93000070,682021,0,0,S,25300,20000,681989,372410,
000069.SZ,000069,20251209,93000070,682022,0,0,S,25300,5600,681989,397869,
000069.SZ,000069,20251209,93000070,682023,0,0,S,25300,4200,681989,461585,
000069.SZ,000069,20251209,93000070,682024,0,0,S,25300,500,681989,473017,
000069.SZ,000069,20251209,93000070,682025,0,0,S,25300,1000,681989,521342,
000069.SZ,000069,20251209,93000070,682026,0,0,S,25300,10700,681989,550741,
000069.SZ,000069,20251209,93000070,682027,0,0,S,25300,10000,681989,681370,
000069.SZ,000069,20251209,93000070,684413,C,0, ,0,25500,3174,0,
000069.SZ,000069,20251209,93000080,687168,0,0,B,25300,1600,681989,687167,
000069.SZ,000069,20251209,93000080,687285,0,0,B,25300,200,681989,687284,
000069.SZ,000069,20251209,93000080,687377,0,0,B,25300,100,681989,687376,
000069.SZ,000069,20251209,93000080,687739,C,0, ,0,1800,281015,0,
000069.SZ,000069,20251209,93000090,691782,0,0,B,25300,200,681989,691781,
000069.SZ,000069,20251209,93000090,691786,0,0,B,25300,100,681989,691785,
000069.SZ,000069,20251209,93000090,692645,0,0,B,25300,3700,681989,692644,
000069.SZ,000069,20251209,93000090,693654,0,0,B,25300,600,681989,693653,
000069.SZ,000069,20251209,93000090,694204,0,0,B,25300,400,681989,694203,
000069.SZ,000069,20251209,93000090,694209,0,0,B,25300,300,681989,694208,
000069.SZ,000069,20251209,93000090,694303,0,0,B,25300,200,681989,694302,
000069.SZ,000069,20251209,93000090,694305,0,0,B,25300,200,681989,694304,
000069.SZ,000069,20251209,93000090,694307,0,0,B,25300,200,681989,694306,
000069.SZ,000069,20251209,93000090,694919,0,0,S,25200,500,694918,4664,
000069.SZ,000069,20251209,93000100,697133,C,0, ,0,41700,682389,0,
000069.SZ,000069,20251209,93000100,700290,0,0,B,25300,300,681989,700289,
000069.SZ,000069,20251209,93000100,700298,0,0,B,25300,100,681989,700297,
000069.SZ,000069,20251209,93000110,704828,0,0,S,25200,500,704827,4664,
000069.SZ,000069,20251209,93000110,706656,0,0,B,25300,100,681989,706655,
000069.SZ,000069,20251209,93000110,706905,0,0,B,25300,500,681989,706904,
000069.SZ,000069,20251209,93000110,706908,0,0,B,25300,400,681989,706907,
000069.SZ,000069,20251209,93000110,706930,0,0,B,25300,200,681989,706929,
000069.SZ,000069,20251209,93000110,706932,0,0,B,25300,100,681989,706931,
000069.SZ,000069,20251209,93000110,706937,0,0,B,25300,200,681989,706936,
000069.SZ,000069,20251209,93000110,706942,0,0,B,25300,100,681989,706941,
000069.SZ,000069,20251209,93000120,707579,0,0,B,25300,1000,681989,707578,
000069.SZ,000069,20251209,93000120,712329,0,0,B,25300,400,681989,712328,
000069.SZ,000069,20251209,93000130,713530,0,0,B,25300,4400,681989,713529,
000069.SZ,000069,20251209,93000140,718936,0,0,B,25300,400,681989,718935,
000069.SZ,000069,20251209,93000140,718978,0,0,B,25300,100,681989,718977,
000069.SZ,000069,20251209,93000140,719058,0,0,B,25300,200,681989,719057,
000069.SZ,000069,20251209,93000140,719942,0,0,B,25300,7000,681989,719941,
000069.SZ,000069,20251209,93000140,722323,C,0, ,0,11300,17308,0,
000069.SZ,000069,20251209,93000140,723907,0,0,B,25300,100,681989,723906,
000069.SZ,000069,20251209,93000160,735403,0,0,B,25300,4400,681989,735402,
000069.SZ,000069,20251209,93000180,741979,0,0,S,25200,7700,741978,4664,
000069.SZ,000069,20251209,93000200,751526,0,0,B,25300,2000,681989,751525,
000069.SZ,000069,20251209,93000270,775485,C,0, ,0,900,307548,0,
000069.SZ,000069,20251209,93000270,776714,C,0, ,0,1200,379296,0,
000069.SZ,000069,20251209,93000270,778668,0,0,B,25300,50000,681989,778667,
000069.SZ,000069,20251209,93000310,790730,0,0,B,25300,5200,681989,790729,
000069.SZ,000069,20251209,93000320,792623,0,0,B,25300,20000,681989,792622,
000069.SZ,000069,20251209,93000450,820129,0,0,B,25300,15000,681989,820128,
000069.SZ,000069,20251209,93000520,830758,0,0,B,25300,3600,681989,830757,
000069.SZ,000069,20251209,93000540,834448,0,0,S,25200,12400,834447,4664,
000069.SZ,000069,20251209,93000570,838425,0,0,B,25300,4700,681989,838424,
000069.SZ,000069,20251209,93000590,841925,0,0,B,25300,27900,681989,841924,
000069.SZ,000069,20251209,93000590,842048,0,0,B,25300,14000,681989,842047,
000069.SZ,000069,20251209,93000590,842589,0,0,B,25300,1700,681989,842588,
000069.SZ,000069,20251209,93000790,874320,0,0,B,25300,1800,681989,874319,
000069.SZ,000069,20251209,93000850,884372,0,0,B,25300,600,681989,884371,
000069.SZ,000069,20251209,93000860,884715,C,0, ,0,41500,123912,0,
000069.SZ,000069,20251209,93000950,899947,0,0,B,25300,500,681989,899946,
000069.SZ,000069,20251209,93001000,906871,0,0,S,25200,1300,906870,4664,
000069.SZ,000069,20251209,93001050,913334,0,0,B,25300,500,681989,913333,
000069.SZ,000069,20251209,93001060,915603,C,0, ,0,43000,480703,0,
000069.SZ,000069,20251209,93001100,920749,0,0,B,25300,23100,681989,920748,
000069.SZ,000069,20251209,93001100,920751,0,0,B,25300,23800,681989,920750,
000069.SZ,000069,20251209,93001100,920753,0,0,B,25300,24700,681989,920752,
000069.SZ,000069,20251209,93001100,920755,0,0,B,25300,28100,681989,920754,
000069.SZ,000069,20251209,93001100,920762,0,0,B,25300,28000,681989,920761,
000069.SZ,000069,20251209,93001100,920764,0,0,B,25300,22200,681989,920763,
000069.SZ,000069,20251209,93001100,920766,0,0,B,25300,28400,681989,920765,
000069.SZ,000069,20251209,93001100,920768,0,0,B,25300,21400,681989,920767,
000069.SZ,000069,20251209,93001100,920770,0,0,B,25300,26400,681989,920769,
000069.SZ,000069,20251209,93001100,920772,0,0,B,25300,22300,681989,920771,
000069.SZ,000069,20251209,93001100,920774,0,0,B,25300,22300,681989,920773,
000069.SZ,000069,20251209,93001100,920776,0,0,B,25300,21700,681989,920775,
000069.SZ,000069,20251209,93001100,920778,0,0,B,25300,24400,681989,920777,
000069.SZ,000069,20251209,93001100,920780,0,0,B,25300,27900,681989,920779,
000069.SZ,000069,20251209,93001100,920782,0,0,B,25300,22100,681989,920781,
000069.SZ,000069,20251209,93001100,920784,0,0,B,25300,24100,681989,920783,
000069.SZ,000069,20251209,93001100,920786,0,0,B,25300,25000,681989,920785,
000069.SZ,000069,20251209,93001100,920788,0,0,B,25300,12200,681989,920787,
000069.SZ,000069,20251209,93001100,920789,0,0,B,25300,1000,795164,920787,
000069.SZ,000069,20251209,93001100,920790,0,0,B,25300,2300,841990,920787,
000069.SZ,000069,20251209,93001100,920791,0,0,B,25300,3800,890389,920787,
000069.SZ,000069,20251209,93001100,920792,0,0,B,25300,600,910124,920787,
000069.SZ,000069,20251209,93001130,924292,0,0,S,25300,700,924291,920787,
000069.SZ,000069,20251209,93001170,928433,0,0,S,25300,100,928432,920787,
000069.SZ,000069,20251209,93001500,955967,0,0,S,25300,100,955966,920787,
000069.SZ,000069,20251209,93001560,961081,0,0,S,25300,1800,961080,920787,
000069.SZ,000069,20251209,93001560,961106,0,0,S,25300,200,961105,920787,
000069.SZ,000069,20251209,93001560,961107,0,0,S,25300,400,961105,920793,
000069.SZ,000069,20251209,93001580,963567,0,0,S,25300,600,963566,920793,
000069.SZ,000069,20251209,93001590,963837,0,0,S,25300,3400,963836,920793,
000069.SZ,000069,20251209,93001620,966992,0,0,S,25300,100,966991,920793,
000069.SZ,000069,20251209,93001630,967480,0,0,B,25400,300,682502,967479,
000069.SZ,000069,20251209,93001630,967481,0,0,B,25400,200,685317,967479,
000069.SZ,000069,20251209,93001630,967482,0,0,B,25400,300,686905,967479,
000069.SZ,000069,20251209,93001630,967483,0,0,B,25400,200,686906,967479,
000069.SZ,000069,20251209,93001630,967484,0,0,B,25400,200,687299,967479,
000069.SZ,000069,20251209,93001630,967485,0,0,B,25400,400,687688,967479,
000069.SZ,000069,20251209,93001630,967486,0,0,B,25400,5800,690179,967479,
000069.SZ,000069,20251209,93001660,971530,0,0,S,25300,100,971529,920793,
000069.SZ,000069,20251209,93001730,978120,0,0,S,25300,700,978119,920793,
000069.SZ,000069,20251209,93001740,978492,C,0, ,0,1800,874329,0,
000069.SZ,000069,20251209,93001740,978985,0,0,S,25300,200,978984,920793,
000069.SZ,000069,20251209,93001740,979148,0,0,S,25300,600,979147,920793,
000069.SZ,000069,20251209,93001770,980910,0,0,S,25300,100,980909,920793,
000069.SZ,000069,20251209,93001890,992182,0,0,S,25300,14500,992181,920793,
000069.SZ,000069,20251209,93001890,992183,0,0,S,25300,23000,992181,920794,
000069.SZ,000069,20251209,93001890,992184,0,0,S,25300,1000,992181,971032,
000069.SZ,000069,20251209,93001890,992185,0,0,S,25300,1200,992181,979957,
000069.SZ,000069,20251209,93001890,992186,0,0,S,25300,1000,992181,983080,
000069.SZ,000069,20251209,93001890,992187,0,0,S,25200,28600,992181,4664,
000069.SZ,000069,20251209,93001890,992188,0,0,S,25200,500,992181,12407,
000069.SZ,000069,20251209,93001890,992189,0,0,S,25200,14600,992181,12627,
000069.SZ,000069,20251209,93001890,992190,0,0,S,25200,1000,992181,13343,
000069.SZ,000069,20251209,93001890,992191,0,0,S,25200,56400,992181,14612,
000069.SZ,000069,20251209,93001890,992192,0,0,S,25200,2000,992181,20520,
000069.SZ,000069,20251209,93001890,992193,0,0,S,25200,5000,992181,30814,
000069.SZ,000069,20251209,93001890,992194,0,0,S,25200,19100,992181,39899,
000069.SZ,000069,20251209,93001890,992195,0,0,S,25200,100,992181,42907,
000069.SZ,000069,20251209,93001890,992196,0,0,S,25200,4000,992181,47923,
000069.SZ,000069,20251209,93001890,992197,0,0,S,25200,10000,992181,53885,
000069.SZ,000069,20251209,93001890,992198,0,0,S,25200,8800,992181,60671,
000069.SZ,000069,20251209,93001890,992199,0,0,S,25200,25000,992181,96686,
000069.SZ,000069,20251209,93001890,992200,0,0,S,25200,1000,992181,117088,
000069.SZ,000069,20251209,93001890,992201,0,0,S,25200,10000,992181,133373,
000069.SZ,000069,20251209,93001890,992202,0,0,S,25200,50000,992181,133697,
000069.SZ,000069,20251209,93001890,992203,0,0,S,25200,150000,992181,155483,
000069.SZ,000069,20251209,93001890,992204,0,0,S,25200,150000,992181,155488,
000069.SZ,000069,20251209,93001890,992205,0,0,S,25200,100,992181,158852,
000069.SZ,000069,20251209,93001890,992206,0,0,S,25200,1900,992181,171305,
000069.SZ,000069,20251209,93001890,992207,0,0,S,25200,3600,992181,230349,
000069.SZ,000069,20251209,93001890,992208,0,0,S,25200,1800,992181,236183,
000069.SZ,000069,20251209,93001890,992209,0,0,S,25200,7000,992181,239250,
000069.SZ,000069,20251209,93001890,992210,0,0,S,25200,5200,992181,253510,
000069.SZ,000069,20251209,93001890,992211,0,0,S,25200,15900,992181,258064,
000069.SZ,000069,20251209,93001890,992212,0,0,S,25200,3000,992181,270572,
000069.SZ,000069,20251209,93001890,992213,0,0,S,25200,600,992181,289455,
000069.SZ,000069,20251209,93001890,992214,0,0,S,25200,1000,992181,291774,
000069.SZ,000069,20251209,93001890,992215,0,0,S,25200,200,992181,297212,
000069.SZ,000069,20251209,93001890,992216,0,0,S,25200,7100,992181,314047,
000069.SZ,000069,20251209,93001890,992217,0,0,S,25200,3000,992181,338287,
000069.SZ,000069,20251209,93001890,992218,0,0,S,25200,2000,992181,347290,
000069.SZ,000069,20251209,93001890,992219,0,0,S,25200,20000,992181,380179,
000069.SZ,000069,20251209,93001890,992220,0,0,S,25200,3300,992181,393465,
000069.SZ,000069,20251209,93001890,992221,0,0,S,25200,2500,992181,414614,
000069.SZ,000069,20251209,93001890,992222,0,0,S,25200,55100,992181,436110,
000069.SZ,000069,20251209,93001890,992223,0,0,S,25200,8900,992181,458043,
000069.SZ,000069,20251209,93001890,992224,0,0,S,25200,5000,992181,461213,
000069.SZ,000069,20251209,93001890,992225,0,0,S,25200,2700,992181,461332,
000069.SZ,000069,20251209,93001890,992226,0,0,S,25200,5000,992181,476598,
000069.SZ,000069,20251209,93001890,992227,0,0,S,25200,400,992181,482517,
000069.SZ,000069,20251209,93001890,992228,0,0,S,25200,5200,992181,535325,
000069.SZ,000069,20251209,93001890,992229,0,0,S,25200,5200,992181,541939,
000069.SZ,000069,20251209,93001890,992230,0,0,S,25200,1700,992181,696642,
000069.SZ,000069,20251209,93001890,992231,0,0,S,25200,5000,992181,709087,
000069.SZ,000069,20251209,93001890,992232,0,0,S,25200,10000,992181,724867,
000069.SZ,000069,20251209,93001890,992233,0,0,S,25200,300,992181,774251,
000069.SZ,000069,20251209,93001890,992234,0,0,S,25200,4000,992181,817601,
000069.SZ,000069,20251209,93001890,992235,0,0,S,25200,100,992181,855528,
000069.SZ,000069,20251209,93001890,992236,0,0,S,25200,1000,992181,900985,
000069.SZ,000069,20251209,93001890,992237,0,0,S,25200,500,992181,909807,
000069.SZ,000069,20251209,93001890,992238,0,0,S,25200,1200,992181,910697,
000069.SZ,000069,20251209,93001890,992239,0,0,S,25200,900,992181,919922,
000069.SZ,000069,20251209,93001890,992240,0,0,S,25200,1200,992181,923240,
000069.SZ,000069,20251209,93001890,992241,0,0,S,25200,300,992181,923870,
000069.SZ,000069,20251209,93001890,992242,0,0,S,25200,200,992181,924348,
000069.SZ,000069,20251209,93001890,992243,0,0,S,25200,9900,992181,930432,
000069.SZ,000069,20251209,93001890,992244,0,0,S,25200,1000,992181,972863,
000069.SZ,000069,20251209,93001890,992245,0,0,S,25200,300,992181,978988,
000069.SZ,000069,20251209,93001890,992246,0,0,S,25200,300,992181,981224,
000069.SZ,000069,20251209,93001890,992247,0,0,S,25100,2000,992181,8864,
000069.SZ,000069,20251209,93001890,992248,0,0,S,25100,14600,992181,12634,
000069.SZ,000069,20251209,93001890,992249,0,0,S,25100,3000,992181,29834,
000069.SZ,000069,20251209,93001890,992250,0,0,S,25100,5000,992181,48329,
000069.SZ,000069,20251209,93001890,992251,0,0,S,25100,1500,992181,53304,
000069.SZ,000069,20251209,93001890,992252,0,0,S,25100,10000,992181,53936,
000069.SZ,000069,20251209,93001890,992253,0,0,S,25100,2000,992181,55087,
000069.SZ,000069,20251209,93001890,992254,0,0,S,25100,100,992181,57235,
000069.SZ,000069,20251209,93001890,992255,0,0,S,25100,1300,992181,63028,
000069.SZ,000069,20251209,93001890,992256,0,0,S,25100,25000,992181,96687,
000069.SZ,000069,20251209,93001890,992257,0,0,S,25100,800,992181,107496,
000069.SZ,000069,20251209,93001890,992258,0,0,S,25100,2000,992181,113924,
000069.SZ,000069,20251209,93001890,992259,0,0,S,25100,3000,992181,119410,
000069.SZ,000069,20251209,93001890,992260,0,0,S,25100,10000,992181,133376,
000069.SZ,000069,20251209,93001890,992261,0,0,S,25100,139300,992181,155484,
000069.SZ,000069,20251209,93001910,994255,0,0,S,25200,1500,994254,992739,
000069.SZ,000069,20251209,93001910,994256,0,0,S,25100,10700,994254,155484,
000069.SZ,000069,20251209,93001910,994257,0,0,S,25100,150000,994254,155487,
000069.SZ,000069,20251209,93001910,994258,0,0,S,25100,5000,994254,164807,
000069.SZ,000069,20251209,93001910,994259,0,0,S,25100,1000,994254,181287,
000069.SZ,000069,20251209,93001910,994260,0,0,S,25100,1000,994254,209718,
000069.SZ,000069,20251209,93001910,994261,0,0,S,25100,2000,994254,222871,
000069.SZ,000069,20251209,93001910,994262,0,0,S,25100,2000,994254,225471,
000069.SZ,000069,20251209,93001910,994263,0,0,S,25100,10000,994254,229023,
000069.SZ,000069,20251209,93001910,994264,0,0,S,25100,37700,994254,230763,
000069.SZ,000069,20251209,93001910,994265,0,0,S,25100,50000,994254,235226,
000069.SZ,000069,20251209,93001910,994266,0,0,S,25100,7000,994254,239252,
000069.SZ,000069,20251209,93001910,994267,0,0,S,25100,4800,994254,240862,
000069.SZ,000069,20251209,93001910,994268,0,0,S,25100,7000,994254,248665,
000069.SZ,000069,20251209,93001910,994269,0,0,S,25100,5000,994254,249236,
000069.SZ,000069,20251209,93001910,994270,0,0,S,25100,100,994254,249801,
000069.SZ,000069,20251209,93001910,994271,0,0,S,25100,12000,994254,250581,
000069.SZ,000069,20251209,93001910,994272,0,0,S,25100,5200,994254,253499,
000069.SZ,000069,20251209,93001910,994273,0,0,S,25100,16000,994254,258065,
000069.SZ,000069,20251209,93001910,994274,0,0,S,25100,2400,994254,283633,
000069.SZ,000069,20251209,93001910,994275,0,0,S,25100,400,994254,284875,
000069.SZ,000069,20251209,93001910,994276,0,0,S,25100,1000,994254,289680,
000069.SZ,000069,20251209,93001910,994277,0,0,S,25100,200,994254,297179,
000069.SZ,000069,20251209,93001910,994278,0,0,S,25100,4000,994254,310875,
000069.SZ,000069,20251209,93001910,994279,0,0,S,25100,2000,994254,329416,
000069.SZ,000069,20251209,93001910,994280,0,0,S,25100,2000,994254,356116,
000069.SZ,000069,20251209,93001910,994281,0,0,S,25100,20000,994254,375115,
000069.SZ,000069,20251209,93001910,994282,0,0,S,25100,20000,994254,389567,
000069.SZ,000069,20251209,93001910,994283,0,0,S,25100,9000,994254,393876,
000069.SZ,000069,20251209,93001910,994284,0,0,S,25100,3900,994254,400410,
000069.SZ,000069,20251209,93001910,994285,0,0,S,25100,10000,994254,400705,
000069.SZ,000069,20251209,93001910,994286,0,0,S,25100,20000,994254,410193,
000069.SZ,000069,20251209,93001910,994287,0,0,S,25100,10000,994254,423573,
000069.SZ,000069,20251209,93001910,994288,0,0,S,25100,10000,994254,485142,
000069.SZ,000069,20251209,93001910,994289,0,0,S,25100,1000,994254,531964,
000069.SZ,000069,20251209,93001910,994290,0,0,S,25100,3000,994254,535832,
000069.SZ,000069,20251209,93001910,994291,0,0,S,25100,10000,994254,669287,
000069.SZ,000069,20251209,93001910,994292,0,0,S,25100,5000,994254,676910,
000069.SZ,000069,20251209,93001910,994293,0,0,S,25100,2000,994254,686535,
000069.SZ,000069,20251209,93001910,994294,0,0,S,25100,3000,994254,686630,
000069.SZ,000069,20251209,93001910,994295,0,0,S,25100,4000,994254,691758,
000069.SZ,000069,20251209,93001910,994296,0,0,S,25100,2000,994254,696783,
000069.SZ,000069,20251209,93001910,994297,0,0,S,25100,10000,994254,705663,
000069.SZ,000069,20251209,93001910,994298,0,0,S,25100,5000,994254,724757,
000069.SZ,000069,20251209,93001910,994299,0,0,S,25100,1900,994254,725217,
000069.SZ,000069,20251209,93001910,994300,0,0,S,25100,10200,994254,733764,
000069.SZ,000069,20251209,93001960,999095,0,0,B,25300,600,992610,999094,
000069.SZ,000069,20251209,93001960,999096,0,0,B,25300,500,993600,999094,
000069.SZ,000069,20251209,93002000,1002695,0,0,S,25200,100,1002694,996071,
000069.SZ,000069,20251209,93002000,1003231,0,0,S,25200,1200,1003230,996071,
000069.SZ,000069,20251209,93002070,1010378,0,0,S,25200,100,1010377,996071,
000069.SZ,000069,20251209,93002110,1012983,0,0,B,25300,1100,993600,1012982,
000069.SZ,000069,20251209,93002110,1012984,0,0,B,25300,700,994248,1012982,
000069.SZ,000069,20251209,93002210,1020462,0,0,B,25300,900,997800,1020461,
000069.SZ,000069,20251209,93002210,1020521,0,0,B,25300,400,997800,1020520,
000069.SZ,000069,20251209,93002210,1020522,0,0,B,25300,500,1002429,1020520,
000069.SZ,000069,20251209,93002230,1021432,0,0,B,25300,100,1002429,1021431,
000069.SZ,000069,20251209,93002230,1021433,0,0,B,25300,200,1009570,1021431,
000069.SZ,000069,20251209,93002230,1021436,0,0,B,25300,600,1009570,1021435,
000069.SZ,000069,20251209,93002230,1021437,0,0,B,25300,200,1015829,1021435,
000069.SZ,000069,20251209,93002270,1023730,0,0,B,25300,400,1015829,1023729,
000069.SZ,000069,20251209,93002270,1023731,0,0,B,25300,1200,1018167,1023729,
000069.SZ,000069,20251209,93002270,1023732,0,0,B,25400,7200,690179,1023729,
000069.SZ,000069,20251209,93002270,1023733,0,0,B,25400,900,690566,1023729,
000069.SZ,000069,20251209,93002270,1023734,0,0,B,25400,600,693489,1023729,
000069.SZ,000069,20251209,93002270,1023735,0,0,B,25400,300,693903,1023729,
000069.SZ,000069,20251209,93002270,1023736,0,0,B,25400,200,694655,1023729,
000069.SZ,000069,20251209,93002270,1023737,0,0,B,25400,200,694735,1023729,
000069.SZ,000069,20251209,93002270,1023738,0,0,B,25400,200,696620,1023729,
000069.SZ,000069,20251209,93002270,1023739,0,0,B,25400,200,701026,1023729,
000069.SZ,000069,20251209,93002270,1023740,0,0,B,25400,500,701069,1023729,
000069.SZ,000069,20251209,93002270,1023741,0,0,B,25400,200,701072,1023729,
000069.SZ,000069,20251209,93002270,1023742,0,0,B,25400,200,701147,1023729,
000069.SZ,000069,20251209,93002270,1023743,0,0,B,25400,200,701252,1023729,
000069.SZ,000069,20251209,93002270,1023744,0,0,B,25400,700,701610,1023729,
000069.SZ,000069,20251209,93002270,1023745,0,0,B,25400,200,710554,1023729,
000069.SZ,000069,20251209,93002270,1023746,0,0,B,25400,200,718031,1023729,
000069.SZ,000069,20251209,93002270,1023747,0,0,B,25400,200,719195,1023729,
000069.SZ,000069,20251209,93002270,1023748,0,0,B,25400,200,720649,1023729,
000069.SZ,000069,20251209,93002270,1023749,0,0,B,25400,200,766942,1023729,
000069.SZ,000069,20251209,93002270,1023750,0,0,B,25400,500,766946,1023729,
000069.SZ,000069,20251209,93002270,1023751,0,0,B,25400,700,766949,1023729,
000069.SZ,000069,20251209,93002270,1023752,0,0,B,25400,1800,766950,1023729,
000069.SZ,000069,20251209,93002270,1023753,0,0,B,25400,200,766964,1023729,
000069.SZ,000069,20251209,93002270,1023754,0,0,B,25400,400,766965,1023729,
000069.SZ,000069,20251209,93002270,1023755,0,0,B,25400,200,766967,1023729,
000069.SZ,000069,20251209,93002270,1023756,0,0,B,25400,200,766968,1023729,
000069.SZ,000069,20251209,93002270,1023757,0,0,B,25400,5900,811611,1023729,
000069.SZ,000069,20251209,93002270,1023758,0,0,B,25400,9000,958379,1023729,
000069.SZ,000069,20251209,93002270,1023759,0,0,B,25400,200,959256,1023729,
000069.SZ,000069,20251209,93002270,1023760,0,0,B,25400,46700,986825,1023729,
000069.SZ,000069,20251209,93002400,1030295,C,0, ,0,1800,1012987,0,
000069.SZ,000069,20251209,93002520,1037686,C,0, ,0,180000,2005,0,
000069.SZ,000069,20251209,93002880,1061382,0,0,S,25300,100,1061381,1025464,
000069.SZ,000069,20251209,93003140,1078932,0,0,B,25300,200,1063180,1078931,
000069.SZ,000069,20251209,93003210,1083269,0,0,S,25200,53700,1083268,996071,
000069.SZ,000069,20251209,93003210,1083270,0,0,S,25200,3400,1083268,1007389,
000069.SZ,000069,20251209,93003210,1083271,0,0,S,25200,100,1083268,1010397,
000069.SZ,000069,20251209,93003210,1083272,0,0,S,25200,400,1083268,1018164,
000069.SZ,000069,20251209,93003210,1083273,0,0,S,25200,1800,1083268,1043179,
000069.SZ,000069,20251209,93003210,1083274,0,0,S,25200,900,1083268,1058429,
000069.SZ,000069,20251209,93003210,1083275,0,0,S,25200,10000,1083268,1058619,
000069.SZ,000069,20251209,93003210,1083276,0,0,S,25200,600,1083268,1062586,
000069.SZ,000069,20251209,93003210,1083277,0,0,S,25200,700,1083268,1064661,
000069.SZ,000069,20251209,93003210,1083278,0,0,S,25200,2200,1083268,1073424,
000069.SZ,000069,20251209,93003410,1092427,C,0, ,0,1800,1043180,0,
000069.SZ,000069,20251209,93004170,1132852,C,0, ,0,100,298584,0,
000069.SZ,000069,20251209,93004190,1133861,0,0,B,25300,3600,1063180,1133860,
000069.SZ,000069,20251209,93004190,1133862,0,0,B,25300,400,1068011,1133860,
000069.SZ,000069,20251209,93004990,1165774,0,0,B,25300,11900,1068011,1165773,
000069.SZ,000069,20251209,93005040,1169271,0,0,B,25300,100,1068011,1169270,
000069.SZ,000069,20251209,93005040,1169312,C,0, ,0,1000,291775,0,
000069.SZ,000069,20251209,93005500,1182024,C,0, ,0,100,0,308669,
000069.SZ,000069,20251209,93005680,1187280,0,0,S,25200,100,1187279,1073424,
000069.SZ,000069,20251209,93005690,1188060,0,0,S,25200,600,1188059,1073424,
000069.SZ,000069,20251209,93005690,1188168,0,0,S,25200,500,1188167,1073424,
000069.SZ,000069,20251209,93005690,1188254,0,0,S,25200,200,1188253,1073424,
000069.SZ,000069,20251209,93005700,1188294,0,0,S,25200,700,1188293,1073424,
000069.SZ,000069,20251209,93005700,1188319,0,0,S,25200,300,1188318,1073424,
000069.SZ,000069,20251209,93005700,1188505,0,0,S,25200,800,1188504,1073424,
000069.SZ,000069,20251209,93005700,1188629,0,0,S,25200,600,1188628,1073424,
000069.SZ,000069,20251209,93005710,1188729,0,0,S,25200,700,1188728,1073424,
000069.SZ,000069,20251209,93005720,1188849,0,0,S,25200,400,1188848,1073424,
000069.SZ,000069,20251209,93005740,1189341,0,0,S,25200,400,1189340,1073424,
000069.SZ,000069,20251209,93005770,1189827,0,0,S,25200,100,1189826,1073424,
000069.SZ,000069,20251209,93005800,1190706,0,0,S,25200,1000,1190705,1073424,
000069.SZ,000069,20251209,93005810,1190877,C,0, ,0,116600,0,1083361,
000069.SZ,000069,20251209,93005810,1190947,C,0, ,0,266500,0,1083439,
000069.SZ,000069,20251209,93005810,1190948,C,0, ,0,90000,0,1083441,
000069.SZ,000069,20251209,93005810,1190950,C,0, ,0,280000,0,1083442,
000069.SZ,000069,20251209,93005810,1190951,C,0, ,0,280000,0,1083450,
000069.SZ,000069,20251209,93005810,1190952,C,0, ,0,73400,0,1083455,
000069.SZ,000069,20251209,93005820,1191005,0,0,S,25200,1000,1191004,1073424,
000069.SZ,000069,20251209,93005880,1192903,0,0,S,25200,200,1192902,1073424,
000069.SZ,000069,20251209,93005920,1193919,0,0,S,25200,100,1193918,1073424,
000069.SZ,000069,20251209,93005970,1195533,0,0,S,25200,700,1195532,1073424,
000069.SZ,000069,20251209,93005990,1196313,0,0,S,25200,600,1196312,1073424,
000069.SZ,000069,20251209,93006080,1200429,0,0,S,25200,10000,1200428,1073424,
000069.SZ,000069,20251209,93006390,1210034,0,0,S,25200,100,1210033,1073424,
000069.SZ,000069,20251209,93006400,1210332,0,0,S,25200,28700,1210331,1073424,
000069.SZ,000069,20251209,93006400,1210333,0,0,S,25200,1400,1210331,1075664,
000069.SZ,000069,20251209,93006400,1210334,0,0,S,25200,1200,1210331,1075694,
000069.SZ,000069,20251209,93006400,1210335,0,0,S,25200,900,1210331,1076288,
000069.SZ,000069,20251209,93006400,1210336,0,0,S,25200,1800,1210331,1077060,
000069.SZ,000069,20251209,93006400,1210337,0,0,S,25200,300,1210331,1086032,
000069.SZ,000069,20251209,93006400,1210338,0,0,S,25200,3900,1210331,1091082,
000069.SZ,000069,20251209,93006400,1210339,0,0,S,25200,1100,1210331,1091087,
000069.SZ,000069,20251209,93006400,1210340,0,0,S,25200,1100,1210331,1102078,
000069.SZ,000069,20251209,93006400,1210341,0,0,S,25200,1600,1210331,1105002,
000069.SZ,000069,20251209,93006400,1210342,0,0,S,25200,1000,1210331,1108831,
000069.SZ,000069,20251209,93006400,1210343,0,0,S,25200,4800,1210331,1117621,
000069.SZ,000069,20251209,93006400,1210344,0,0,S,25200,100,1210331,1121272,
000069.SZ,000069,20251209,93006400,1210345,0,0,S,25200,9300,1210331,1162779,
000069.SZ,000069,20251209,93006400,1210346,0,0,S,25200,1000,1210331,1168698,
000069.SZ,000069,20251209,93006400,1210347,0,0,S,25200,300,1210331,1190174,
000069.SZ,000069,20251209,93006400,1210348,0,0,S,25200,10600,1210331,1193342,
000069.SZ,000069,20251209,93006400,1210349,0,0,S,25200,2200,1210331,1196417,
000069.SZ,000069,20251209,93006400,1210350,0,0,S,25200,700,1210331,1208904,
000069.SZ,000069,20251209,93006550,1215569,0,0,B,25200,100,1210331,1215568,
000069.SZ,000069,20251209,93006770,1223025,0,0,B,25200,200,1210331,1223024,
000069.SZ,000069,20251209,93006770,1223043,0,0,B,25200,2000,1210331,1223042,
000069.SZ,000069,20251209,93006830,1224657,0,0,B,25200,3500,1210331,1224656,
000069.SZ,000069,20251209,93006880,1226274,C,0, ,0,400,284876,0,
000069.SZ,000069,20251209,93007060,1232085,C,0, ,0,4800,1068011,0,
000069.SZ,000069,20251209,93007620,1245244,0,0,B,25200,1700,1210331,1245243,
000069.SZ,000069,20251209,93007620,1245246,0,0,B,25200,1700,1210331,1245245,
000069.SZ,000069,20251209,93007740,1248522,0,0,B,25200,900,1210331,1248521,
000069.SZ,000069,20251209,93007800,1249767,0,0,B,25200,500,1210331,1249766,
000069.SZ,000069,20251209,93007940,1253032,C,0, ,0,600,314654,0,
000069.SZ,000069,20251209,93007970,1253807,0,0,B,25200,500,1210331,1253806,
000069.SZ,000069,20251209,93008170,1258650,0,0,B,25200,700,1210331,1258649,
000069.SZ,000069,20251209,93008640,1264928,C,0, ,0,200,297211,0,
000069.SZ,000069,20251209,93008650,1264929,C,0, ,0,600,289454,0,
000069.SZ,000069,20251209,93008650,1264932,C,0, ,0,200,297170,0,
000069.SZ,000069,20251209,93009110,1272655,0,0,B,25200,2600,1210331,1272654,
000069.SZ,000069,20251209,93009150,1273109,C,0, ,0,350000,3722,0,
000069.SZ,000069,20251209,93010120,1295131,0,0,S,25100,600,1295130,733764,
000069.SZ,000069,20251209,93010570,1304057,0,0,B,25200,1500,1210331,1304056,
000069.SZ,000069,20251209,93011140,1312358,C,0, ,0,4800,1234062,0,
000069.SZ,000069,20251209,93011250,1313462,0,0,S,25100,4800,1313461,733764,
000069.SZ,000069,20251209,93011290,1313987,0,0,S,25100,2000,1313986,733764,
000069.SZ,000069,20251209,93011640,1317850,C,0, ,0,300,759785,0,
000069.SZ,000069,20251209,93012140,1322890,C,0, ,0,15600,1177056,0,
000069.SZ,000069,20251209,93012140,1322932,C,0, ,0,3300,1093056,0,
000069.SZ,000069,20251209,93012160,1323686,0,0,B,25200,13600,1210331,1323685,
000069.SZ,000069,20251209,93012160,1323687,0,0,B,25200,100,1273349,1323685,
000069.SZ,000069,20251209,93012160,1323688,0,0,B,25200,200,1273370,1323685,
000069.SZ,000069,20251209,93012280,1326772,0,0,B,25200,10000,1324134,1326771,
000069.SZ,000069,20251209,93012330,1327454,0,0,B,25200,1100,1324134,1327453,
000069.SZ,000069,20251209,93015030,1368866,C,0, ,0,20000,0,385958,
000069.SZ,000069,20251209,93015470,1380287,C,0, ,0,10000,980344,0,
000069.SZ,000069,20251209,93015700,1385705,0,0,S,25100,300,1385704,733764,
000069.SZ,000069,20251209,93016380,1399630,C,0, ,0,200,1090847,0,
000069.SZ,000069,20251209,93016550,1402863,C,0, ,0,100,1183131,0,
000069.SZ,000069,20251209,93016690,1405902,C,0, ,0,100,1108556,0,
000069.SZ,000069,20251209,93017270,1413427,C,0, ,0,1600,1162846,0,
000069.SZ,000069,20251209,93018070,1423185,C,0, ,0,7500,1107750,0,
000069.SZ,000069,20251209,93018270,1426166,0,0,B,25200,100,1324134,1426165,
000069.SZ,000069,20251209,93020180,1460553,0,0,S,25100,100,1460552,733764,
000069.SZ,000069,20251209,93022610,1499160,0,0,B,25200,3000,1324134,1499159,
000069.SZ,000069,20251209,93024090,1515811,C,0, ,0,15200,452023,0,
000069.SZ,000069,20251209,93024210,1517758,0,0,B,25200,400,1324134,1517757,
000069.SZ,000069,20251209,93025150,1533809,C,0, ,0,5300,0,782230,
000069.SZ,000069,20251209,93026700,1554848,0,0,B,25200,1000,1324134,1554847,
000069.SZ,000069,20251209,93026700,1554849,0,0,B,25200,200,1353292,1554847,
000069.SZ,000069,20251209,93026700,1554850,0,0,B,25200,100,1353412,1554847,
000069.SZ,000069,20251209,93026700,1554851,0,0,B,25200,300,1355594,1554847,
000069.SZ,000069,20251209,93026700,1554852,0,0,B,25200,100,1355842,1554847,
000069.SZ,000069,20251209,93026700,1554853,0,0,B,25200,200,1358668,1554847,
000069.SZ,000069,20251209,93026700,1554854,0,0,B,25200,100,1359009,1554847,
000069.SZ,000069,20251209,93026700,1554855,0,0,B,25200,300,1371067,1554847,
000069.SZ,000069,20251209,93026700,1554856,0,0,B,25200,200,1371081,1554847,
000069.SZ,000069,20251209,93026700,1554857,0,0,B,25200,2100,1371082,1554847,
000069.SZ,000069,20251209,93026700,1554858,0,0,B,25200,5400,1371310,1554847,
000069.SZ,000069,20251209,93027910,1573646,0,0,S,25100,3100,1573645,733764,
000069.SZ,000069,20251209,93028320,1579648,C,0, ,0,9800,788270,0,
000069.SZ,000069,20251209,93030280,1608907,C,0, ,0,43700,53342,0,
000069.SZ,000069,20251209,93032530,1644304,0,0,B,25200,12300,1371310,1644303,
000069.SZ,000069,20251209,93032530,1644305,0,0,B,25200,200,1372506,1644303,
000069.SZ,000069,20251209,93032530,1644306,0,0,B,25200,100,1372743,1644303,
000069.SZ,000069,20251209,93032530,1644307,0,0,B,25200,200,1375652,1644303,
000069.SZ,000069,20251209,93032530,1644308,0,0,B,25200,600,1375747,1644303,
000069.SZ,000069,20251209,93032530,1644309,0,0,B,25200,700,1375942,1644303,
000069.SZ,000069,20251209,93032530,1644310,0,0,B,25200,600,1376035,1644303,
000069.SZ,000069,20251209,93032530,1644311,0,0,B,25200,200,1379860,1644303,
000069.SZ,000069,20251209,93032530,1644312,0,0,B,25200,1300,1382374,1644303,
000069.SZ,000069,20251209,93032530,1644313,0,0,B,25200,600,1382984,1644303,
000069.SZ,000069,20251209,93032530,1644314,0,0,B,25200,700,1383768,1644303,
000069.SZ,000069,20251209,93032530,1644315,0,0,B,25200,1100,1386298,1644303,
000069.SZ,000069,20251209,93032530,1644316,0,0,B,25200,500,1387327,1644303,
000069.SZ,000069,20251209,93032530,1644317,0,0,B,25200,1800,1389897,1644303,
000069.SZ,000069,20251209,93032530,1644318,0,0,B,25200,200,1415076,1644303,
000069.SZ,000069,20251209,93032530,1644319,0,0,B,25200,3900,1416190,1644303,
000069.SZ,000069,20251209,93033150,1651089,0,0,B,25200,1000,1416190,1651088,
000069.SZ,000069,20251209,93033150,1651090,0,0,B,25200,100,1417164,1651088,
000069.SZ,000069,20251209,93034800,1680253,C,0, ,0,900,1198642,0,
000069.SZ,000069,20251209,93035210,1685978,C,0, ,0,400,1317481,0,
000069.SZ,000069,20251209,93035280,1687077,C,0, ,0,400,1317770,0,
000069.SZ,000069,20251209,93035350,1688290,C,0, ,0,7500,1580744,0,
000069.SZ,000069,20251209,93035390,1688801,C,0, ,0,600,1317480,0,
000069.SZ,000069,20251209,93035410,1689020,C,0, ,0,700,1317493,0,
000069.SZ,000069,20251209,93035580,1691515,0,0,S,25100,600,1691514,733764,
000069.SZ,000069,20251209,93035610,1692064,C,0, ,0,600,1317476,0,
000069.SZ,000069,20251209,93035670,1692745,C,0, ,0,800,1317473,0,
000069.SZ,000069,20251209,93035760,1693809,C,0, ,0,600,1317495,0,
000069.SZ,000069,20251209,93035880,1695449,C,0, ,0,1200,1317472,0,
000069.SZ,000069,20251209,93035920,1695991,0,0,B,25200,100,1418652,1695990,
000069.SZ,000069,20251209,93035920,1695992,0,0,B,25200,100,1419750,1695990,
000069.SZ,000069,20251209,93035920,1695993,0,0,B,25200,600,1460218,1695990,
000069.SZ,000069,20251209,93035920,1695994,0,0,B,25200,1400,1460435,1695990,
000069.SZ,000069,20251209,93035920,1695995,0,0,B,25200,200,1475574,1695990,
000069.SZ,000069,20251209,93035920,1695996,0,0,B,25200,100,1480715,1695990,
000069.SZ,000069,20251209,93035920,1695997,0,0,B,25200,700,1491436,1695990,
000069.SZ,000069,20251209,93036040,1697649,C,0, ,0,300,1317627,0,
000069.SZ,000069,20251209,93039430,1757886,0,0,S,25100,100,1757885,733764,
000069.SZ,000069,20251209,93039430,1757964,0,0,B,25200,500,1491436,1757963,
000069.SZ,000069,20251209,93040350,1774675,0,0,B,25200,900,1491436,1774674,
000069.SZ,000069,20251209,93040350,1774676,0,0,B,25200,2000,1531042,1774674,
000069.SZ,000069,20251209,93040350,1774677,0,0,B,25200,2000,1531102,1774674,
000069.SZ,000069,20251209,93040350,1774678,0,0,B,25200,2000,1531450,1774674,
000069.SZ,000069,20251209,93040350,1774679,0,0,B,25200,500,1537741,1774674,
000069.SZ,000069,20251209,93040350,1774680,0,0,B,25200,600,1543927,1774674,
000069.SZ,000069,20251209,93040350,1774681,0,0,B,25200,1600,1554798,1774674,
000069.SZ,000069,20251209,93040350,1774682,0,0,B,25200,17300,1561088,1774674,
000069.SZ,000069,20251209,93040350,1774683,0,0,B,25200,100,1574570,1774674,
000069.SZ,000069,20251209,93040350,1774684,0,0,B,25200,2000,1577015,1774674,
000069.SZ,000069,20251209,93040350,1774685,0,0,B,25200,2100,1578028,1774674,
000069.SZ,000069,20251209,93040350,1774686,0,0,B,25200,2100,1583763,1774674,
000069.SZ,000069,20251209,93040350,1774687,0,0,B,25200,100,1605825,1774674,
000069.SZ,000069,20251209,93040350,1774688,0,0,B,25200,17300,1605845,1774674,
000069.SZ,000069,20251209,93040350,1774689,0,0,B,25200,1600,1628102,1774674,
000069.SZ,000069,20251209,93040350,1774690,0,0,B,25200,16900,1651430,1774674,
000069.SZ,000069,20251209,93040350,1774691,0,0,B,25200,4000,1662935,1774674,
000069.SZ,000069,20251209,93040350,1774692,0,0,B,25200,2000,1665578,1774674,
000069.SZ,000069,20251209,93040350,1774693,0,0,B,25200,4100,1666033,1774674,
000069.SZ,000069,20251209,93040350,1774694,0,0,B,25200,2300,1668267,1774674,
000069.SZ,000069,20251209,93040350,1774695,0,0,B,25200,200,1668648,1774674,
000069.SZ,000069,20251209,93040350,1774696,0,0,B,25200,2100,1669864,1774674,
000069.SZ,000069,20251209,93040350,1774697,0,0,B,25200,100,1684693,1774674,
000069.SZ,000069,20251209,93040350,1774698,0,0,B,25200,400,1684694,1774674,
000069.SZ,000069,20251209,93040350,1774699,0,0,B,25200,400,1684700,1774674,
000069.SZ,000069,20251209,93040350,1774700,0,0,B,25200,400,1685122,1774674,
000069.SZ,000069,20251209,93040350,1774701,0,0,B,25200,400,1685148,1774674,
000069.SZ,000069,20251209,93040350,1774702,0,0,B,25200,16600,1699973,1774674,
000069.SZ,000069,20251209,93040350,1774703,0,0,B,25200,600,1704165,1774674,
000069.SZ,000069,20251209,93040350,1774704,0,0,B,25200,16600,1753950,1774674,
000069.SZ,000069,20251209,93040840,1782809,C,0, ,0,800,1087473,0,
000069.SZ,000069,20251209,93041340,1790978,0,0,S,25200,16600,1790977,1774674,
000069.SZ,000069,20251209,93041500,1792929,C,0, ,0,800,1087870,0,
000069.SZ,000069,20251209,93041720,1796664,0,0,S,25200,600,1796663,1774674,
000069.SZ,000069,20251209,93041720,1796666,0,0,S,25200,200,1796665,1774674,
000069.SZ,000069,20251209,93041720,1796678,0,0,S,25200,200,1796677,1774674,
000069.SZ,000069,20251209,93041730,1796777,0,0,S,25200,4400,1796776,1774674,
000069.SZ,000069,20251209,93041760,1797336,0,0,S,25200,13000,1797335,1774674,
000069.SZ,000069,20251209,93042200,1804795,0,0,S,25200,100,1804794,1774674,
000069.SZ,000069,20251209,93042240,1805743,0,0,S,25200,100,1805742,1774674,
000069.SZ,000069,20251209,93042240,1805778,0,0,S,25200,100,1805777,1774674,
000069.SZ,000069,20251209,93042240,1805798,0,0,S,25200,100,1805797,1774674,
000069.SZ,000069,20251209,93042280,1806978,0,0,S,25200,700,1806977,1774674,
000069.SZ,000069,20251209,93042320,1808071,0,0,S,25200,600,1808070,1774674,
000069.SZ,000069,20251209,93042320,1808145,0,0,S,25200,200,1808144,1774674,
000069.SZ,000069,20251209,93042320,1808150,0,0,S,25200,200,1808149,1774674,
000069.SZ,000069,20251209,93042330,1808199,0,0,S,25200,100,1808198,1774674,
000069.SZ,000069,20251209,93042340,1808383,0,0,S,25200,1400,1808382,1774674,
000069.SZ,000069,20251209,93042340,1808410,0,0,S,25200,500,1808409,1774674,
000069.SZ,000069,20251209,93042340,1808416,0,0,S,25200,600,1808415,1774674,
000069.SZ,000069,20251209,93042340,1808434,0,0,S,25200,800,1808433,1774674,
000069.SZ,000069,20251209,93042340,1808439,0,0,S,25200,100,1808438,1774674,
000069.SZ,000069,20251209,93042340,1808447,0,0,S,25200,800,1808446,1774674,
000069.SZ,000069,20251209,93042340,1808460,0,0,S,25200,200,1808459,1774674,
000069.SZ,000069,20251209,93042340,1808490,0,0,S,25200,200,1808489,1774674,
000069.SZ,000069,20251209,93042340,1808518,0,0,S,25200,300,1808517,1774674,
000069.SZ,000069,20251209,93042350,1808585,0,0,S,25200,100,1808584,1774674,
000069.SZ,000069,20251209,93042350,1808611,0,0,S,25200,100,1808610,1774674,
000069.SZ,000069,20251209,93042350,1808673,0,0,S,25200,400,1808672,1774674,
000069.SZ,000069,20251209,93042360,1808787,0,0,S,25200,600,1808786,1774674,
000069.SZ,000069,20251209,93042360,1808896,C,0, ,0,300,1239155,0,
000069.SZ,000069,20251209,93042450,1810942,C,0, ,0,200,0,1565376,
000069.SZ,000069,20251209,93042540,1812834,0,0,S,25200,15900,1812833,1774674,
000069.SZ,000069,20251209,93042570,1813573,0,0,S,25200,100,1813572,1774674,
000069.SZ,000069,20251209,93042890,1819214,0,0,S,25200,1400,1819213,1774674,
000069.SZ,000069,20251209,93042890,1819215,0,0,S,25200,100,1819213,1796729,
000069.SZ,000069,20251209,93042890,1819216,0,0,S,25200,100,1819213,1804716,
000069.SZ,000069,20251209,93042890,1819217,0,0,S,25200,100,1819213,1804751,
000069.SZ,000069,20251209,93042890,1819218,0,0,S,25200,100,1819213,1804799,
000069.SZ,000069,20251209,93042890,1819219,0,0,S,25200,100,1819213,1804802,
000069.SZ,000069,20251209,93042890,1819220,0,0,S,25200,100,1819213,1804918,
000069.SZ,000069,20251209,93043290,1826433,0,0,B,25200,2100,1819213,1826432,
000069.SZ,000069,20251209,93043290,1826434,0,0,B,25200,100,1820262,1826432,
000069.SZ,000069,20251209,93043290,1826435,0,0,B,25200,100,1820368,1826432,
000069.SZ,000069,20251209,93043290,1826436,0,0,B,25200,100,1820417,1826432,
000069.SZ,000069,20251209,93043290,1826437,0,0,B,25200,800,1820449,1826432,
000069.SZ,000069,20251209,93043290,1826438,0,0,B,25200,100,1820454,1826432,
000069.SZ,000069,20251209,93043290,1826439,0,0,B,25200,100,1820478,1826432,
000069.SZ,000069,20251209,93043290,1826440,0,0,B,25200,1500,1822252,1826432,
000069.SZ,000069,20251209,93043290,1826441,0,0,B,25200,2200,1822428,1826432,
000069.SZ,000069,20251209,93043290,1826442,0,0,B,25200,800,1823181,1826432,
000069.SZ,000069,20251209,93043290,1826443,0,0,B,25200,800,1823330,1826432,
000069.SZ,000069,20251209,93043310,1826797,0,0,S,25200,500,1826796,1826432,
000069.SZ,000069,20251209,93043770,1835779,0,0,S,25200,5200,1835778,1826432,
000069.SZ,000069,20251209,93043960,1838405,0,0,S,25200,4500,1838404,1826432,
000069.SZ,000069,20251209,93044410,1845473,0,0,S,25200,300,1845472,1826432,
000069.SZ,000069,20251209,93044420,1845772,0,0,S,25200,700,1845771,1826432,
000069.SZ,000069,20251209,93044510,1847229,0,0,S,25200,5600,1847228,1826432,
000069.SZ,000069,20251209,93044510,1847230,0,0,S,25200,500,1847228,1838820,
000069.SZ,000069,20251209,93044650,1850068,0,0,B,25200,3000,1847228,1850067,
000069.SZ,000069,20251209,93044650,1850112,0,0,B,25200,500,1847228,1850111,
000069.SZ,000069,20251209,93046200,1876272,0,0,B,25200,3600,1847228,1876271,
000069.SZ,000069,20251209,93047830,1898386,0,0,S,25100,27500,1898385,733764,
000069.SZ,000069,20251209,93048070,1901485,0,0,B,25200,4000,1847228,1901484,
000069.SZ,000069,20251209,93048450,1907320,0,0,B,25200,100,1847228,1907319,
000069.SZ,000069,20251209,93049410,1923015,0,0,B,25200,1500,1847228,1923014,
000069.SZ,000069,20251209,93050220,1933525,0,0,B,25200,500,1847228,1933524,
000069.SZ,000069,20251209,93053890,1982559,0,0,B,25200,1300,1847228,1982558,
000069.SZ,000069,20251209,93053890,1982560,0,0,B,25200,4100,1847307,1982558,
000069.SZ,000069,20251209,93053890,1982561,0,0,B,25200,1900,1917735,1982558,
000069.SZ,000069,20251209,93053890,1982562,0,0,B,25200,8200,1917941,1982558,
000069.SZ,000069,20251209,93053890,1982563,0,0,B,25200,4100,1958243,1982558,
000069.SZ,000069,20251209,93053900,1982695,C,0, ,0,1600,0,1615202,
000069.SZ,000069,20251209,93053900,1982698,C,0, ,0,400,0,1613080,
000069.SZ,000069,20251209,93053900,1982699,C,0, ,0,1500,0,1616239,
000069.SZ,000069,20251209,93053900,1982700,C,0, ,0,700,0,1612065,
000069.SZ,000069,20251209,93053900,1982713,C,0, ,0,1400,0,1610575,
000069.SZ,000069,20251209,93053900,1982721,C,0, ,0,1000,0,1617126,
000069.SZ,000069,20251209,93054120,1985760,0,0,B,25300,500,1083512,1985759,
000069.SZ,000069,20251209,93054180,1986713,0,0,S,25200,100,1986712,1982558,
000069.SZ,000069,20251209,93054740,1994708,0,0,B,25300,500,1083512,1994707,
000069.SZ,000069,20251209,93054920,1997185,C,0, ,0,200,0,1768331,
000069.SZ,000069,20251209,93055010,1998350,0,0,S,25200,200,1998349,1982558,
000069.SZ,000069,20251209,93055070,1999069,0,0,S,25200,2200,1999068,1982558,
000069.SZ,000069,20251209,93055310,2002409,0,0,S,25200,800,2002408,1982558,
000069.SZ,000069,20251209,93055330,2002778,0,0,S,25200,700,2002777,1982558,
000069.SZ,000069,20251209,93055550,2006289,0,0,S,25200,200,2006288,1982558,
000069.SZ,000069,20251209,93055840,2009895,C,0, ,0,100,0,780262,
000069.SZ,000069,20251209,93056820,2021877,0,0,S,25200,600,2021876,1982558,
000069.SZ,000069,20251209,93056820,2021879,0,0,S,25200,600,2021878,1982558,
000069.SZ,000069,20251209,93056820,2021886,0,0,S,25200,600,2021885,1982558,
000069.SZ,000069,20251209,93056830,2021938,0,0,S,25200,1200,2021937,1982558,
000069.SZ,000069,20251209,93056830,2022004,0,0,S,25200,400,2022003,1982558,
000069.SZ,000069,20251209,93056860,2022352,0,0,S,25200,300,2022351,1982558,
000069.SZ,000069,20251209,93056870,2022471,0,0,S,25200,400,2022470,1982558,
000069.SZ,000069,20251209,93057290,2027474,0,0,S,25200,11800,2027473,1982558,
000069.SZ,000069,20251209,93057290,2027475,0,0,S,25200,1600,2027473,1985796,
000069.SZ,000069,20251209,93057290,2027476,0,0,S,25200,1500,2027473,1985811,
000069.SZ,000069,20251209,93057290,2027477,0,0,S,25200,400,2027473,1985816,
000069.SZ,000069,20251209,93057290,2027478,0,0,S,25200,1000,2027473,1985825,
000069.SZ,000069,20251209,93057290,2027479,0,0,S,25200,700,2027473,1985826,
000069.SZ,000069,20251209,93057420,2029443,C,0, ,0,500,0,1939727,
000069.SZ,000069,20251209,93057800,2034314,C,0, ,0,5000,0,1612797,
000069.SZ,000069,20251209,93058040,2037890,0,0,S,25200,700,2037889,1985826,
000069.SZ,000069,20251209,93058040,2037891,0,0,S,25200,700,2037889,1985834,
000069.SZ,000069,20251209,93058060,2038135,C,0, ,0,200,1843313,0,
000069.SZ,000069,20251209,93058710,2046904,C,0, ,0,3900,0,440065,
000069.SZ,000069,20251209,93058880,2048901,C,0, ,0,10000,0,1444661,
000069.SZ,000069,20251209,93059450,2055431,C,0, ,0,200,0,1923670,
000069.SZ,000069,20251209,93059940,2061019,0,0,B,25200,18000,2037889,2061018,
000069.SZ,000069,20251209,93059940,2061132,0,0,B,25200,900,2037889,2061131,
000069.SZ,000069,20251209,93101070,2083995,0,0,B,25200,500,2037889,2083994,
000069.SZ,000069,20251209,93102640,2110469,0,0,B,25200,500,2037889,2110468,
000069.SZ,000069,20251209,93102760,2112055,0,0,B,25200,100,2037889,2112054,
000069.SZ,000069,20251209,93102760,2112056,0,0,B,25200,800,2065593,2112054,
000069.SZ,000069,20251209,93102760,2112057,0,0,B,25200,700,2065594,2112054,
000069.SZ,000069,20251209,93104090,2134321,0,0,S,25100,36200,2134320,733764,
000069.SZ,000069,20251209,93104090,2134322,0,0,S,25100,3000,2134320,743175,
000069.SZ,000069,20251209,93104090,2134323,0,0,S,25100,19400,2134320,781114,
000069.SZ,000069,20251209,93104090,2134324,0,0,S,25100,40000,2134320,781673,
000069.SZ,000069,20251209,93104090,2134325,0,0,S,25100,5200,2134320,782094,
000069.SZ,000069,20251209,93104090,2134326,0,0,S,25100,200,2134320,803358,
000069.SZ,000069,20251209,93104090,2134327,0,0,S,25100,700,2134320,811932,
000069.SZ,000069,20251209,93104090,2134328,0,0,S,25100,9800,2134320,818512,
000069.SZ,000069,20251209,93104090,2134329,0,0,S,25100,5000,2134320,837918,
000069.SZ,000069,20251209,93104090,2134330,0,0,S,25100,2000,2134320,871847,
000069.SZ,000069,20251209,93104090,2134331,0,0,S,25100,3000,2134320,877944,
000069.SZ,000069,20251209,93104090,2134332,0,0,S,25100,1000,2134320,906969,
000069.SZ,000069,20251209,93104090,2134333,0,0,S,25100,15300,2134320,919669,
000069.SZ,000069,20251209,93104090,2134334,0,0,S,25100,1800,2134320,919940,
000069.SZ,000069,20251209,93104090,2134335,0,0,S,25100,900,2134320,921580,
000069.SZ,000069,20251209,93104090,2134336,0,0,S,25100,1000,2134320,995067,
000069.SZ,000069,20251209,93104090,2134337,0,0,S,25100,10000,2134320,1007252,
000069.SZ,000069,20251209,93104090,2134338,0,0,S,25100,15000,2134320,1028144,
000069.SZ,000069,20251209,93104090,2134339,0,0,S,25100,20000,2134320,1034526,
000069.SZ,000069,20251209,93104090,2134340,0,0,S,25100,1300,2134320,1059182,
000069.SZ,000069,20251209,93104090,2134341,0,0,S,25100,5000,2134320,1060319,
000069.SZ,000069,20251209,93104090,2134342,0,0,S,25100,200,2134320,1089466,
000069.SZ,000069,20251209,93104090,2134343,0,0,S,25100,800,2134320,1090984,
000069.SZ,000069,20251209,93104090,2134344,0,0,S,25100,1100,2134320,1091095,
000069.SZ,000069,20251209,93104090,2134345,0,0,S,25100,4200,2134320,1100169,
000069.SZ,000069,20251209,93104090,2134346,0,0,S,25100,1800,2134320,1103011,
000069.SZ,000069,20251209,93104090,2134347,0,0,S,25100,1800,2134320,1105009,
000069.SZ,000069,20251209,93104110,2134655,0,0,S,25100,800,2134654,1105017,
000069.SZ,000069,20251209,93104110,2134656,0,0,S,25100,200,2134654,1116363,
000069.SZ,000069,20251209,93104110,2134657,0,0,S,25100,195600,2134654,1130084,
000069.SZ,000069,20251209,93104340,2139580,C,0, ,0,1800,1103008,0,
000069.SZ,000069,20251209,93104360,2140009,C,0, ,0,200,1985798,0,
000069.SZ,000069,20251209,93104390,2140507,0,0,S,25100,200,2140506,1130084,
000069.SZ,000069,20251209,93104410,2140829,0,0,S,25100,200,2140828,1130084,
000069.SZ,000069,20251209,93105750,2160160,0,0,B,25200,300,2072608,2160159,
000069.SZ,000069,20251209,93105750,2160161,0,0,B,25200,1500,2110032,2160159,
000069.SZ,000069,20251209,93107100,2183446,0,0,B,25200,400,2110032,2183445,
000069.SZ,000069,20251209,93107100,2183447,0,0,B,25200,100,2129047,2183445,
000069.SZ,000069,20251209,93107130,2183840,C,0, ,0,9000,0,180453,
000069.SZ,000069,20251209,93107680,2194209,0,0,B,25200,500,2129047,2194208,
000069.SZ,000069,20251209,93107680,2194210,0,0,B,25200,9500,2130634,2194208,
000069.SZ,000069,20251209,93107990,2198411,C,0, ,0,100,401600,0,
000069.SZ,000069,20251209,93108090,2199672,0,0,B,25200,500,2130634,2199671,
000069.SZ,000069,20251209,93108350,2203191,C,0, ,0,200,2141740,0,
000069.SZ,000069,20251209,93108690,2207652,0,0,B,25200,9600,2130634,2207651,
000069.SZ,000069,20251209,93108690,2207653,0,0,B,25200,9100,2134848,2207651,
000069.SZ,000069,20251209,93111210,2244562,0,0,S,25100,12700,2244561,1130084,
000069.SZ,000069,20251209,93112040,2253997,C,0, ,0,5000,0,2012375,
000069.SZ,000069,20251209,93112160,2255407,0,0,B,25200,500,2134848,2255406,
000069.SZ,000069,20251209,93114760,2291403,0,0,S,25100,20000,2291402,1130084,
000069.SZ,000069,20251209,93114820,2292052,0,0,B,25200,300,2134848,2292051,
000069.SZ,000069,20251209,93114820,2292053,0,0,B,25200,1800,2142701,2292051,
000069.SZ,000069,20251209,93114820,2292054,0,0,B,25200,700,2166192,2292051,
000069.SZ,000069,20251209,93114820,2292055,0,0,B,25200,300,2167155,2292051,
000069.SZ,000069,20251209,93114820,2292056,0,0,B,25200,300,2177479,2292051,
000069.SZ,000069,20251209,93114820,2292057,0,0,B,25200,4100,2209993,2292051,
000069.SZ,000069,20251209,93114820,2292058,0,0,B,25200,100,2214494,2292051,
000069.SZ,000069,20251209,93114820,2292059,0,0,B,25200,500,2226936,2292051,
000069.SZ,000069,20251209,93114820,2292060,0,0,B,25200,2000,2229219,2292051,
000069.SZ,000069,20251209,93114820,2292061,0,0,B,25200,100,2244731,2292051,
000069.SZ,000069,20251209,93114820,2292062,0,0,B,25200,100,2272861,2292051,
000069.SZ,000069,20251209,93114820,2292063,0,0,B,25200,4000,2272994,2292051,
000069.SZ,000069,20251209,93114820,2292064,0,0,B,25200,100,2285285,2292051,
000069.SZ,000069,20251209,93114830,2292145,0,0,S,25200,3200,2292144,2292051,
000069.SZ,000069,20251209,93114830,2292152,C,0, ,0,20800,2167330,0,
000069.SZ,000069,20251209,93114830,2292180,0,0,S,25200,2400,2292179,2292051,
000069.SZ,000069,20251209,93114970,2293829,C,0, ,0,1800,0,2142186,
000069.SZ,000069,20251209,93115860,2305981,C,0, ,0,800,2292307,0,
000069.SZ,000069,20251209,93116050,2308351,C,0, ,0,100,2292353,0,
000069.SZ,000069,20251209,93116690,2316882,0,0,S,25100,1000,2316881,1130084,
000069.SZ,000069,20251209,93117510,2326146,C,0, ,0,30000,424294,0,
000069.SZ,000069,20251209,93118660,2340801,0,0,S,25100,7100,2340800,1130084,
000069.SZ,000069,20251209,93123820,2402428,0,0,S,25100,2100,2402427,1130084,
000069.SZ,000069,20251209,93123980,2404316,0,0,B,25200,5400,2292179,2404315,
000069.SZ,000069,20251209,93124100,2405747,0,0,S,25100,50600,2405746,1130084,
000069.SZ,000069,20251209,93124100,2405748,0,0,S,25100,4900,2405746,1163161,
000069.SZ,000069,20251209,93124100,2405749,0,0,S,25100,3000,2405746,1179223,
000069.SZ,000069,20251209,93124100,2405750,0,0,S,25100,200,2405746,1180262,
000069.SZ,000069,20251209,93124220,2407608,C,0, ,0,500,0,2254583,
000069.SZ,000069,20251209,93124740,2414058,0,0,S,25100,1800,2414057,1180262,
000069.SZ,000069,20251209,93124780,2414558,0,0,B,25200,800,2292179,2414557,
000069.SZ,000069,20251209,93125290,2420448,0,0,S,25100,2000,2420447,1180262,
000069.SZ,000069,20251209,93125290,2420449,0,0,S,25100,2300,2420447,1181955,
000069.SZ,000069,20251209,93126450,2434935,C,0, ,0,41500,1599754,0,
000069.SZ,000069,20251209,93127300,2445262,C,0, ,0,500,1083512,0,
000069.SZ,000069,20251209,93128580,2462567,C,0, ,0,900,0,2007759,
000069.SZ,000069,20251209,93129060,2467972,C,0, ,0,1400,2292179,0,
000069.SZ,000069,20251209,93131620,2499160,0,0,S,25100,900,2499159,1181955,
000069.SZ,000069,20251209,93132190,2505205,C,0, ,0,300,0,1909094,
000069.SZ,000069,20251209,93132200,2505322,0,0,B,25200,100,2295697,2505321,
000069.SZ,000069,20251209,93132200,2505323,0,0,B,25200,200,2298645,2505321,
000069.SZ,000069,20251209,93136580,2559533,0,0,B,25200,100,2298645,2559532,
000069.SZ,000069,20251209,93136580,2559534,0,0,B,25200,2000,2309518,2559532,
000069.SZ,000069,20251209,93136580,2559535,0,0,B,25200,100,2321966,2559532,
000069.SZ,000069,20251209,93136580,2559536,0,0,B,25200,100,2331278,2559532,
000069.SZ,000069,20251209,93136580,2559537,0,0,B,25200,100,2355543,2559532,
000069.SZ,000069,20251209,93136580,2559538,0,0,B,25200,100,2372860,2559532,
000069.SZ,000069,20251209,93136580,2559539,0,0,B,25200,100,2383495,2559532,
000069.SZ,000069,20251209,93136580,2559540,0,0,B,25200,2400,2389621,2559532,
000069.SZ,000069,20251209,93136720,2561735,0,0,B,25200,27600,2389621,2561734,
000069.SZ,000069,20251209,93136720,2561736,0,0,B,25200,7700,2398549,2561734,
000069.SZ,000069,20251209,93136720,2561739,0,0,B,25200,4000,2398549,2561738,
000069.SZ,000069,20251209,93136720,2561740,0,0,B,25200,100,2398585,2561738,
000069.SZ,000069,20251209,93136720,2561741,0,0,B,25200,5600,2400554,2561738,
000069.SZ,000069,20251209,93136740,2561949,C,0, ,0,23900,2400554,0,
000069.SZ,000069,20251209,93136830,2563268,C,0, ,0,100,0,2217490,
000069.SZ,000069,20251209,93136830,2563270,0,0,B,25200,100,2479922,2563269,
000069.SZ,000069,20251209,93136920,2564432,0,0,B,25200,300,2479922,2564431,
000069.SZ,000069,20251209,93137170,2567595,C,0, ,0,25000,2281118,0,
000069.SZ,000069,20251209,93137260,2568962,0,0,B,25200,100,2479922,2568961,
000069.SZ,000069,20251209,93137580,2573642,C,0, ,0,600,0,1978394,
000069.SZ,000069,20251209,93137620,2574201,0,0,B,25300,100,1089345,2574200,
000069.SZ,000069,20251209,93137620,2574202,0,0,B,25300,500,1111256,2574200,
000069.SZ,000069,20251209,93138660,2585649,C,0, ,0,10000,2165938,0,
000069.SZ,000069,20251209,93139130,2590675,0,0,S,25200,100,2590674,2569157,
000069.SZ,000069,20251209,93139130,2590676,0,0,S,25200,100,2590674,2590473,
000069.SZ,000069,20251209,93139130,2590688,0,0,S,25200,600,2590687,2590473,
000069.SZ,000069,20251209,93139130,2590693,0,0,S,25200,100,2590692,2590473,
000069.SZ,000069,20251209,93139130,2590704,0,0,S,25200,100,2590703,2590473,
000069.SZ,000069,20251209,93139150,2591046,0,0,S,25200,100,2591045,2590473,
000069.SZ,000069,20251209,93139190,2591541,C,0, ,0,2400,0,2252021,
000069.SZ,000069,20251209,93139640,2597931,0,0,S,25200,200,2597930,2591620,
000069.SZ,000069,20251209,93140160,2604397,C,0, ,0,100,0,2383348,
000069.SZ,000069,20251209,93140160,2604466,0,0,S,25200,300,2604465,2591620,
000069.SZ,000069,20251209,93140300,2606449,0,0,S,25200,300,2606448,2591620,
000069.SZ,000069,20251209,93140300,2606484,0,0,S,25200,300,2606483,2591620,
000069.SZ,000069,20251209,93141890,2625764,0,0,S,25200,2500,2625763,2591620,
000069.SZ,000069,20251209,93141890,2625765,0,0,S,25200,7200,2625763,2609168,
000069.SZ,000069,20251209,93142260,2630407,0,0,S,25200,2800,2630406,2609168,
000069.SZ,000069,20251209,93142260,2630408,0,0,S,25200,1000,2630406,2625595,
000069.SZ,000069,20251209,93142260,2630409,0,0,S,25200,2100,2630406,2628843,
000069.SZ,000069,20251209,93145000,2665038,0,0,B,25300,1800,1111256,2665037,
000069.SZ,000069,20251209,93145200,2667495,C,0, ,0,4700,0,1527370,
000069.SZ,000069,20251209,93147340,2695310,C,0, ,0,10000,2053171,0,
000069.SZ,000069,20251209,93148150,2703975,C,0, ,0,5000,0,2365741,
000069.SZ,000069,20251209,93148380,2707052,0,0,B,25300,1500,1111256,2707051,
000069.SZ,000069,20251209,93150820,2737234,0,0,S,25200,100,2737233,2628843,
000069.SZ,000069,20251209,93150820,2737235,0,0,S,25200,100,2737233,2629066,
000069.SZ,000069,20251209,93150820,2737236,0,0,S,25200,800,2737233,2645682,
000069.SZ,000069,20251209,93151270,2742654,C,0, ,0,100,0,2215388,
000069.SZ,000069,20251209,93151950,2751392,0,0,S,25200,10000,2751391,2645682,
000069.SZ,000069,20251209,93152850,2763523,C,0, ,0,330100,1480037,0,
000069.SZ,000069,20251209,93152850,2763576,0,0,S,25200,1600,2763575,2645682,
000069.SZ,000069,20251209,93152850,2763577,0,0,S,25200,6800,2763575,2660936,
000069.SZ,000069,20251209,93152850,2763579,0,0,S,25200,6200,2763578,2660936,
000069.SZ,000069,20251209,93152850,2763580,0,0,S,25200,1000,2763578,2678068,
000069.SZ,000069,20251209,93152850,2763581,0,0,S,25200,100,2763578,2683292,
000069.SZ,000069,20251209,93152850,2763583,0,0,S,25200,100,2763582,2683292,
000069.SZ,000069,20251209,93152850,2763584,0,0,S,25200,16700,2763582,2706835,
000069.SZ,000069,20251209,93154280,2779314,C,0, ,0,18100,0,1188014,
000069.SZ,000069,20251209,93154390,2780741,C,0, ,0,99900,828407,0,
000069.SZ,000069,20251209,93154620,2783512,C,0, ,0,45000,0,2498468,
000069.SZ,000069,20251209,93156460,2804910,C,0, ,0,2800,0,1272659,
000069.SZ,000069,20251209,93156860,2808606,0,0,S,25200,500,2808605,2706835,
000069.SZ,000069,20251209,93158150,2822647,C,0, ,0,500,0,1668815,
000069.SZ,000069,20251209,93159350,2837521,C,0, ,0,25600,0,2416384,
000069.SZ,000069,20251209,93159350,2837530,0,0,S,25200,800,2837529,2706835,
000069.SZ,000069,20251209,93200330,2849782,0,0,S,25200,300,2849781,2706835,
000069.SZ,000069,20251209,93200330,2849784,0,0,S,25200,600,2849783,2706835,
000069.SZ,000069,20251209,93200330,2849790,0,0,S,25200,700,2849789,2706835,
000069.SZ,000069,20251209,93200370,2850468,0,0,S,25200,300,2850467,2706835,
000069.SZ,000069,20251209,93200930,2860252,0,0,S,25200,100,2860251,2706835,
000069.SZ,000069,20251209,93200930,2860253,0,0,S,25200,5000,2860251,2710012,
000069.SZ,000069,20251209,93201330,2865758,0,0,S,25200,300,2865757,2710012,
000069.SZ,000069,20251209,93201330,2865764,0,0,S,25200,200,2865763,2710012,
000069.SZ,000069,20251209,93201330,2865800,0,0,S,25200,100,2865799,2710012,
000069.SZ,000069,20251209,93201330,2865801,0,0,S,25200,100,2865799,2712270,
000069.SZ,000069,20251209,93201330,2865802,0,0,S,25200,500,2865799,2720664,
000069.SZ,000069,20251209,93201340,2865919,0,0,S,25200,1200,2865918,2720664,
000069.SZ,000069,20251209,93201340,2866048,0,0,S,25200,400,2866047,2720664,
000069.SZ,000069,20251209,93201570,2869717,C,0, ,0,1000,0,1555013,
000069.SZ,000069,20251209,93202350,2878735,0,0,S,25200,200,2878734,2720664,
000069.SZ,000069,20251209,93202360,2878847,0,0,S,25200,300,2878846,2720664,
000069.SZ,000069,20251209,93202450,2879901,0,0,B,25300,200,1111256,2879900,
000069.SZ,000069,20251209,93202450,2879902,0,0,B,25300,1800,1157847,2879900,
000069.SZ,000069,20251209,93204440,2905992,0,0,S,25200,1600,2905991,2720664,
000069.SZ,000069,20251209,93204440,2906017,0,0,S,25200,600,2906016,2720664,
000069.SZ,000069,20251209,93204440,2906082,0,0,S,25200,200,2906081,2720664,
000069.SZ,000069,20251209,93204440,2906083,0,0,S,25200,1000,2906081,2730749,
000069.SZ,000069,20251209,93204460,2906328,C,0, ,0,100,0,2333369,
000069.SZ,000069,20251209,93204460,2906354,C,0, ,0,100,0,2285363,
000069.SZ,000069,20251209,93204460,2906356,C,0, ,0,100,0,2244723,
000069.SZ,000069,20251209,93204460,2906357,C,0, ,0,400,0,2184814,
000069.SZ,000069,20251209,93204460,2906377,C,0, ,0,800,0,2456194,
000069.SZ,000069,20251209,93204460,2906390,C,0, ,0,800,0,2333467,
000069.SZ,000069,20251209,93204460,2906397,C,0, ,0,1300,0,2183983,
000069.SZ,000069,20251209,93204570,2907724,C,0, ,0,100,0,2369365,
000069.SZ,000069,20251209,93204570,2907726,C,0, ,0,100,0,2308512,
000069.SZ,000069,20251209,93204570,2907727,C,0, ,0,100,0,2244635,
000069.SZ,000069,20251209,93204570,2907729,C,0, ,0,300,0,2183674,
000069.SZ,000069,20251209,93204780,2910634,0,0,S,25200,1000,2910633,2730749,
000069.SZ,000069,20251209,93204780,2910636,0,0,S,25200,300,2910635,2730749,
000069.SZ,000069,20251209,93204870,2911514,0,0,S,25200,300,2911513,2730749,
000069.SZ,000069,20251209,93205820,2921849,0,0,S,25200,1500,2921848,2730749,
000069.SZ,000069,20251209,93205820,2921868,0,0,S,25200,700,2921867,2730749,
000069.SZ,000069,20251209,93205820,2921881,0,0,S,25200,200,2921880,2730749,
000069.SZ,000069,20251209,93205830,2921969,0,0,S,25200,100,2921968,2730749,
000069.SZ,000069,20251209,93205850,2922115,0,0,S,25200,300,2922114,2730749,
000069.SZ,000069,20251209,93205950,2923005,0,0,S,25200,500,2923004,2730749,
000069.SZ,000069,20251209,93206050,2924242,0,0,S,25200,500,2924241,2730749,
000069.SZ,000069,20251209,93206540,2930460,0,0,B,25300,14500,1157847,2930459,
000069.SZ,000069,20251209,93207010,2935927,C,0, ,0,100,0,2567731,
000069.SZ,000069,20251209,93207010,2935930,C,0, ,0,100,0,2435090,
000069.SZ,000069,20251209,93207010,2935931,C,0, ,0,100,0,2285492,
000069.SZ,000069,20251209,93207010,2935932,C,0, ,0,100,0,2183751,
000069.SZ,000069,20251209,93207580,2942700,C,0, ,0,2800,251661,0,
000069.SZ,000069,20251209,93207810,2945509,0,0,S,25200,300,2945508,2730749,
000069.SZ,000069,20251209,93207890,2946232,C,0, ,0,1300,0,1291526,
000069.SZ,000069,20251209,93207930,2946631,0,0,S,25200,1000,2946630,2730749,
000069.SZ,000069,20251209,93208290,2950635,0,0,S,25200,100,2950634,2730749,
000069.SZ,000069,20251209,93208700,2954588,0,0,S,25200,15900,2954587,2730749,
000069.SZ,000069,20251209,93208700,2954589,0,0,S,25200,14100,2954587,2734991,
000069.SZ,000069,20251209,93209330,2961387,0,0,S,25200,500,2961386,2734991,
000069.SZ,000069,20251209,93209340,2961468,0,0,S,25200,800,2961467,2734991,
000069.SZ,000069,20251209,93209340,2961484,0,0,S,25200,600,2961483,2734991,
000069.SZ,000069,20251209,93209350,2961509,0,0,S,25200,800,2961508,2734991,
000069.SZ,000069,20251209,93209490,2963012,C,0, ,0,10000,0,2662521,
000069.SZ,000069,20251209,93210010,2969195,0,0,S,25200,300,2969194,2734991,
000069.SZ,000069,20251209,93210260,2972477,0,0,S,25200,100,2972476,2734991,
000069.SZ,000069,20251209,93210780,2978532,C,0, ,0,200,0,866789,
000069.SZ,000069,20251209,93211070,2981396,0,0,S,25200,9100,2981395,2734991,
000069.SZ,000069,20251209,93211140,2982028,0,0,S,25200,10000,2982027,2734991,
000069.SZ,000069,20251209,93211140,2982029,0,0,S,25200,30400,2982027,2740021,
000069.SZ,000069,20251209,93211140,2982030,0,0,S,25200,1200,2982027,2741506,
000069.SZ,000069,20251209,93211140,2982031,0,0,S,25200,1000,2982027,2760270,
000069.SZ,000069,20251209,93211140,2982032,0,0,S,25200,3500,2982027,2767911,
000069.SZ,000069,20251209,93211140,2982033,0,0,S,25200,5600,2982027,2771214,
000069.SZ,000069,20251209,93211140,2982034,0,0,S,25200,100,2982027,2778703,
000069.SZ,000069,20251209,93211140,2982035,0,0,S,25200,4000,2982027,2785168,
000069.SZ,000069,20251209,93211140,2982036,0,0,S,25200,10000,2982027,2786970,
000069.SZ,000069,20251209,93211140,2982037,0,0,S,25200,5000,2982027,2811585,
000069.SZ,000069,20251209,93211140,2982038,0,0,S,25200,4700,2982027,2814159,
000069.SZ,000069,20251209,93211140,2982039,0,0,S,25200,3000,2982027,2831623,
000069.SZ,000069,20251209,93211140,2982040,0,0,S,25200,39600,2982027,2860945,
000069.SZ,000069,20251209,93211140,2982041,0,0,S,25200,1000,2982027,2870987,
000069.SZ,000069,20251209,93211140,2982042,0,0,S,25200,300,2982027,2881252,
000069.SZ,000069,20251209,93211140,2982043,0,0,S,25200,500,2982027,2890120,
000069.SZ,000069,20251209,93211140,2982044,0,0,S,25200,100,2982027,2894904,
000069.SZ,000069,20251209,93211140,2982045,0,0,S,25200,26700,2982027,2907399,
000069.SZ,000069,20251209,93211140,2982046,0,0,S,25200,1000,2982027,2913847,
000069.SZ,000069,20251209,93211140,2982047,0,0,S,25200,10000,2982027,2931327,
000069.SZ,000069,20251209,93211140,2982048,0,0,S,25200,500,2982027,2933566,
000069.SZ,000069,20251209,93211150,2982108,C,0, ,0,300,0,2954650,
000069.SZ,000069,20251209,93211150,2982110,0,0,S,25200,3500,2982109,2933566,
000069.SZ,000069,20251209,93211150,2982111,0,0,S,25200,1000,2982109,2937273,
000069.SZ,000069,20251209,93211150,2982112,0,0,S,25200,25500,2982109,2981323,
000069.SZ,000069,20251209,93211150,2982113,0,0,S,25200,20000,2982109,2981438,
000069.SZ,000069,20251209,93211160,2982246,C,0, ,0,800,2849559,0,
000069.SZ,000069,20251209,93211170,2982342,C,0, ,0,4800,0,2569264,
000069.SZ,000069,20251209,93211470,2985635,C,0, ,0,109000,0,2503698,
000069.SZ,000069,20251209,93212080,2991300,C,0, ,0,700,2913950,0,
000069.SZ,000069,20251209,93212080,2991313,C,0, ,0,700,2580911,0,
000069.SZ,000069,20251209,93212090,2991386,C,0, ,0,200,2949988,0,
000069.SZ,000069,20251209,93212090,2991388,C,0, ,0,500,2913929,0,
000069.SZ,000069,20251209,93212090,2991422,C,0, ,0,2400,2914426,0,
000069.SZ,000069,20251209,93212180,2992425,C,0, ,0,800,2860347,0,
000069.SZ,000069,20251209,93212180,2992512,C,0, ,0,300,2982109,0,
000069.SZ,000069,20251209,93212390,2995311,0,0,B,25200,1100,2982364,2995310,
000069.SZ,000069,20251209,93212440,2995943,0,0,B,25200,500,2982364,2995942,
000069.SZ,000069,20251209,93212440,2995944,0,0,B,25200,500,2982406,2995942,
000069.SZ,000069,20251209,93212760,3000339,C,0, ,0,8500,2637254,0,
000069.SZ,000069,20251209,93212790,3000877,0,0,B,25200,300,2982406,3000876,
000069.SZ,000069,20251209,93212790,3000878,0,0,B,25200,1000,2982440,3000876,
000069.SZ,000069,20251209,93212790,3000879,0,0,B,25200,200,2982519,3000876,
000069.SZ,000069,20251209,93212790,3000880,0,0,B,25200,100,2983634,3000876,
000069.SZ,000069,20251209,93212790,3000881,0,0,B,25200,700,2984390,3000876,
000069.SZ,000069,20251209,93212790,3000882,0,0,B,25200,200,2988964,3000876,
000069.SZ,000069,20251209,93212790,3000883,0,0,B,25200,900,2989010,3000876,
000069.SZ,000069,20251209,93212790,3000884,0,0,B,25200,1300,2991236,3000876,
000069.SZ,000069,20251209,93212900,3002329,0,0,B,25200,100,2991236,3002328,
000069.SZ,000069,20251209,93212940,3002916,0,0,B,25200,1300,2991236,3002915,
000069.SZ,000069,20251209,93213880,3016202,0,0,B,25200,47600,2991236,3016201,
000069.SZ,000069,20251209,93213880,3016203,0,0,B,25200,100,2991389,3016201,
000069.SZ,000069,20251209,93213880,3016204,0,0,B,25200,100,2995558,3016201,
000069.SZ,000069,20251209,93213880,3016205,0,0,B,25200,100,2995561,3016201,
000069.SZ,000069,20251209,93213880,3016206,0,0,B,25200,400,2995938,3016201,
000069.SZ,000069,20251209,93213880,3016207,0,0,B,25200,100,3002898,3016201,
000069.SZ,000069,20251209,93213880,3016208,0,0,B,25200,10200,3003128,3016201,
000069.SZ,000069,20251209,93213880,3016209,0,0,B,25200,2600,3006429,3016201,
000069.SZ,000069,20251209,93213880,3016210,0,0,B,25200,5400,3006511,3016201,
000069.SZ,000069,20251209,93213880,3016211,0,0,B,25200,100,3007001,3016201,
000069.SZ,000069,20251209,93213880,3016212,0,0,B,25200,2600,3014383,3016201,
000069.SZ,000069,20251209,93213880,3016263,0,0,S,25200,100,3016262,3016201,
000069.SZ,000069,20251209,93213890,3016309,0,0,S,25200,400,3016308,3016201,
000069.SZ,000069,20251209,93213890,3016310,C,0, ,0,400,2982223,0,
000069.SZ,000069,20251209,93213930,3016814,0,0,S,25200,100,3016813,3016201,
000069.SZ,000069,20251209,93213970,3017207,0,0,S,25200,900,3017206,3016201,
000069.SZ,000069,20251209,93214080,3018421,0,0,S,25200,100,3018420,3016201,
000069.SZ,000069,20251209,93214080,3018431,0,0,S,25200,300,3018430,3016201,
000069.SZ,000069,20251209,93214100,3018658,0,0,S,25200,100,3018657,3016201,
000069.SZ,000069,20251209,93214100,3018667,0,0,S,25200,100,3018666,3016201,
000069.SZ,000069,20251209,93214100,3018674,0,0,S,25200,100,3018673,3016201,
000069.SZ,000069,20251209,93214110,3018830,0,0,S,25200,100,3018829,3016201,
000069.SZ,000069,20251209,93214220,3020146,0,0,S,25200,100,3020145,3016201,
000069.SZ,000069,20251209,93214710,3026857,0,0,S,25200,100,3026856,3016201,
000069.SZ,000069,20251209,93214720,3026939,0,0,S,25200,9200,3026938,3016201,
000069.SZ,000069,20251209,93214720,3027010,C,0, ,0,4300,0,3001204,
000069.SZ,000069,20251209,93214730,3027054,0,0,S,25200,100,3027053,3016201,
000069.SZ,000069,20251209,93214730,3027058,0,0,S,25200,100,3027057,3016201,
000069.SZ,000069,20251209,93214730,3027075,0,0,S,25200,100,3027074,3016201,
000069.SZ,000069,20251209,93215080,3031043,0,0,S,25200,100,3031042,3016201,
000069.SZ,000069,20251209,93215170,3032053,C,0, ,0,100,2960249,0,
000069.SZ,000069,20251209,93215170,3032058,C,0, ,0,100,2591714,0,
000069.SZ,000069,20251209,93215210,3032419,0,0,S,25200,100,3032418,3016201,
000069.SZ,000069,20251209,93215760,3039662,0,0,B,25300,2300,1157847,3039661,
000069.SZ,000069,20251209,93216500,3049133,0,0,S,25200,300,3049132,3016201,
000069.SZ,000069,20251209,93216500,3049138,0,0,S,25200,100,3049137,3016201,
000069.SZ,000069,20251209,93216510,3049258,C,0, ,0,300,0,2982287,
000069.SZ,000069,20251209,93217250,3058476,0,0,S,25200,1400,3058475,3016201,
000069.SZ,000069,20251209,93217320,3059102,0,0,S,25200,1000,3059101,3016201,
000069.SZ,000069,20251209,93217320,3059104,0,0,S,25200,400,3059103,3016201,
000069.SZ,000069,20251209,93217390,3059962,0,0,S,25200,1100,3059961,3016201,
000069.SZ,000069,20251209,93218340,3071279,0,0,S,25200,700,3071278,3016201,
000069.SZ,000069,20251209,93220480,3097086,0,0,S,25200,200,3097085,3016201,
000069.SZ,000069,20251209,93221200,3106687,0,0,S,25200,13100,3106686,3016201,
000069.SZ,000069,20251209,93223800,3134771,C,0, ,0,300,0,2562130,
000069.SZ,000069,20251209,93223820,3134941,C,0, ,0,14000,0,1815422,
000069.SZ,000069,20251209,93223960,3136069,C,0, ,0,20000,0,1892101,
000069.SZ,000069,20251209,93224120,3137704,0,0,S,25200,200,3137703,3016201,
000069.SZ,000069,20251209,93224120,3137705,0,0,S,25200,100,3137703,3017949,
000069.SZ,000069,20251209,93224120,3137706,0,0,S,25200,36900,3137703,3034077,
000069.SZ,000069,20251209,93225460,3152155,C,0, ,0,8400,899713,0,
000069.SZ,000069,20251209,93227640,3173912,0,0,S,25200,41800,3173911,3034077,
000069.SZ,000069,20251209,93227640,3173913,0,0,S,25200,10000,3173911,3040451,
000069.SZ,000069,20251209,93227640,3173914,0,0,S,25200,10100,3173911,3048974,
000069.SZ,000069,20251209,93227640,3173915,0,0,S,25200,300,3173911,3049432,
000069.SZ,000069,20251209,93227640,3173916,0,0,S,25200,2800,3173911,3063550,
000069.SZ,000069,20251209,93227640,3173917,0,0,S,25200,100,3173911,3071426,
000069.SZ,000069,20251209,93227640,3173918,0,0,S,25200,11900,3173911,3081394,
000069.SZ,000069,20251209,93227640,3173919,0,0,S,25200,4000,3173911,3099409,
000069.SZ,000069,20251209,93227640,3173920,0,0,S,25200,1600,3173911,3106789,
000069.SZ,000069,20251209,93227640,3173921,0,0,S,25200,13300,3173911,3113973,
000069.SZ,000069,20251209,93230470,3202879,C,0, ,0,2000,0,2589045,
000069.SZ,000069,20251209,93230550,3203567,0,0,S,25200,7300,3203566,3113973,
000069.SZ,000069,20251209,93233610,3236444,C,0, ,0,700,0,1475632,
000069.SZ,000069,20251209,93234310,3244394,0,0,B,25300,2000,1157847,3244393,
000069.SZ,000069,20251209,93234310,3244424,C,0, ,0,200000,0,2914870,
000069.SZ,000069,20251209,93235880,3260922,C,0, ,0,500,0,1779768,
000069.SZ,000069,20251209,93241070,3313264,0,0,B,25300,2000,1157847,3313263,
000069.SZ,000069,20251209,93241950,3321318,C,0, ,0,10000,248787,0,
000069.SZ,000069,20251209,93243810,3343028,0,0,S,25200,29400,3343027,3113973,
000069.SZ,000069,20251209,93243810,3343029,0,0,S,25200,100,3343027,3114062,
000069.SZ,000069,20251209,93243810,3343030,0,0,S,25200,50000,3343027,3118657,
000069.SZ,000069,20251209,93243810,3343031,0,0,S,25200,60300,3343027,3134737,
000069.SZ,000069,20251209,93244700,3351395,C,0, ,0,49800,2335835,0,
000069.SZ,000069,20251209,93246100,3366031,0,0,B,25300,2900,1157847,3366030,
000069.SZ,000069,20251209,93246100,3366032,0,0,B,25300,1300,1196317,3366030,
000069.SZ,000069,20251209,93246100,3366082,C,0, ,0,10000,0,2583340,
000069.SZ,000069,20251209,93246610,3371998,0,0,S,25200,17000,3371997,3134737,
000069.SZ,000069,20251209,93248190,3386504,C,0, ,0,300,0,2991279,
000069.SZ,000069,20251209,93248280,3387474,C,0, ,0,5600,0,2540528,
000069.SZ,000069,20251209,93251790,3424831,0,0,B,25300,2800,1196317,3424830,
000069.SZ,000069,20251209,93251790,3424832,0,0,B,25300,15200,1268177,3424830,
000069.SZ,000069,20251209,93254510,3449814,0,0,B,25300,600,1268177,3449813,
000069.SZ,000069,20251209,93256390,3469007,0,0,B,25300,100,1268177,3469006,
000069.SZ,000069,20251209,93256900,3474260,0,0,B,25300,600,1268177,3474259,
000069.SZ,000069,20251209,93257300,3478361,0,0,B,25300,100,1268177,3478360,
000069.SZ,000069,20251209,93259230,3498188,C,0, ,0,800,0,3421899,
000069.SZ,000069,20251209,93303180,3543666,0,0,S,25200,1900,3543665,3134737,
000069.SZ,000069,20251209,93304040,3553594,0,0,B,25300,8900,1268177,3553593,
000069.SZ,000069,20251209,93304040,3553595,0,0,B,25300,2000,1290845,3553593,
000069.SZ,000069,20251209,93304040,3553596,0,0,B,25300,100,1361268,3553593,
000069.SZ,000069,20251209,93304040,3553597,0,0,B,25300,100,1366207,3553593,
000069.SZ,000069,20251209,93304040,3553598,0,0,B,25300,100,1367639,3553593,
000069.SZ,000069,20251209,93304040,3553599,0,0,B,25300,6900,1448210,3553593,
000069.SZ,000069,20251209,93304350,3557612,0,0,S,25200,100,3557611,3134737,
000069.SZ,000069,20251209,93304350,3557644,0,0,S,25200,100,3557643,3134737,
000069.SZ,000069,20251209,93308810,3607542,C,0, ,0,10000,3216893,0,
000069.SZ,000069,20251209,93312000,3640649,C,0, ,0,10000,345800,0,
000069.SZ,000069,20251209,93312150,3642048,C,0, ,0,7300,1016871,0,
000069.SZ,000069,20251209,93313160,3652535,C,0, ,0,90200,2935880,0,
000069.SZ,000069,20251209,93313390,3654883,0,0,S,25200,2000,3654882,3134737,
000069.SZ,000069,20251209,93313430,3655458,0,0,S,25200,100,3655457,3134737,
000069.SZ,000069,20251209,93313500,3656145,0,0,S,25200,100,3656144,3134737,
000069.SZ,000069,20251209,93313680,3658308,0,0,S,25200,100,3658307,3134737,
000069.SZ,000069,20251209,93313680,3658343,0,0,S,25200,200,3658342,3134737,
000069.SZ,000069,20251209,93314220,3663683,0,0,B,25300,500,1448210,3663682,
000069.SZ,000069,20251209,93315240,3673076,0,0,S,25200,9100,3673075,3134737,
000069.SZ,000069,20251209,93316490,3686265,C,0, ,0,10000,0,3314263,
000069.SZ,000069,20251209,93319050,3711776,C,0, ,0,8200,0,3339871,
000069.SZ,000069,20251209,93322280,3744792,C,0, ,0,25500,3173,0,
000069.SZ,000069,20251209,93323270,3754781,0,0,S,25200,5000,3754780,3134737,
000069.SZ,000069,20251209,93323730,3759040,C,0, ,0,8000,1634070,0,
000069.SZ,000069,20251209,93323850,3759998,C,0, ,0,10000,0,2957109,
000069.SZ,000069,20251209,93324980,3770984,C,0, ,0,1500,0,3151027,
000069.SZ,000069,20251209,93325950,3781147,C,0, ,0,6000,0,2631517,
000069.SZ,000069,20251209,93327320,3793823,0,0,S,25200,4000,3793822,3134737,
000069.SZ,000069,20251209,93327320,3793824,0,0,S,25200,300,3793822,3134783,
000069.SZ,000069,20251209,93327320,3793825,0,0,S,25200,300,3793822,3174805,
000069.SZ,000069,20251209,93327320,3793826,0,0,S,25200,200,3793822,3192211,
000069.SZ,000069,20251209,93327320,3793827,0,0,S,25200,800,3793822,3218723,
000069.SZ,000069,20251209,93327320,3793828,0,0,S,25200,3300,3793822,3226349,
000069.SZ,000069,20251209,93327320,3793829,0,0,S,25200,100,3793822,3236630,
000069.SZ,000069,20251209,93327320,3793830,0,0,S,25200,400,3793822,3239632,
000069.SZ,000069,20251209,93327320,3793831,0,0,S,25200,3100,3793822,3244023,
000069.SZ,000069,20251209,93327980,3800446,C,0, ,0,1000,0,3297651,
000069.SZ,000069,20251209,93332850,3847334,0,0,S,25200,1300,3847333,3244023,
000069.SZ,000069,20251209,93336880,3886969,0,0,S,25200,100,3886968,3244023,
000069.SZ,000069,20251209,93336880,3886971,0,0,S,25200,100,3886970,3244023,
000069.SZ,000069,20251209,93336890,3886975,0,0,S,25200,100,3886974,3244023,
000069.SZ,000069,20251209,93336890,3886982,0,0,S,25200,100,3886981,3244023,
000069.SZ,000069,20251209,93336890,3886985,0,0,S,25200,100,3886984,3244023,
000069.SZ,000069,20251209,93336890,3886993,0,0,S,25200,100,3886992,3244023,
000069.SZ,000069,20251209,93336890,3886997,0,0,S,25200,100,3886996,3244144,
000069.SZ,000069,20251209,93336890,3887002,0,0,S,25200,100,3887001,3244489,
000069.SZ,000069,20251209,93336890,3887012,0,0,S,25200,100,3887011,3244489,
000069.SZ,000069,20251209,93336890,3887031,0,0,S,25200,100,3887030,3244489,
000069.SZ,000069,20251209,93336900,3887051,0,0,S,25200,100,3887050,3244489,
000069.SZ,000069,20251209,93336900,3887053,0,0,S,25200,100,3887052,3244489,
000069.SZ,000069,20251209,93336900,3887059,0,0,S,25200,100,3887058,3244489,
000069.SZ,000069,20251209,93336900,3887072,0,0,S,25200,100,3887071,3244489,
000069.SZ,000069,20251209,93336900,3887092,0,0,S,25200,100,3887091,3244489,
000069.SZ,000069,20251209,93336910,3887196,0,0,S,25200,100,3887195,3244489,
000069.SZ,000069,20251209,93336920,3887219,0,0,S,25200,100,3887218,3244489,
000069.SZ,000069,20251209,93336920,3887237,0,0,S,25200,100,3887236,3244489,
000069.SZ,000069,20251209,93338850,3905560,0,0,S,25200,800,3905559,3244489,
000069.SZ,000069,20251209,93343040,3949931,C,0, ,0,1500,0,2647107,
000069.SZ,000069,20251209,93343980,3959969,C,0, ,0,4500,119849,0,
000069.SZ,000069,20251209,93345880,3979065,0,0,B,25300,7200,1448210,3979064,
000069.SZ,000069,20251209,93345880,3979066,0,0,B,25300,7700,1453622,3979064,
000069.SZ,000069,20251209,93347550,3995610,C,0, ,0,6900,0,3582163,
000069.SZ,000069,20251209,93347550,3995611,C,0, ,0,10000,0,3291247,
000069.SZ,000069,20251209,93347550,3995612,C,0, ,0,3900,0,3291832,
000069.SZ,000069,20251209,93347550,3995613,C,0, ,0,5800,0,3333323,
000069.SZ,000069,20251209,93347550,3995614,C,0, ,0,10000,0,3822838,
000069.SZ,000069,20251209,93347550,3995615,C,0, ,0,500,0,3822837,
000069.SZ,000069,20251209,93347550,3995616,C,0, ,0,8400,0,3449385,
000069.SZ,000069,20251209,93347550,3995621,C,0, ,0,6600,0,3751825,
000069.SZ,000069,20251209,93348450,4004576,C,0, ,0,200,0,1372319,
000069.SZ,000069,20251209,93349250,4012444,C,0, ,0,100,2364435,0,
000069.SZ,000069,20251209,93350100,4020647,C,0, ,0,45000,0,3807263,
000069.SZ,000069,20251209,93352510,4045225,C,0, ,0,20000,223126,0,
000069.SZ,000069,20251209,93359080,4107428,C,0, ,0,9900,3847368,0,
000069.SZ,000069,20251209,93359530,4110824,C,0, ,0,43600,3810387,0,
000069.SZ,000069,20251209,93400310,4117730,0,0,B,25300,100,1453622,4117729,
000069.SZ,000069,20251209,93402440,4141301,0,0,B,25300,1000,1453622,4141300,
000069.SZ,000069,20251209,93402440,4141362,C,0, ,0,10000,3652603,0,
000069.SZ,000069,20251209,93402500,4141830,C,0, ,0,100,4012595,0,
000069.SZ,000069,20251209,93402690,4143979,C,0, ,0,100,3726294,0,
000069.SZ,000069,20251209,93402850,4145355,0,0,S,25200,2900,4145354,3244489,
000069.SZ,000069,20251209,93403130,4147723,0,0,S,25200,500,4147722,3244489,
000069.SZ,000069,20251209,93403850,4155565,C,0, ,0,2400,2591321,0,
000069.SZ,000069,20251209,93403920,4156442,0,0,S,25200,3800,4156441,3244489,
000069.SZ,000069,20251209,93404080,4158264,C,0, ,0,6600,2591562,0,
000069.SZ,000069,20251209,93404090,4158394,C,0, ,0,500,3018095,0,
000069.SZ,000069,20251209,93404090,4158431,C,0, ,0,700,3018110,0,
000069.SZ,000069,20251209,93404120,4158678,C,0, ,0,2400,3018150,0,
000069.SZ,000069,20251209,93405250,4169775,0,0,S,25200,24500,4169774,3244489,
000069.SZ,000069,20251209,93405660,4173631,0,0,S,25200,4800,4173630,3244489,
000069.SZ,000069,20251209,93407280,4190230,C,0, ,0,4000,0,4145032,
000069.SZ,000069,20251209,93407290,4190321,C,0, ,0,200,3018098,0,
000069.SZ,000069,20251209,93407600,4193639,C,0, ,0,5000,0,2340955,
000069.SZ,000069,20251209,93407950,4197322,C,0, ,0,10000,0,3291478,
000069.SZ,000069,20251209,93410170,4219048,C,0, ,0,15200,1686805,0,
000069.SZ,000069,20251209,93411110,4228262,C,0, ,0,4400,0,2760384,
000069.SZ,000069,20251209,93412900,4244073,0,0,S,25200,400,4244072,3244489,
000069.SZ,000069,20251209,93413020,4245120,0,0,S,25200,300,4245119,3244489,
000069.SZ,000069,20251209,93413460,4249639,0,0,B,25300,16700,1453622,4249638,
000069.SZ,000069,20251209,93413460,4249640,0,0,B,25300,300,1811473,4249638,
000069.SZ,000069,20251209,93413460,4249641,0,0,B,25300,3000,1812964,4249638,
000069.SZ,000069,20251209,93418130,4290118,C,0, ,0,20000,0,3254854,
000069.SZ,000069,20251209,93418450,4293297,0,0,S,25200,8600,4293296,3244489,
000069.SZ,000069,20251209,93418820,4296585,C,0, ,0,5000,0,4105969,
000069.SZ,000069,20251209,93420880,4314244,C,0, ,0,11600,362486,0,
000069.SZ,000069,20251209,93428520,4378246,C,0, ,0,100,4102722,0,
000069.SZ,000069,20251209,93429760,4388493,0,0,S,25200,4600,4388492,3244489,
000069.SZ,000069,20251209,93429760,4388494,0,0,S,25200,500,4388492,3258915,
000069.SZ,000069,20251209,93429760,4388495,0,0,S,25200,600,4388492,3264937,
000069.SZ,000069,20251209,93429760,4388496,0,0,S,25200,5000,4388492,3271989,
000069.SZ,000069,20251209,93429760,4388497,0,0,S,25200,900,4388492,3290045,
000069.SZ,000069,20251209,93431520,4404916,0,0,S,25200,100,4404915,3290045,
000069.SZ,000069,20251209,93433270,4420492,0,0,S,25200,10000,4420491,3290045,
000069.SZ,000069,20251209,93433340,4421103,0,0,S,25200,100,4421102,3290045,
000069.SZ,000069,20251209,93433350,4421213,0,0,S,25200,100,4421212,3290045,
000069.SZ,000069,20251209,93433670,4424420,0,0,S,25200,2600,4424419,3290045,
000069.SZ,000069,20251209,93434330,4430257,0,0,S,25200,100,4430256,3290045,
000069.SZ,000069,20251209,93434340,4430352,0,0,S,25200,100,4430351,3290045,
000069.SZ,000069,20251209,93434410,4430925,C,0, ,0,8300,0,4269372,
000069.SZ,000069,20251209,93434420,4430977,0,0,S,25200,100,4430976,3290045,
000069.SZ,000069,20251209,93434420,4430981,0,0,S,25200,100,4430980,3290045,
000069.SZ,000069,20251209,93434870,4434972,0,0,B,25300,13300,1812964,4434971,
000069.SZ,000069,20251209,93434870,4434973,0,0,B,25300,300,1813410,4434971,
000069.SZ,000069,20251209,93434870,4434974,0,0,B,25300,15800,1832765,4434971,
000069.SZ,000069,20251209,93434870,4434975,0,0,B,25300,600,1837585,4434971,
000069.SZ,000069,20251209,93435140,4436983,C,0, ,0,7000,1079263,0,
000069.SZ,000069,20251209,93436010,4443471,0,0,B,25300,3000,1837585,4443470,
000069.SZ,000069,20251209,93442040,4492220,C,0, ,0,12700,0,2658198,
000069.SZ,000069,20251209,93443280,4502731,C,0, ,0,8700,377066,0,
000069.SZ,000069,20251209,93444260,4510474,C,0, ,0,1000,0,3896690,
000069.SZ,000069,20251209,93447990,4542447,0,0,S,25200,3000,4542446,3290045,
000069.SZ,000069,20251209,93448000,4542521,C,0, ,0,1100,4307294,0,
000069.SZ,000069,20251209,93448410,4546384,0,0,B,25300,500,1837585,4546383,
000069.SZ,000069,20251209,93448880,4550549,C,0, ,0,4900,518043,0,
000069.SZ,000069,20251209,93449200,4553352,0,0,B,25300,100,1837585,4553351,
000069.SZ,000069,20251209,93450450,4564542,C,0, ,0,5000,0,3024785,
000069.SZ,000069,20251209,93451980,4576809,C,0, ,0,45000,0,4107387,
000069.SZ,000069,20251209,93453190,4586864,0,0,S,25200,7000,4586863,3290045,
000069.SZ,000069,20251209,93453320,4587775,C,0, ,0,10300,0,70236,
000069.SZ,000069,20251209,93453360,4588085,C,0, ,0,100,3553961,0,
000069.SZ,000069,20251209,93453670,4590670,0,0,S,25200,100,4590669,3290045,
000069.SZ,000069,20251209,93454200,4594817,0,0,S,25200,300,4594816,3290045,
000069.SZ,000069,20251209,93456510,4615208,C,0, ,0,5000,0,4413947,
000069.SZ,000069,20251209,93456790,4617133,0,0,B,25300,500,1837585,4617132,
000069.SZ,000069,20251209,93457300,4621252,C,0, ,0,4000,0,2636278,
000069.SZ,000069,20251209,93457720,4624856,C,0, ,0,6000,0,2108186,
000069.SZ,000069,20251209,93457970,4626718,C,0, ,0,1800,0,1826743,
000069.SZ,000069,20251209,93458060,4627543,C,0, ,0,9900,4430304,0,
000069.SZ,000069,20251209,93458880,4634686,C,0, ,0,200,0,3662493,
000069.SZ,000069,20251209,93459310,4637831,C,0, ,0,400,4626370,0,
000069.SZ,000069,20251209,93459510,4639117,0,0,S,25200,400,4639116,3290045,
000069.SZ,000069,20251209,93500180,4644507,0,0,B,25300,100,1837585,4644506,
000069.SZ,000069,20251209,93500180,4644562,0,0,S,25200,400,4644561,3290045,
000069.SZ,000069,20251209,93500190,4644637,0,0,S,25200,200,4644636,3290045,
000069.SZ,000069,20251209,93500190,4644684,0,0,S,25200,200,4644683,3290045,
000069.SZ,000069,20251209,93500190,4644694,0,0,S,25200,200,4644693,3290045,
000069.SZ,000069,20251209,93500210,4644838,0,0,S,25200,100,4644837,3290045,
000069.SZ,000069,20251209,93500220,4644931,0,0,S,25200,100,4644930,3290045,
000069.SZ,000069,20251209,93500220,4645036,0,0,B,25300,200,1837585,4645035,
000069.SZ,000069,20251209,93500360,4646846,0,0,S,25200,200,4646845,3290045,
000069.SZ,000069,20251209,93500360,4646875,0,0,S,25200,100,4646874,3290045,
000069.SZ,000069,20251209,93500360,4646896,0,0,S,25200,100,4646895,3290045,
000069.SZ,000069,20251209,93500390,4647234,0,0,S,25200,100,4647233,3290045,
000069.SZ,000069,20251209,93500470,4648810,0,0,S,25200,200,4648809,3290045,
000069.SZ,000069,20251209,93501420,4660931,0,0,S,25200,200,4660930,3290045,
000069.SZ,000069,20251209,93501420,4660975,0,0,S,25200,300,4660974,3290045,
000069.SZ,000069,20251209,93501430,4661049,0,0,S,25200,300,4661048,3290045,
000069.SZ,000069,20251209,93501430,4661225,0,0,S,25200,300,4661224,3290045,
000069.SZ,000069,20251209,93501440,4661383,0,0,S,25200,300,4661382,3290045,
000069.SZ,000069,20251209,93502410,4671526,C,0, ,0,14100,75727,0,
000069.SZ,000069,20251209,93502510,4672753,0,0,S,25200,10000,4672752,3290045,
000069.SZ,000069,20251209,93504370,4692505,0,0,S,25200,500,4692504,3290045,
000069.SZ,000069,20251209,93505230,4702446,C,0, ,0,10000,4425156,0,
000069.SZ,000069,20251209,93505240,4702739,C,0, ,0,5400,4425212,0,
000069.SZ,000069,20251209,93507520,4728817,C,0, ,0,1600,2591462,0,
000069.SZ,000069,20251209,93507760,4731738,C,0, ,0,1700,0,3759289,
000069.SZ,000069,20251209,93507760,4731741,C,0, ,0,600,0,3768855,
000069.SZ,000069,20251209,93507760,4731745,C,0, ,0,5200,0,3759299,
000069.SZ,000069,20251209,93508760,4742334,0,0,B,25300,1700,1837585,4742333,
000069.SZ,000069,20251209,93508760,4742338,0,0,B,25300,600,1837585,4742337,
000069.SZ,000069,20251209,93508760,4742349,0,0,B,25300,5200,1837585,4742348,
000069.SZ,000069,20251209,93509000,4744291,0,0,B,25300,500,1837585,4744290,
000069.SZ,000069,20251209,93510560,4762718,C,0, ,0,5400,4734774,0,
000069.SZ,000069,20251209,93510970,4766741,C,0, ,0,10200,4335697,0,
000069.SZ,000069,20251209,93513700,4796257,0,0,S,25200,15900,4796256,3290045,
000069.SZ,000069,20251209,93513700,4796258,0,0,S,25200,16000,4796256,3294736,
000069.SZ,000069,20251209,93513700,4796270,0,0,S,25200,300,4796269,3294736,
000069.SZ,000069,20251209,93513700,4796272,0,0,S,25200,300,4796271,3294736,
000069.SZ,000069,20251209,93513820,4797564,0,0,S,25200,300,4797563,3294736,
000069.SZ,000069,20251209,93515280,4813347,C,0, ,0,10000,4685465,0,
000069.SZ,000069,20251209,93515670,4817797,C,0, ,0,1400,0,3406560,
000069.SZ,000069,20251209,93515680,4817864,C,0, ,0,1900,0,1700052,
000069.SZ,000069,20251209,93516390,4824545,0,0,B,25300,2000,1837585,4824544,
000069.SZ,000069,20251209,93517340,4833295,0,0,B,25300,2000,1837585,4833294,
000069.SZ,000069,20251209,93517390,4833627,0,0,B,25300,500,1837585,4833626,
000069.SZ,000069,20251209,93520960,4863794,C,0, ,0,1000,0,2387731,
000069.SZ,000069,20251209,93524210,4889390,C,0, ,0,4000,0,3134501,
000069.SZ,000069,20251209,93524930,4895236,0,0,B,25300,7500,1837585,4895235,
000069.SZ,000069,20251209,93524930,4895237,0,0,B,25300,2000,1876803,4895235,
000069.SZ,000069,20251209,93524930,4895238,0,0,B,25300,100,1921860,4895235,
000069.SZ,000069,20251209,93524930,4895239,0,0,B,25300,15900,2007452,4895235,
000069.SZ,000069,20251209,93524930,4895240,0,0,B,25300,20500,2134311,4895235,
