万得代码,交易所代码,自然日,时间,成交价,成交量,成交额,成交笔数,IOPV,成交标志,BS标志,当日累计成交量,当日成交额,最高价,最低价,开盘价,前收盘,申卖价1,申卖价2,申卖价3,申卖价4,申卖价5,申卖价6,申卖价7,申卖价8,申卖价9,申卖价10,申卖量1,申卖量2,申卖量3,申卖量4,申卖量5,申卖量6,申卖量7,申卖量8,申卖量9,申卖量10,申买价1,申买价2,申买价3,申买价4,申买价5,申买价6,申买价7,申买价8,申买价9,申买价10,申买量1,申买量2,申买量3,申买量4,申买量5,申买量6,申买量7,申买量8,申买量9,申买量10,加权平均叫卖价,加权平均叫买价,叫卖总量,叫买总量,不加权指数,品种总数,上涨品种数,下跌品种数,持平品种数,
600015.SH,600015,20251209,84524000,0,0,0,0,0,,,0,0,0,0,0,69400,0,0,0,0,0,0,0,0,0,0,0,0,0,0,0,0,0,0,0,0,0,0,0,0,0,0,0,0,0,0,0,0,0,0,0,0,0,0,0,0,0,0,0,0,0,0,0,0,0,
600015.SH,600015,20251209,91400000,0,0,0,0,0,,,0,0,0,0,0,69400,0,0,0,0,0,0,0,0,0,0,0,0,0,0,0,0,0,0,0,0,0,0,0,0,0,0,0,0,0,0,0,0,0,0,0,0,0,0,0,0,0,0,0,0,0,0,0,0,0,
600015.SH,600015,20251209,91500000,0,0,0,0,0,,,0,0,0,0,0,69400,0,0,0,0,0,0,0,0,0,0,0,0,0,0,0,0,0,0,0,0,0,0,0,0,0,0,0,0,0,0,0,0,0,0,0,0,0,0,0,0,70500,66000,235800,5900,0,0,0,0,0,
600015.SH,600015,20251209,91503000,0,0,0,0,0,,,0,0,0,0,0,69400,69300,0,0,0,0,0,0,0,0,0,2000,3000,0,0,0,0,0,0,0,0,69300,0,0,0,0,0,0,0,0,0,2000,0,0,0,0,0,0,0,0,0,70900,67890,1614200,740500,0,0,0,0,0,
600015.SH,600015,20251209,91506000,0,0,0,0,0,,,0,0,0,0,0,69400,69500,0,0,0,0,0,0,0,0,0,7400,900,0,0,0,0,0,0,0,0,69500,0,0,0,0,0,0,0,0,0,7400,0,0,0,0,0,0,0,0,0,71420,67540,3619940,2373800,0,0,0,0,0,
600015.SH,600015,20251209,91509000,0,0,0,0,0,,,0,0,0,0,0,69400,69500,0,0,0,0,0,0,0,0,0,7600,2200,0,0,0,0,0,0,0,0,69500,0,0,0,0,0,0,0,0,0,7600,0,0,0,0,0,0,0,0,0,71360,68000,4366340,3876500,0,0,0,0,0,
600015.SH,600015,20251209,91512000,0,0,0,0,0,,,0,0,0,0,0,69400,69500,0,0,0,0,0,0,0,0,0,7600,5600,0,0,0,0,0,0,0,0,69500,0,0,0,0,0,0,0,0,0,7600,0,0,0,0,0,0,0,0,0,71300,67990,4817840,4164200,0,0,0,0,0,
600015.SH,600015,20251209,91515000,0,0,0,0,0,,,0,0,0,0,0,69400,69400,0,0,0,0,0,0,0,0,0,21000,0,0,0,0,0,0,0,0,0,69400,0,0,0,0,0,0,0,0,0,21000,62600,0,0,0,0,0,0,0,0,71240,68030,5321840,4413700,0,0,0,0,0,
600015.SH,600015,20251209,91518000,0,0,0,0,0,,,0,0,0,0,0,69400,69600,0,0,0,0,0,0,0,0,0,52000,32700,0,0,0,0,0,0,0,0,69600,0,0,0,0,0,0,0,0,0,52000,0,0,0,0,0,0,0,0,0,71190,68160,5851780,5040500,0,0,0,0,0,
600015.SH,600015,20251209,91521000,0,0,0,0,0,,,0,0,0,0,0,69400,69600,0,0,0,0,0,0,0,0,0,52000,32700,0,0,0,0,0,0,0,0,69600,0,0,0,0,0,0,0,0,0,52000,0,0,0,0,0,0,0,0,0,71180,68140,6068880,5134800,0,0,0,0,0,
600015.SH,600015,20251209,91524000,0,0,0,0,0,,,0,0,0,0,0,69400,69600,0,0,0,0,0,0,0,0,0,54000,30700,0,0,0,0,0,0,0,0,69600,0,0,0,0,0,0,0,0,0,54000,0,0,0,0,0,0,0,0,0,71180,68140,6127880,5186200,0,0,0,0,0,
600015.SH,600015,20251209,91527000,0,0,0,0,0,,,0,0,0,0,0,69400,69600,0,0,0,0,0,0,0,0,0,54000,30700,0,0,0,0,0,0,0,0,69600,0,0,0,0,0,0,0,0,0,54000,0,0,0,0,0,0,0,0,0,71180,68140,6128280,5186600,0,0,0,0,0,
600015.SH,600015,20251209,91530000,0,0,0,0,0,,,0,0,0,0,0,69400,69600,0,0,0,0,0,0,0,0,0,54000,30700,0,0,0,0,0,0,0,0,69600,0,0,0,0,0,0,0,0,0,54000,0,0,0,0,0,0,0,0,0,71180,68140,6128280,5208600,0,0,0,0,0,
600015.SH,600015,20251209,91533000,0,0,0,0,0,,,0,0,0,0,0,69400,69400,0,0,0,0,0,0,0,0,0,26400,0,0,0,0,0,0,0,0,0,69400,0,0,0,0,0,0,0,0,0,26400,65800,0,0,0,0,0,0,0,0,71180,68140,6128480,5216500,0,0,0,0,0,
600015.SH,600015,20251209,91536000,0,0,0,0,0,,,0,0,0,0,0,69400,69400,0,0,0,0,0,0,0,0,0,26400,0,0,0,0,0,0,0,0,0,69400,0,0,0,0,0,0,0,0,0,26400,65800,0,0,0,0,0,0,0,0,71180,68140,6129780,5219700,0,0,0,0,0,
600015.SH,600015,20251209,91539000,0,0,0,0,0,,,0,0,0,0,0,69400,69400,0,0,0,0,0,0,0,0,0,26400,0,0,0,0,0,0,0,0,0,69400,0,0,0,0,0,0,0,0,0,26400,65800,0,0,0,0,0,0,0,0,71180,68140,6130180,5219900,0,0,0,0,0,
600015.SH,600015,20251209,91542000,0,0,0,0,0,,,0,0,0,0,0,69400,69400,0,0,0,0,0,0,0,0,0,26400,0,0,0,0,0,0,0,0,0,69400,0,0,0,0,0,0,0,0,0,26400,65800,0,0,0,0,0,0,0,0,71180,68140,6130280,5220300,0,0,0,0,0,
600015.SH,600015,20251209,91545000,0,0,0,0,0,,,0,0,0,0,0,69400,69700,0,0,0,0,0,0,0,0,0,188500,26200,0,0,0,0,0,0,0,0,69700,0,0,0,0,0,0,0,0,0,188500,0,0,0,0,0,0,0,0,0,71170,68200,6134980,5400900,0,0,0,0,0,
600015.SH,600015,20251209,91548000,0,0,0,0,0,,,0,0,0,0,0,69400,69700,0,0,0,0,0,0,0,0,0,188500,26200,0,0,0,0,0,0,0,0,69700,0,0,0,0,0,0,0,0,0,188500,0,0,0,0,0,0,0,0,0,71170,68200,6144480,5413400,0,0,0,0,0,
600015.SH,600015,20251209,91551000,0,0,0,0,0,,,0,0,0,0,0,69400,69700,0,0,0,0,0,0,0,0,0,188500,26400,0,0,0,0,0,0,0,0,69700,0,0,0,0,0,0,0,0,0,188500,0,0,0,0,0,0,0,0,0,71170,68200,6144880,5413500,0,0,0,0,0,
600015.SH,600015,20251209,91554000,0,0,0,0,0,,,0,0,0,0,0,69400,69700,0,0,0,0,0,0,0,0,0,188500,26400,0,0,0,0,0,0,0,0,69700,0,0,0,0,0,0,0,0,0,188500,0,0,0,0,0,0,0,0,0,71170,68200,6145080,5418700,0,0,0,0,0,
600015.SH,600015,20251209,91557000,0,0,0,0,0,,,0,0,0,0,0,69400,69700,0,0,0,0,0,0,0,0,0,188500,26400,0,0,0,0,0,0,0,0,69700,0,0,0,0,0,0,0,0,0,188500,0,0,0,0,0,0,0,0,0,71170,68200,6160780,5418700,0,0,0,0,0,
600015.SH,600015,20251209,91600000,0,0,0,0,0,,,0,0,0,0,0,69400,69700,0,0,0,0,0,0,0,0,0,188500,26400,0,0,0,0,0,0,0,0,69700,0,0,0,0,0,0,0,0,0,188500,0,0,0,0,0,0,0,0,0,71170,68200,6161280,5416200,0,0,0,0,0,
600015.SH,600015,20251209,91603000,0,0,0,0,0,,,0,0,0,0,0,69400,69700,0,0,0,0,0,0,0,0,0,188500,30900,0,0,0,0,0,0,0,0,69700,0,0,0,0,0,0,0,0,0,188500,0,0,0,0,0,0,0,0,0,71170,68200,6188980,5418300,0,0,0,0,0,
600015.SH,600015,20251209,91606000,0,0,0,0,0,,,0,0,0,0,0,69400,69700,0,0,0,0,0,0,0,0,0,188500,30900,0,0,0,0,0,0,0,0,69700,0,0,0,0,0,0,0,0,0,188500,0,0,0,0,0,0,0,0,0,71170,68200,6188980,5431800,0,0,0,0,0,
600015.SH,600015,20251209,91609000,0,0,0,0,0,,,0,0,0,0,0,69400,69700,0,0,0,0,0,0,0,0,0,188500,32400,0,0,0,0,0,0,0,0,69700,0,0,0,0,0,0,0,0,0,188500,0,0,0,0,0,0,0,0,0,71170,68190,6217480,5452300,0,0,0,0,0,
600015.SH,600015,20251209,91612000,0,0,0,0,0,,,0,0,0,0,0,69400,69400,0,0,0,0,0,0,0,0,0,26400,0,0,0,0,0,0,0,0,0,69400,0,0,0,0,0,0,0,0,0,26400,73800,0,0,0,0,0,0,0,0,71170,68140,6217480,5279800,0,0,0,0,0,
600015.SH,600015,20251209,91615000,0,0,0,0,0,,,0,0,0,0,0,69400,69400,0,0,0,0,0,0,0,0,0,26400,0,0,0,0,0,0,0,0,0,69400,0,0,0,0,0,0,0,0,0,26400,73800,0,0,0,0,0,0,0,0,71170,68140,6227780,5294500,0,0,0,0,0,
600015.SH,600015,20251209,91618000,0,0,0,0,0,,,0,0,0,0,0,69400,69400,0,0,0,0,0,0,0,0,0,26400,0,0,0,0,0,0,0,0,0,69400,0,0,0,0,0,0,0,0,0,26400,73800,0,0,0,0,0,0,0,0,71170,68140,6228580,5296000,0,0,0,0,0,
600015.SH,600015,20251209,91621000,0,0,0,0,0,,,0,0,0,0,0,69400,69400,0,0,0,0,0,0,0,0,0,26400,0,0,0,0,0,0,0,0,0,69400,0,0,0,0,0,0,0,0,0,26400,73800,0,0,0,0,0,0,0,0,71170,68140,6233480,5296000,0,0,0,0,0,
600015.SH,600015,20251209,91627000,0,0,0,0,0,,,0,0,0,0,0,69400,69400,0,0,0,0,0,0,0,0,0,26400,0,0,0,0,0,0,0,0,0,69400,0,0,0,0,0,0,0,0,0,26400,73800,0,0,0,0,0,0,0,0,71170,68140,6233480,5296400,0,0,0,0,0,
600015.SH,600015,20251209,91630000,0,0,0,0,0,,,0,0,0,0,0,69400,69400,0,0,0,0,0,0,0,0,0,26400,0,0,0,0,0,0,0,0,0,69400,0,0,0,0,0,0,0,0,0,26400,73800,0,0,0,0,0,0,0,0,71170,68140,6256680,5314900,0,0,0,0,0,
600015.SH,600015,20251209,91633000,0,0,0,0,0,,,0,0,0,0,0,69400,69400,0,0,0,0,0,0,0,0,0,26600,0,0,0,0,0,0,0,0,0,69400,0,0,0,0,0,0,0,0,0,26600,73600,0,0,0,0,0,0,0,0,71170,68140,6256880,5314900,0,0,0,0,0,
600015.SH,600015,20251209,91636000,0,0,0,0,0,,,0,0,0,0,0,69400,69400,0,0,0,0,0,0,0,0,0,26600,0,0,0,0,0,0,0,0,0,69400,0,0,0,0,0,0,0,0,0,26600,73600,0,0,0,0,0,0,0,0,71170,68140,6257380,5314900,0,0,0,0,0,
600015.SH,600015,20251209,91639000,0,0,0,0,0,,,0,0,0,0,0,69400,69400,0,0,0,0,0,0,0,0,0,26600,0,0,0,0,0,0,0,0,0,69400,0,0,0,0,0,0,0,0,0,26600,73600,0,0,0,0,0,0,0,0,71170,68140,6258880,5319900,0,0,0,0,0,
600015.SH,600015,20251209,91642000,0,0,0,0,0,,,0,0,0,0,0,69400,69400,0,0,0,0,0,0,0,0,0,26600,0,0,0,0,0,0,0,0,0,69400,0,0,0,0,0,0,0,0,0,26600,73600,0,0,0,0,0,0,0,0,71170,68140,6269880,5334500,0,0,0,0,0,
600015.SH,600015,20251209,91645000,0,0,0,0,0,,,0,0,0,0,0,69400,69400,0,0,0,0,0,0,0,0,0,26600,0,0,0,0,0,0,0,0,0,69400,0,0,0,0,0,0,0,0,0,26600,73600,0,0,0,0,0,0,0,0,71170,68140,6269880,5338500,0,0,0,0,0,
600015.SH,600015,20251209,91648000,0,0,0,0,0,,,0,0,0,0,0,69400,69400,0,0,0,0,0,0,0,0,0,26600,0,0,0,0,0,0,0,0,0,69400,0,0,0,0,0,0,0,0,0,26600,73600,0,0,0,0,0,0,0,0,71170,68140,6270380,5343500,0,0,0,0,0,
600015.SH,600015,20251209,91651000,0,0,0,0,0,,,0,0,0,0,0,69400,69400,0,0,0,0,0,0,0,0,0,26600,0,0,0,0,0,0,0,0,0,69400,0,0,0,0,0,0,0,0,0,26600,73600,0,0,0,0,0,0,0,0,71170,68140,6272680,5349500,0,0,0,0,0,
600015.SH,600015,20251209,91654000,0,0,0,0,0,,,0,0,0,0,0,69400,69400,0,0,0,0,0,0,0,0,0,26600,0,0,0,0,0,0,0,0,0,69400,0,0,0,0,0,0,0,0,0,26600,78200,0,0,0,0,0,0,0,0,71170,68140,6272680,5354100,0,0,0,0,0,
600015.SH,600015,20251209,91657000,0,0,0,0,0,,,0,0,0,0,0,69400,69400,0,0,0,0,0,0,0,0,0,26600,0,0,0,0,0,0,0,0,0,69400,0,0,0,0,0,0,0,0,0,26600,78200,0,0,0,0,0,0,0,0,71170,68140,6274180,5354100,0,0,0,0,0,
600015.SH,600015,20251209,91700000,0,0,0,0,0,,,0,0,0,0,0,69400,69400,0,0,0,0,0,0,0,0,0,26600,0,0,0,0,0,0,0,0,0,69400,0,0,0,0,0,0,0,0,0,26600,78200,0,0,0,0,0,0,0,0,71170,68150,6274180,5373800,0,0,0,0,0,
600015.SH,600015,20251209,91703000,0,0,0,0,0,,,0,0,0,0,0,69400,69400,0,0,0,0,0,0,0,0,0,26600,0,0,0,0,0,0,0,0,0,69400,0,0,0,0,0,0,0,0,0,26600,78200,0,0,0,0,0,0,0,0,71170,68150,6286180,5374800,0,0,0,0,0,
600015.SH,600015,20251209,91706000,0,0,0,0,0,,,0,0,0,0,0,69400,69400,0,0,0,0,0,0,0,0,0,26600,0,0,0,0,0,0,0,0,0,69400,0,0,0,0,0,0,0,0,0,26600,78200,0,0,0,0,0,0,0,0,71170,68150,6289380,5374800,0,0,0,0,0,
600015.SH,600015,20251209,91709000,0,0,0,0,0,,,0,0,0,0,0,69400,69400,0,0,0,0,0,0,0,0,0,26600,0,0,0,0,0,0,0,0,0,69400,0,0,0,0,0,0,0,0,0,26600,78200,0,0,0,0,0,0,0,0,71170,68150,6289380,5379300,0,0,0,0,0,
600015.SH,600015,20251209,91712000,0,0,0,0,0,,,0,0,0,0,0,69400,69400,0,0,0,0,0,0,0,0,0,26600,0,0,0,0,0,0,0,0,0,69400,0,0,0,0,0,0,0,0,0,26600,78600,0,0,0,0,0,0,0,0,71170,68150,6289880,5380200,0,0,0,0,0,
600015.SH,600015,20251209,91718000,0,0,0,0,0,,,0,0,0,0,0,69400,69400,0,0,0,0,0,0,0,0,0,26600,0,0,0,0,0,0,0,0,0,69400,0,0,0,0,0,0,0,0,0,26600,78600,0,0,0,0,0,0,0,0,71160,68150,6350380,5380200,0,0,0,0,0,
600015.SH,600015,20251209,91724000,0,0,0,0,0,,,0,0,0,0,0,69400,69400,0,0,0,0,0,0,0,0,0,26600,0,0,0,0,0,0,0,0,0,69400,0,0,0,0,0,0,0,0,0,26600,78600,0,0,0,0,0,0,0,0,71160,68150,6351580,5380200,0,0,0,0,0,
600015.SH,600015,20251209,91727000,0,0,0,0,0,,,0,0,0,0,0,69400,69400,0,0,0,0,0,0,0,0,0,26600,0,0,0,0,0,0,0,0,0,69400,0,0,0,0,0,0,0,0,0,26600,78600,0,0,0,0,0,0,0,0,71160,68140,6351580,5385200,0,0,0,0,0,
600015.SH,600015,20251209,91733000,0,0,0,0,0,,,0,0,0,0,0,69400,69400,0,0,0,0,0,0,0,0,0,41100,0,0,0,0,0,0,0,0,0,69400,0,0,0,0,0,0,0,0,0,41100,64100,0,0,0,0,0,0,0,0,71140,68140,6367080,5386700,0,0,0,0,0,
600015.SH,600015,20251209,91736000,0,0,0,0,0,,,0,0,0,0,0,69400,69400,0,0,0,0,0,0,0,0,0,41100,0,0,0,0,0,0,0,0,0,69400,0,0,0,0,0,0,0,0,0,41100,64100,0,0,0,0,0,0,0,0,71140,68140,6368080,5386700,0,0,0,0,0,
600015.SH,600015,20251209,91742000,0,0,0,0,0,,,0,0,0,0,0,69400,69600,0,0,0,0,0,0,0,0,0,95000,8700,0,0,0,0,0,0,0,0,69600,0,0,0,0,0,0,0,0,0,95000,0,0,0,0,0,0,0,0,0,71140,68160,6368080,5466700,0,0,0,0,0,
600015.SH,600015,20251209,91745000,0,0,0,0,0,,,0,0,0,0,0,69400,69600,0,0,0,0,0,0,0,0,0,95000,8700,0,0,0,0,0,0,0,0,69600,0,0,0,0,0,0,0,0,0,95000,0,0,0,0,0,0,0,0,0,71140,68160,6368080,5466900,0,0,0,0,0,
600015.SH,600015,20251209,91748000,0,0,0,0,0,,,0,0,0,0,0,69400,69600,0,0,0,0,0,0,0,0,0,95000,8700,0,0,0,0,0,0,0,0,69600,0,0,0,0,0,0,0,0,0,95000,0,0,0,0,0,0,0,0,0,71140,68160,6368080,5466800,0,0,0,0,0,
600015.SH,600015,20251209,91751000,0,0,0,0,0,,,0,0,0,0,0,69400,69600,0,0,0,0,0,0,0,0,0,95000,8700,0,0,0,0,0,0,0,0,69600,0,0,0,0,0,0,0,0,0,95000,0,0,0,0,0,0,0,0,0,71140,68160,6373080,5466800,0,0,0,0,0,
600015.SH,600015,20251209,91754000,0,0,0,0,0,,,0,0,0,0,0,69400,69700,0,0,0,0,0,0,0,0,0,167900,72600,0,0,0,0,0,0,0,0,69700,0,0,0,0,0,0,0,0,0,167900,0,0,0,0,0,0,0,0,0,71140,68180,6373080,5539700,0,0,0,0,0,
600015.SH,600015,20251209,91803000,0,0,0,0,0,,,0,0,0,0,0,69400,69700,0,0,0,0,0,0,0,0,0,167900,72600,0,0,0,0,0,0,0,0,69700,0,0,0,0,0,0,0,0,0,167900,0,0,0,0,0,0,0,0,0,71140,68180,6382580,5539700,0,0,0,0,0,
600015.SH,600015,20251209,91812000,0,0,0,0,0,,,0,0,0,0,0,69400,69700,0,0,0,0,0,0,0,0,0,167900,72600,0,0,0,0,0,0,0,0,69700,0,0,0,0,0,0,0,0,0,167900,0,0,0,0,0,0,0,0,0,71140,68180,6384580,5539700,0,0,0,0,0,
600015.SH,600015,20251209,91815000,0,0,0,0,0,,,0,0,0,0,0,69400,69700,0,0,0,0,0,0,0,0,0,167900,72600,0,0,0,0,0,0,0,0,69700,0,0,0,0,0,0,0,0,0,167900,0,0,0,0,0,0,0,0,0,71140,68180,6386580,5524400,0,0,0,0,0,
600015.SH,600015,20251209,91818000,0,0,0,0,0,,,0,0,0,0,0,69400,69700,0,0,0,0,0,0,0,0,0,167900,72600,0,0,0,0,0,0,0,0,69700,0,0,0,0,0,0,0,0,0,167900,0,0,0,0,0,0,0,0,0,71140,68180,6394380,5524400,0,0,0,0,0,
600015.SH,600015,20251209,91821000,0,0,0,0,0,,,0,0,0,0,0,69400,69700,0,0,0,0,0,0,0,0,0,167900,72600,0,0,0,0,0,0,0,0,69700,0,0,0,0,0,0,0,0,0,167900,0,0,0,0,0,0,0,0,0,71140,68180,6404580,5539700,0,0,0,0,0,
600015.SH,600015,20251209,91824000,0,0,0,0,0,,,0,0,0,0,0,69400,69700,0,0,0,0,0,0,0,0,0,167900,72600,0,0,0,0,0,0,0,0,69700,0,0,0,0,0,0,0,0,0,167900,0,0,0,0,0,0,0,0,0,71140,68180,6407380,5539700,0,0,0,0,0,
600015.SH,600015,20251209,91827000,0,0,0,0,0,,,0,0,0,0,0,69400,69700,0,0,0,0,0,0,0,0,0,167900,73600,0,0,0,0,0,0,0,0,69700,0,0,0,0,0,0,0,0,0,167900,0,0,0,0,0,0,0,0,0,71140,68180,6408380,5539700,0,0,0,0,0,
600015.SH,600015,20251209,91830000,0,0,0,0,0,,,0,0,0,0,0,69400,69700,0,0,0,0,0,0,0,0,0,167900,73600,0,0,0,0,0,0,0,0,69700,0,0,0,0,0,0,0,0,0,167900,0,0,0,0,0,0,0,0,0,71140,68180,6413380,5539700,0,0,0,0,0,
600015.SH,600015,20251209,91833000,0,0,0,0,0,,,0,0,0,0,0,69400,69700,0,0,0,0,0,0,0,0,0,167900,73600,0,0,0,0,0,0,0,0,69700,0,0,0,0,0,0,0,0,0,167900,0,0,0,0,0,0,0,0,0,71140,68190,6416080,5541700,0,0,0,0,0,
600015.SH,600015,20251209,91839000,0,0,0,0,0,,,0,0,0,0,0,69400,69700,0,0,0,0,0,0,0,0,0,167900,73600,0,0,0,0,0,0,0,0,69700,0,0,0,0,0,0,0,0,0,167900,0,0,0,0,0,0,0,0,0,71140,68190,6417980,5541700,0,0,0,0,0,
600015.SH,600015,20251209,91842000,0,0,0,0,0,,,0,0,0,0,0,69400,69700,0,0,0,0,0,0,0,0,0,167900,74100,0,0,0,0,0,0,0,0,69700,0,0,0,0,0,0,0,0,0,167900,0,0,0,0,0,0,0,0,0,71140,68190,6422680,5551700,0,0,0,0,0,
600015.SH,600015,20251209,91845000,0,0,0,0,0,,,0,0,0,0,0,69400,69700,0,0,0,0,0,0,0,0,0,167900,75900,0,0,0,0,0,0,0,0,69700,0,0,0,0,0,0,0,0,0,167900,0,0,0,0,0,0,0,0,0,71140,68180,6424480,5536500,0,0,0,0,0,
600015.SH,600015,20251209,91848000,0,0,0,0,0,,,0,0,0,0,0,69400,69700,0,0,0,0,0,0,0,0,0,167900,75900,0,0,0,0,0,0,0,0,69700,0,0,0,0,0,0,0,0,0,167900,0,0,0,0,0,0,0,0,0,71140,68180,6427180,5536500,0,0,0,0,0,
600015.SH,600015,20251209,91851000,0,0,0,0,0,,,0,0,0,0,0,69400,69700,0,0,0,0,0,0,0,0,0,167900,76400,0,0,0,0,0,0,0,0,69700,0,0,0,0,0,0,0,0,0,167900,0,0,0,0,0,0,0,0,0,71140,68180,6445280,5536500,0,0,0,0,0,
600015.SH,600015,20251209,91854000,0,0,0,0,0,,,0,0,0,0,0,69400,69700,0,0,0,0,0,0,0,0,0,167900,72900,0,0,0,0,0,0,0,0,69700,0,0,0,0,0,0,0,0,0,167900,0,0,0,0,0,0,0,0,0,71140,68180,6444480,5536500,0,0,0,0,0,
600015.SH,600015,20251209,91857000,0,0,0,0,0,,,0,0,0,0,0,69400,69700,0,0,0,0,0,0,0,0,0,167900,73800,0,0,0,0,0,0,0,0,69700,0,0,0,0,0,0,0,0,0,167900,0,0,0,0,0,0,0,0,0,71140,68180,6448980,5536500,0,0,0,0,0,
600015.SH,600015,20251209,91900000,0,0,0,0,0,,,0,0,0,0,0,69400,69700,0,0,0,0,0,0,0,0,0,167900,73800,0,0,0,0,0,0,0,0,69700,0,0,0,0,0,0,0,0,0,167900,0,0,0,0,0,0,0,0,0,71140,68180,6450380,5536500,0,0,0,0,0,
600015.SH,600015,20251209,91903000,0,0,0,0,0,,,0,0,0,0,0,69400,69700,0,0,0,0,0,0,0,0,0,167900,85800,0,0,0,0,0,0,0,0,69700,0,0,0,0,0,0,0,0,0,167900,0,0,0,0,0,0,0,0,0,71140,68180,6477380,5541500,0,0,0,0,0,
600015.SH,600015,20251209,91906000,0,0,0,0,0,,,0,0,0,0,0,69400,69700,0,0,0,0,0,0,0,0,0,167900,85800,0,0,0,0,0,0,0,0,69700,0,0,0,0,0,0,0,0,0,167900,0,0,0,0,0,0,0,0,0,71140,68180,6478580,5542300,0,0,0,0,0,
600015.SH,600015,20251209,91909000,0,0,0,0,0,,,0,0,0,0,0,69400,69700,0,0,0,0,0,0,0,0,0,167900,95800,0,0,0,0,0,0,0,0,69700,0,0,0,0,0,0,0,0,0,167900,0,0,0,0,0,0,0,0,0,71130,68180,6488580,5542300,0,0,0,0,0,
600015.SH,600015,20251209,91912000,0,0,0,0,0,,,0,0,0,0,0,69400,69700,0,0,0,0,0,0,0,0,0,167900,95800,0,0,0,0,0,0,0,0,69700,0,0,0,0,0,0,0,0,0,167900,0,0,0,0,0,0,0,0,0,71130,68180,6488580,5542700,0,0,0,0,0,
600015.SH,600015,20251209,91915000,0,0,0,0,0,,,0,0,0,0,0,69400,69700,0,0,0,0,0,0,0,0,0,167900,86800,0,0,0,0,0,0,0,0,69700,0,0,0,0,0,0,0,0,0,167900,0,0,0,0,0,0,0,0,0,71130,68190,6490880,5543300,0,0,0,0,0,
600015.SH,600015,20251209,91918000,0,0,0,0,0,,,0,0,0,0,0,69400,69600,0,0,0,0,0,0,0,0,0,88900,23200,0,0,0,0,0,0,0,0,69600,0,0,0,0,0,0,0,0,0,88900,0,0,0,0,0,0,0,0,0,71130,68160,6496480,5464300,0,0,0,0,0,
600015.SH,600015,20251209,91924000,0,0,0,0,0,,,0,0,0,0,0,69400,69600,0,0,0,0,0,0,0,0,0,88900,23200,0,0,0,0,0,0,0,0,69600,0,0,0,0,0,0,0,0,0,88900,0,0,0,0,0,0,0,0,0,71140,68160,6496980,5464900,0,0,0,0,0,
600015.SH,600015,20251209,91927000,0,0,0,0,0,,,0,0,0,0,0,69400,69400,0,0,0,0,0,0,0,0,0,61100,0,0,0,0,0,0,0,0,0,69400,0,0,0,0,0,0,0,0,0,61100,44500,0,0,0,0,0,0,0,0,71140,68140,6496980,5392000,0,0,0,0,0,
600015.SH,600015,20251209,91930000,0,0,0,0,0,,,0,0,0,0,0,69400,69400,0,0,0,0,0,0,0,0,0,61100,0,0,0,0,0,0,0,0,0,69400,0,0,0,0,0,0,0,0,0,61100,47400,0,0,0,0,0,0,0,0,71130,68140,6526980,5396600,0,0,0,0,0,
600015.SH,600015,20251209,91933000,0,0,0,0,0,,,0,0,0,0,0,69400,69400,0,0,0,0,0,0,0,0,0,61100,0,0,0,0,0,0,0,0,0,69400,0,0,0,0,0,0,0,0,0,61100,47400,0,0,0,0,0,0,0,0,71130,68140,6527780,5398000,0,0,0,0,0,
600015.SH,600015,20251209,91936000,0,0,0,0,0,,,0,0,0,0,0,69400,69400,0,0,0,0,0,0,0,0,0,61100,0,0,0,0,0,0,0,0,0,69400,0,0,0,0,0,0,0,0,0,61100,47400,0,0,0,0,0,0,0,0,71130,68140,6529480,5398000,0,0,0,0,0,
600015.SH,600015,20251209,91942000,0,0,0,0,0,,,0,0,0,0,0,69400,69400,0,0,0,0,0,0,0,0,0,61100,0,0,0,0,0,0,0,0,0,69400,0,0,0,0,0,0,0,0,0,61100,47400,0,0,0,0,0,0,0,0,71090,68140,6783380,5399000,0,0,0,0,0,
600015.SH,600015,20251209,91945000,0,0,0,0,0,,,0,0,0,0,0,69400,69400,0,0,0,0,0,0,0,0,0,51100,0,0,0,0,0,0,0,0,0,69400,0,0,0,0,0,0,0,0,0,51100,57400,0,0,0,0,0,0,0,0,71090,68150,6805380,5415000,0,0,0,0,0,
600015.SH,600015,20251209,91948000,0,0,0,0,0,,,0,0,0,0,0,69400,69400,0,0,0,0,0,0,0,0,0,51100,0,0,0,0,0,0,0,0,0,69400,0,0,0,0,0,0,0,0,0,51100,57400,0,0,0,0,0,0,0,0,71090,68150,6827280,5415200,0,0,0,0,0,
600015.SH,600015,20251209,91951000,0,0,0,0,0,,,0,0,0,0,0,69400,69400,0,0,0,0,0,0,0,0,0,41100,0,0,0,0,0,0,0,0,0,69400,0,0,0,0,0,0,0,0,0,41100,67400,0,0,0,0,0,0,0,0,71090,68150,6817280,5415000,0,0,0,0,0,
600015.SH,600015,20251209,91954000,0,0,0,0,0,,,0,0,0,0,0,69400,69400,0,0,0,0,0,0,0,0,0,41100,0,0,0,0,0,0,0,0,0,69400,0,0,0,0,0,0,0,0,0,41100,67400,0,0,0,0,0,0,0,0,71090,68150,6822280,5415000,0,0,0,0,0,
600015.SH,600015,20251209,92000000,0,0,0,0,0,,,0,0,0,0,0,69400,69400,0,0,0,0,0,0,0,0,0,41600,0,0,0,0,0,0,0,0,0,69400,0,0,0,0,0,0,0,0,0,41600,66900,0,0,0,0,0,0,0,0,71090,68150,6833080,5415300,0,0,0,0,0,
600015.SH,600015,20251209,92003000,0,0,0,0,0,,,0,0,0,0,0,69400,69400,0,0,0,0,0,0,0,0,0,41700,0,0,0,0,0,0,0,0,0,69400,0,0,0,0,0,0,0,0,0,41700,69200,0,0,0,0,0,0,0,0,71090,68150,6836180,5417700,0,0,0,0,0,
600015.SH,600015,20251209,92006000,0,0,0,0,0,,,0,0,0,0,0,69400,69400,0,0,0,0,0,0,0,0,0,41700,0,0,0,0,0,0,0,0,0,69400,0,0,0,0,0,0,0,0,0,41700,70900,0,0,0,0,0,0,0,0,71090,68150,6836180,5419400,0,0,0,0,0,
600015.SH,600015,20251209,92009000,0,0,0,0,0,,,0,0,0,0,0,69400,69400,0,0,0,0,0,0,0,0,0,41700,0,0,0,0,0,0,0,0,0,69400,0,0,0,0,0,0,0,0,0,41700,70900,0,0,0,0,0,0,0,0,71080,68150,6849880,5419400,0,0,0,0,0,
600015.SH,600015,20251209,92012000,0,0,0,0,0,,,0,0,0,0,0,69400,69400,0,0,0,0,0,0,0,0,0,41700,0,0,0,0,0,0,0,0,0,69400,0,0,0,0,0,0,0,0,0,41700,70900,0,0,0,0,0,0,0,0,71080,68150,6879880,5419400,0,0,0,0,0,
600015.SH,600015,20251209,92015000,0,0,0,0,0,,,0,0,0,0,0,69400,69400,0,0,0,0,0,0,0,0,0,42100,0,0,0,0,0,0,0,0,0,69400,0,0,0,0,0,0,0,0,0,42100,70500,0,0,0,0,0,0,0,0,71080,68150,6880280,5420400,0,0,0,0,0,
600015.SH,600015,20251209,92021000,0,0,0,0,0,,,0,0,0,0,0,69400,69400,0,0,0,0,0,0,0,0,0,42100,0,0,0,0,0,0,0,0,0,69400,0,0,0,0,0,0,0,0,0,42100,70600,0,0,0,0,0,0,0,0,71080,68150,6891280,5420800,0,0,0,0,0,
600015.SH,600015,20251209,92024000,0,0,0,0,0,,,0,0,0,0,0,69400,69400,0,0,0,0,0,0,0,0,0,42100,0,0,0,0,0,0,0,0,0,69400,0,0,0,0,0,0,0,0,0,42100,70600,0,0,0,0,0,0,0,0,70980,68150,7727480,5420800,0,0,0,0,0,
600015.SH,600015,20251209,92030000,0,0,0,0,0,,,0,0,0,0,0,69400,69400,0,0,0,0,0,0,0,0,0,42100,0,0,0,0,0,0,0,0,0,69400,0,0,0,0,0,0,0,0,0,42100,70600,0,0,0,0,0,0,0,0,70980,68150,7737480,5420800,0,0,0,0,0,
600015.SH,600015,20251209,92033000,0,0,0,0,0,,,0,0,0,0,0,69400,69400,0,0,0,0,0,0,0,0,0,42100,0,0,0,0,0,0,0,0,0,69400,0,0,0,0,0,0,0,0,0,42100,70600,0,0,0,0,0,0,0,0,70980,68150,7750180,5420800,0,0,0,0,0,
600015.SH,600015,20251209,92036000,0,0,0,0,0,,,0,0,0,0,0,69400,69400,0,0,0,0,0,0,0,0,0,42100,0,0,0,0,0,0,0,0,0,69400,0,0,0,0,0,0,0,0,0,42100,70600,0,0,0,0,0,0,0,0,70980,68150,7765180,5421300,0,0,0,0,0,
600015.SH,600015,20251209,92039000,0,0,0,0,0,,,0,0,0,0,0,69400,69400,0,0,0,0,0,0,0,0,0,42100,0,0,0,0,0,0,0,0,0,69400,0,0,0,0,0,0,0,0,0,42100,70600,0,0,0,0,0,0,0,0,70980,68150,7765180,5424300,0,0,0,0,0,
600015.SH,600015,20251209,92042000,0,0,0,0,0,,,0,0,0,0,0,69400,69400,0,0,0,0,0,0,0,0,0,42100,0,0,0,0,0,0,0,0,0,69400,0,0,0,0,0,0,0,0,0,42100,70800,0,0,0,0,0,0,0,0,70980,68150,7777180,5425500,0,0,0,0,0,
600015.SH,600015,20251209,92045000,0,0,0,0,0,,,0,0,0,0,0,69400,69400,0,0,0,0,0,0,0,0,0,42100,0,0,0,0,0,0,0,0,0,69400,0,0,0,0,0,0,0,0,0,42100,70800,0,0,0,0,0,0,0,0,70980,68150,7777680,5425500,0,0,0,0,0,
600015.SH,600015,20251209,92048000,0,0,0,0,0,,,0,0,0,0,0,69400,69400,0,0,0,0,0,0,0,0,0,42100,0,0,0,0,0,0,0,0,0,69400,0,0,0,0,0,0,0,0,0,42100,70800,0,0,0,0,0,0,0,0,70980,68150,7785680,5425500,0,0,0,0,0,
600015.SH,600015,20251209,92051000,0,0,0,0,0,,,0,0,0,0,0,69400,69400,0,0,0,0,0,0,0,0,0,42100,0,0,0,0,0,0,0,0,0,69400,0,0,0,0,0,0,0,0,0,42100,70800,0,0,0,0,0,0,0,0,70980,68150,7785680,5427500,0,0,0,0,0,
600015.SH,600015,20251209,92054000,0,0,0,0,0,,,0,0,0,0,0,69400,69400,0,0,0,0,0,0,0,0,0,42100,0,0,0,0,0,0,0,0,0,69400,0,0,0,0,0,0,0,0,0,42100,70800,0,0,0,0,0,0,0,0,70980,68150,7785880,5427500,0,0,0,0,0,
600015.SH,600015,20251209,92057000,0,0,0,0,0,,,0,0,0,0,0,69400,69400,0,0,0,0,0,0,0,0,0,42100,0,0,0,0,0,0,0,0,0,69400,0,0,0,0,0,0,0,0,0,42100,70800,0,0,0,0,0,0,0,0,70980,68150,7785880,5429500,0,0,0,0,0,
600015.SH,600015,20251209,92100000,0,0,0,0,0,,,0,0,0,0,0,69400,69400,0,0,0,0,0,0,0,0,0,42100,0,0,0,0,0,0,0,0,0,69400,0,0,0,0,0,0,0,0,0,42100,70800,0,0,0,0,0,0,0,0,70970,68150,7799680,5435400,0,0,0,0,0,
600015.SH,600015,20251209,92103000,0,0,0,0,0,,,0,0,0,0,0,69400,69400,0,0,0,0,0,0,0,0,0,42100,0,0,0,0,0,0,0,0,0,69400,0,0,0,0,0,0,0,0,0,42100,70900,0,0,0,0,0,0,0,0,70970,68150,7799680,5441500,0,0,0,0,0,
600015.SH,600015,20251209,92106000,0,0,0,0,0,,,0,0,0,0,0,69400,69400,0,0,0,0,0,0,0,0,0,42100,0,0,0,0,0,0,0,0,0,69400,0,0,0,0,0,0,0,0,0,42100,70900,0,0,0,0,0,0,0,0,70970,68150,7804680,5443500,0,0,0,0,0,
600015.SH,600015,20251209,92109000,0,0,0,0,0,,,0,0,0,0,0,69400,69400,0,0,0,0,0,0,0,0,0,42100,0,0,0,0,0,0,0,0,0,69400,0,0,0,0,0,0,0,0,0,42100,70900,0,0,0,0,0,0,0,0,70970,68150,7812880,5443500,0,0,0,0,0,
600015.SH,600015,20251209,92115000,0,0,0,0,0,,,0,0,0,0,0,69400,69400,0,0,0,0,0,0,0,0,0,42100,0,0,0,0,0,0,0,0,0,69400,0,0,0,0,0,0,0,0,0,42100,70900,0,0,0,0,0,0,0,0,70970,68150,7822980,5443500,0,0,0,0,0,
600015.SH,600015,20251209,92118000,0,0,0,0,0,,,0,0,0,0,0,69400,69400,0,0,0,0,0,0,0,0,0,43000,0,0,0,0,0,0,0,0,0,69400,0,0,0,0,0,0,0,0,0,43000,70000,0,0,0,0,0,0,0,0,70970,68160,7823880,5479400,0,0,0,0,0,
600015.SH,600015,20251209,92121000,0,0,0,0,0,,,0,0,0,0,0,69400,69400,0,0,0,0,0,0,0,0,0,43000,0,0,0,0,0,0,0,0,0,69400,0,0,0,0,0,0,0,0,0,43000,70200,0,0,0,0,0,0,0,0,70970,68160,7823880,5484600,0,0,0,0,0,
600015.SH,600015,20251209,92127000,0,0,0,0,0,,,0,0,0,0,0,69400,69400,0,0,0,0,0,0,0,0,0,43000,0,0,0,0,0,0,0,0,0,69400,0,0,0,0,0,0,0,0,0,43000,70200,0,0,0,0,0,0,0,0,70970,68160,7831880,5484600,0,0,0,0,0,
600015.SH,600015,20251209,92130000,0,0,0,0,0,,,0,0,0,0,0,69400,69400,0,0,0,0,0,0,0,0,0,43000,0,0,0,0,0,0,0,0,0,69400,0,0,0,0,0,0,0,0,0,43000,70200,0,0,0,0,0,0,0,0,70970,68160,7834580,5484600,0,0,0,0,0,
600015.SH,600015,20251209,92133000,0,0,0,0,0,,,0,0,0,0,0,69400,69400,0,0,0,0,0,0,0,0,0,43000,0,0,0,0,0,0,0,0,0,69400,0,0,0,0,0,0,0,0,0,43000,70200,0,0,0,0,0,0,0,0,70970,68160,7835580,5484600,0,0,0,0,0,
600015.SH,600015,20251209,92136000,0,0,0,0,0,,,0,0,0,0,0,69400,69400,0,0,0,0,0,0,0,0,0,49400,0,0,0,0,0,0,0,0,0,69400,0,0,0,0,0,0,0,0,0,49400,63800,0,0,0,0,0,0,0,0,70970,68160,7846980,5484600,0,0,0,0,0,
600015.SH,600015,20251209,92139000,0,0,0,0,0,,,0,0,0,0,0,69400,69400,0,0,0,0,0,0,0,0,0,49500,0,0,0,0,0,0,0,0,0,69400,0,0,0,0,0,0,0,0,0,49500,63700,0,0,0,0,0,0,0,0,70920,68160,8110180,5484600,0,0,0,0,0,
600015.SH,600015,20251209,92142000,0,0,0,0,0,,,0,0,0,0,0,69400,69400,0,0,0,0,0,0,0,0,0,49500,0,0,0,0,0,0,0,0,0,69400,0,0,0,0,0,0,0,0,0,49500,63800,0,0,0,0,0,0,0,0,70920,68160,8111180,5484700,0,0,0,0,0,
600015.SH,600015,20251209,92145000,0,0,0,0,0,,,0,0,0,0,0,69400,69400,0,0,0,0,0,0,0,0,0,49600,0,0,0,0,0,0,0,0,0,69400,0,0,0,0,0,0,0,0,0,49600,63700,0,0,0,0,0,0,0,0,70920,68160,8121280,5484700,0,0,0,0,0,
600015.SH,600015,20251209,92148000,0,0,0,0,0,,,0,0,0,0,0,69400,69400,0,0,0,0,0,0,0,0,0,49600,0,0,0,0,0,0,0,0,0,69400,0,0,0,0,0,0,0,0,0,49600,63700,0,0,0,0,0,0,0,0,70920,68160,8126280,5485700,0,0,0,0,0,
600015.SH,600015,20251209,92151000,0,0,0,0,0,,,0,0,0,0,0,69400,69400,0,0,0,0,0,0,0,0,0,49600,0,0,0,0,0,0,0,0,0,69400,0,0,0,0,0,0,0,0,0,49600,63700,0,0,0,0,0,0,0,0,70920,68160,8126280,5494700,0,0,0,0,0,
600015.SH,600015,20251209,92154000,0,0,0,0,0,,,0,0,0,0,0,69400,69400,0,0,0,0,0,0,0,0,0,49600,0,0,0,0,0,0,0,0,0,69400,0,0,0,0,0,0,0,0,0,49600,63700,0,0,0,0,0,0,0,0,70920,68160,8132280,5497100,0,0,0,0,0,
600015.SH,600015,20251209,92157000,0,0,0,0,0,,,0,0,0,0,0,69400,69400,0,0,0,0,0,0,0,0,0,49600,0,0,0,0,0,0,0,0,0,69400,0,0,0,0,0,0,0,0,0,49600,63700,0,0,0,0,0,0,0,0,70920,68160,8142280,5497100,0,0,0,0,0,
600015.SH,600015,20251209,92200000,0,0,0,0,0,,,0,0,0,0,0,69400,69400,0,0,0,0,0,0,0,0,0,49700,0,0,0,0,0,0,0,0,0,69400,0,0,0,0,0,0,0,0,0,49700,63600,0,0,0,0,0,0,0,0,70920,68160,8146380,5497100,0,0,0,0,0,
600015.SH,600015,20251209,92203000,0,0,0,0,0,,,0,0,0,0,0,69400,69400,0,0,0,0,0,0,0,0,0,50000,0,0,0,0,0,0,0,0,0,69400,0,0,0,0,0,0,0,0,0,50000,63500,0,0,0,0,0,0,0,0,70920,68160,8156680,5502200,0,0,0,0,0,
600015.SH,600015,20251209,92209000,0,0,0,0,0,,,0,0,0,0,0,69400,69400,0,0,0,0,0,0,0,0,0,50000,0,0,0,0,0,0,0,0,0,69400,0,0,0,0,0,0,0,0,0,50000,63500,0,0,0,0,0,0,0,0,70930,68160,8186480,5502200,0,0,0,0,0,
600015.SH,600015,20251209,92212000,0,0,0,0,0,,,0,0,0,0,0,69400,69400,0,0,0,0,0,0,0,0,0,50000,0,0,0,0,0,0,0,0,0,69400,0,0,0,0,0,0,0,0,0,50000,63500,0,0,0,0,0,0,0,0,70930,68160,8189480,5507800,0,0,0,0,0,
600015.SH,600015,20251209,92215000,0,0,0,0,0,,,0,0,0,0,0,69400,69400,0,0,0,0,0,0,0,0,0,50000,0,0,0,0,0,0,0,0,0,69400,0,0,0,0,0,0,0,0,0,50000,63500,0,0,0,0,0,0,0,0,70930,68160,8196480,5507800,0,0,0,0,0,
600015.SH,600015,20251209,92218000,0,0,0,0,0,,,0,0,0,0,0,69400,69400,0,0,0,0,0,0,0,0,0,50000,0,0,0,0,0,0,0,0,0,69400,0,0,0,0,0,0,0,0,0,50000,63500,0,0,0,0,0,0,0,0,70920,68160,8225080,5514300,0,0,0,0,0,
600015.SH,600015,20251209,92221000,0,0,0,0,0,,,0,0,0,0,0,69400,69400,0,0,0,0,0,0,0,0,0,50000,0,0,0,0,0,0,0,0,0,69400,0,0,0,0,0,0,0,0,0,50000,63600,0,0,0,0,0,0,0,0,70920,68160,8237080,5514400,0,0,0,0,0,
600015.SH,600015,20251209,92224000,0,0,0,0,0,,,0,0,0,0,0,69400,69400,0,0,0,0,0,0,0,0,0,50000,0,0,0,0,0,0,0,0,0,69400,0,0,0,0,0,0,0,0,0,50000,63600,0,0,0,0,0,0,0,0,70920,68160,8241080,5514400,0,0,0,0,0,
600015.SH,600015,20251209,92227000,0,0,0,0,0,,,0,0,0,0,0,69400,69400,0,0,0,0,0,0,0,0,0,50000,0,0,0,0,0,0,0,0,0,69400,0,0,0,0,0,0,0,0,0,50000,63600,0,0,0,0,0,0,0,0,70920,68160,8241080,5525000,0,0,0,0,0,
600015.SH,600015,20251209,92230000,0,0,0,0,0,,,0,0,0,0,0,69400,69400,0,0,0,0,0,0,0,0,0,50100,0,0,0,0,0,0,0,0,0,69400,0,0,0,0,0,0,0,0,0,50100,63500,0,0,0,0,0,0,0,0,70920,68160,8241180,5525000,0,0,0,0,0,
600015.SH,600015,20251209,92233000,0,0,0,0,0,,,0,0,0,0,0,69400,69400,0,0,0,0,0,0,0,0,0,50100,0,0,0,0,0,0,0,0,0,69400,0,0,0,0,0,0,0,0,0,50100,63600,0,0,0,0,0,0,0,0,70920,68160,8241180,5525100,0,0,0,0,0,
600015.SH,600015,20251209,92236000,0,0,0,0,0,,,0,0,0,0,0,69400,69400,0,0,0,0,0,0,0,0,0,50100,0,0,0,0,0,0,0,0,0,69400,0,0,0,0,0,0,0,0,0,50100,63600,0,0,0,0,0,0,0,0,70920,68160,8243180,5525100,0,0,0,0,0,
600015.SH,600015,20251209,92239000,0,0,0,0,0,,,0,0,0,0,0,69400,69400,0,0,0,0,0,0,0,0,0,50100,0,0,0,0,0,0,0,0,0,69400,0,0,0,0,0,0,0,0,0,50100,63600,0,0,0,0,0,0,0,0,70920,68160,8243180,5528100,0,0,0,0,0,
600015.SH,600015,20251209,92242000,0,0,0,0,0,,,0,0,0,0,0,69400,69400,0,0,0,0,0,0,0,0,0,55400,0,0,0,0,0,0,0,0,0,69400,0,0,0,0,0,0,0,0,0,55400,58400,0,0,0,0,0,0,0,0,70920,68160,8259680,5528200,0,0,0,0,0,
600015.SH,600015,20251209,92245000,0,0,0,0,0,,,0,0,0,0,0,69400,69400,0,0,0,0,0,0,0,0,0,55400,0,0,0,0,0,0,0,0,0,69400,0,0,0,0,0,0,0,0,0,55400,58400,0,0,0,0,0,0,0,0,70920,68160,8264180,5528500,0,0,0,0,0,
600015.SH,600015,20251209,92248000,0,0,0,0,0,,,0,0,0,0,0,69400,69400,0,0,0,0,0,0,0,0,0,55400,0,0,0,0,0,0,0,0,0,69400,0,0,0,0,0,0,0,0,0,55400,58400,0,0,0,0,0,0,0,0,70920,68160,8283980,5528500,0,0,0,0,0,
600015.SH,600015,20251209,92251000,0,0,0,0,0,,,0,0,0,0,0,69400,69400,0,0,0,0,0,0,0,0,0,55400,0,0,0,0,0,0,0,0,0,69400,0,0,0,0,0,0,0,0,0,55400,58500,0,0,0,0,0,0,0,0,70920,68160,8284480,5533600,0,0,0,0,0,
600015.SH,600015,20251209,92254000,0,0,0,0,0,,,0,0,0,0,0,69400,69400,0,0,0,0,0,0,0,0,0,55400,0,0,0,0,0,0,0,0,0,69400,0,0,0,0,0,0,0,0,0,55400,58500,0,0,0,0,0,0,0,0,70920,68160,8284980,5534700,0,0,0,0,0,
600015.SH,600015,20251209,92257000,0,0,0,0,0,,,0,0,0,0,0,69400,69400,0,0,0,0,0,0,0,0,0,55400,0,0,0,0,0,0,0,0,0,69400,0,0,0,0,0,0,0,0,0,55400,58500,0,0,0,0,0,0,0,0,70920,68160,8284980,5546700,0,0,0,0,0,
600015.SH,600015,20251209,92300000,0,0,0,0,0,,,0,0,0,0,0,69400,69400,0,0,0,0,0,0,0,0,0,55400,0,0,0,0,0,0,0,0,0,69400,0,0,0,0,0,0,0,0,0,55400,186300,0,0,0,0,0,0,0,0,70920,68190,8293980,5684500,0,0,0,0,0,
600015.SH,600015,20251209,92303000,0,0,0,0,0,,,0,0,0,0,0,69400,69400,0,0,0,0,0,0,0,0,0,55400,0,0,0,0,0,0,0,0,0,69400,0,0,0,0,0,0,0,0,0,55400,186300,0,0,0,0,0,0,0,0,70920,68190,8293980,5686500,0,0,0,0,0,
600015.SH,600015,20251209,92306000,0,0,0,0,0,,,0,0,0,0,0,69400,69400,0,0,0,0,0,0,0,0,0,55400,0,0,0,0,0,0,0,0,0,69400,0,0,0,0,0,0,0,0,0,55400,186300,0,0,0,0,0,0,0,0,70920,68190,8300180,5688800,0,0,0,0,0,
600015.SH,600015,20251209,92309000,0,0,0,0,0,,,0,0,0,0,0,69400,69400,0,0,0,0,0,0,0,0,0,56000,0,0,0,0,0,0,0,0,0,69400,0,0,0,0,0,0,0,0,0,56000,185700,0,0,0,0,0,0,0,0,70920,68190,8301280,5688800,0,0,0,0,0,
600015.SH,600015,20251209,92312000,0,0,0,0,0,,,0,0,0,0,0,69400,69400,0,0,0,0,0,0,0,0,0,56000,0,0,0,0,0,0,0,0,0,69400,0,0,0,0,0,0,0,0,0,56000,185800,0,0,0,0,0,0,0,0,70920,68200,8302280,5694900,0,0,0,0,0,
600015.SH,600015,20251209,92315000,0,0,0,0,0,,,0,0,0,0,0,69400,69400,0,0,0,0,0,0,0,0,0,56000,0,0,0,0,0,0,0,0,0,69400,0,0,0,0,0,0,0,0,0,56000,185800,0,0,0,0,0,0,0,0,70920,68200,8306280,5694900,0,0,0,0,0,
600015.SH,600015,20251209,92318000,0,0,0,0,0,,,0,0,0,0,0,69400,69400,0,0,0,0,0,0,0,0,0,56000,0,0,0,0,0,0,0,0,0,69400,0,0,0,0,0,0,0,0,0,56000,185800,0,0,0,0,0,0,0,0,70920,68200,8306280,5707700,0,0,0,0,0,
600015.SH,600015,20251209,92321000,0,0,0,0,0,,,0,0,0,0,0,69400,69400,0,0,0,0,0,0,0,0,0,56000,0,0,0,0,0,0,0,0,0,69400,0,0,0,0,0,0,0,0,0,56000,195900,0,0,0,0,0,0,0,0,70920,68200,8326780,5717800,0,0,0,0,0,
600015.SH,600015,20251209,92324000,0,0,0,0,0,,,0,0,0,0,0,69400,69400,0,0,0,0,0,0,0,0,0,58500,0,0,0,0,0,0,0,0,0,69400,0,0,0,0,0,0,0,0,0,58500,193400,0,0,0,0,0,0,0,0,70910,68200,8397280,5720800,0,0,0,0,0,
600015.SH,600015,20251209,92327000,0,0,0,0,0,,,0,0,0,0,0,69400,69400,0,0,0,0,0,0,0,0,0,58600,0,0,0,0,0,0,0,0,0,69400,0,0,0,0,0,0,0,0,0,58600,193300,0,0,0,0,0,0,0,0,70910,68200,8403380,5725800,0,0,0,0,0,
600015.SH,600015,20251209,92330000,0,0,0,0,0,,,0,0,0,0,0,69400,69400,0,0,0,0,0,0,0,0,0,58600,0,0,0,0,0,0,0,0,0,69400,0,0,0,0,0,0,0,0,0,58600,193300,0,0,0,0,0,0,0,0,70910,68200,8409980,5725800,0,0,0,0,0,
600015.SH,600015,20251209,92333000,0,0,0,0,0,,,0,0,0,0,0,69400,69400,0,0,0,0,0,0,0,0,0,58600,0,0,0,0,0,0,0,0,0,69400,0,0,0,0,0,0,0,0,0,58600,193400,0,0,0,0,0,0,0,0,70910,68200,8412480,5725900,0,0,0,0,0,
600015.SH,600015,20251209,92336000,0,0,0,0,0,,,0,0,0,0,0,69400,69400,0,0,0,0,0,0,0,0,0,63500,0,0,0,0,0,0,0,0,0,69400,0,0,0,0,0,0,0,0,0,63500,188500,0,0,0,0,0,0,0,0,70910,68200,8420880,5754900,0,0,0,0,0,
600015.SH,600015,20251209,92339000,0,0,0,0,0,,,0,0,0,0,0,69400,69400,0,0,0,0,0,0,0,0,0,63500,0,0,0,0,0,0,0,0,0,69400,0,0,0,0,0,0,0,0,0,63500,188500,0,0,0,0,0,0,0,0,70910,68200,8424380,5754900,0,0,0,0,0,
600015.SH,600015,20251209,92342000,0,0,0,0,0,,,0,0,0,0,0,69400,69400,0,0,0,0,0,0,0,0,0,64200,0,0,0,0,0,0,0,0,0,69400,0,0,0,0,0,0,0,0,0,64200,189800,0,0,0,0,0,0,0,0,70910,68200,8425080,5756900,0,0,0,0,0,
600015.SH,600015,20251209,92345000,0,0,0,0,0,,,0,0,0,0,0,69400,69400,0,0,0,0,0,0,0,0,0,64200,0,0,0,0,0,0,0,0,0,69400,0,0,0,0,0,0,0,0,0,64200,189800,0,0,0,0,0,0,0,0,70910,68200,8426480,5756900,0,0,0,0,0,
600015.SH,600015,20251209,92348000,0,0,0,0,0,,,0,0,0,0,0,69400,69400,0,0,0,0,0,0,0,0,0,64200,0,0,0,0,0,0,0,0,0,69400,0,0,0,0,0,0,0,0,0,64200,189800,0,0,0,0,0,0,0,0,70910,68200,8428980,5756900,0,0,0,0,0,
600015.SH,600015,20251209,92351000,0,0,0,0,0,,,0,0,0,0,0,69400,69400,0,0,0,0,0,0,0,0,0,64200,0,0,0,0,0,0,0,0,0,69400,0,0,0,0,0,0,0,0,0,64200,189900,0,0,0,0,0,0,0,0,70910,68200,8428980,5758000,0,0,0,0,0,
600015.SH,600015,20251209,92354000,0,0,0,0,0,,,0,0,0,0,0,69400,69400,0,0,0,0,0,0,0,0,0,64200,0,0,0,0,0,0,0,0,0,69400,0,0,0,0,0,0,0,0,0,64200,189900,0,0,0,0,0,0,0,0,70910,68200,8444980,5758000,0,0,0,0,0,
600015.SH,600015,20251209,92357000,0,0,0,0,0,,,0,0,0,0,0,69400,69400,0,0,0,0,0,0,0,0,0,69200,0,0,0,0,0,0,0,0,0,69400,0,0,0,0,0,0,0,0,0,69200,184900,0,0,0,0,0,0,0,0,70910,68200,8449980,5768000,0,0,0,0,0,
600015.SH,600015,20251209,92400000,0,0,0,0,0,,,0,0,0,0,0,69400,69400,0,0,0,0,0,0,0,0,0,69800,0,0,0,0,0,0,0,0,0,69400,0,0,0,0,0,0,0,0,0,69800,184800,0,0,0,0,0,0,0,0,70900,68200,8460680,5768500,0,0,0,0,0,
600015.SH,600015,20251209,92403000,0,0,0,0,0,,,0,0,0,0,0,69400,69400,0,0,0,0,0,0,0,0,0,69800,0,0,0,0,0,0,0,0,0,69400,0,0,0,0,0,0,0,0,0,69800,184900,0,0,0,0,0,0,0,0,70900,68200,8460780,5770100,0,0,0,0,0,
600015.SH,600015,20251209,92406000,0,0,0,0,0,,,0,0,0,0,0,69400,69400,0,0,0,0,0,0,0,0,0,69800,0,0,0,0,0,0,0,0,0,69400,0,0,0,0,0,0,0,0,0,69800,184900,0,0,0,0,0,0,0,0,70900,68200,8462880,5771100,0,0,0,0,0,
600015.SH,600015,20251209,92409000,0,0,0,0,0,,,0,0,0,0,0,69400,69400,0,0,0,0,0,0,0,0,0,69800,0,0,0,0,0,0,0,0,0,69400,0,0,0,0,0,0,0,0,0,69800,188800,0,0,0,0,0,0,0,0,70900,68210,8465780,5775000,0,0,0,0,0,
600015.SH,600015,20251209,92412000,0,0,0,0,0,,,0,0,0,0,0,69400,69400,0,0,0,0,0,0,0,0,0,69800,0,0,0,0,0,0,0,0,0,69400,0,0,0,0,0,0,0,0,0,69800,188900,0,0,0,0,0,0,0,0,70910,68240,8471780,6053400,0,0,0,0,0,
600015.SH,600015,20251209,92415000,0,0,0,0,0,,,0,0,0,0,0,69400,69400,0,0,0,0,0,0,0,0,0,69800,0,0,0,0,0,0,0,0,0,69400,0,0,0,0,0,0,0,0,0,69800,188900,0,0,0,0,0,0,0,0,70910,68250,8471780,6063900,0,0,0,0,0,
600015.SH,600015,20251209,92418000,0,0,0,0,0,,,0,0,0,0,0,69400,69400,0,0,0,0,0,0,0,0,0,69800,0,0,0,0,0,0,0,0,0,69400,0,0,0,0,0,0,0,0,0,69800,188900,0,0,0,0,0,0,0,0,70910,68250,8471780,6076200,0,0,0,0,0,
600015.SH,600015,20251209,92421000,0,0,0,0,0,,,0,0,0,0,0,69400,69400,0,0,0,0,0,0,0,0,0,69800,0,0,0,0,0,0,0,0,0,69400,0,0,0,0,0,0,0,0,0,69800,188900,0,0,0,0,0,0,0,0,70910,68250,8478480,6076200,0,0,0,0,0,
600015.SH,600015,20251209,92424000,0,0,0,0,0,,,0,0,0,0,0,69400,69400,0,0,0,0,0,0,0,0,0,69800,0,0,0,0,0,0,0,0,0,69400,0,0,0,0,0,0,0,0,0,69800,188900,0,0,0,0,0,0,0,0,70910,68250,8480480,6076200,0,0,0,0,0,
600015.SH,600015,20251209,92427000,0,0,0,0,0,,,0,0,0,0,0,69400,69400,0,0,0,0,0,0,0,0,0,69800,0,0,0,0,0,0,0,0,0,69400,0,0,0,0,0,0,0,0,0,69800,188900,0,0,0,0,0,0,0,0,70910,68250,8480480,6087100,0,0,0,0,0,
600015.SH,600015,20251209,92430000,0,0,0,0,0,,,0,0,0,0,0,69400,69400,0,0,0,0,0,0,0,0,0,69800,0,0,0,0,0,0,0,0,0,69400,0,0,0,0,0,0,0,0,0,69800,188900,0,0,0,0,0,0,0,0,70910,68280,8484980,6332600,0,0,0,0,0,
600015.SH,600015,20251209,92433000,0,0,0,0,0,,,0,0,0,0,0,69400,69400,0,0,0,0,0,0,0,0,0,76200,0,0,0,0,0,0,0,0,0,69400,0,0,0,0,0,0,0,0,0,76200,182700,0,0,0,0,0,0,0,0,70910,68280,8491380,6332800,0,0,0,0,0,
600015.SH,600015,20251209,92436000,0,0,0,0,0,,,0,0,0,0,0,69400,69400,0,0,0,0,0,0,0,0,0,76300,0,0,0,0,0,0,0,0,0,69400,0,0,0,0,0,0,0,0,0,76300,182600,0,0,0,0,0,0,0,0,70910,68280,8496480,6362200,0,0,0,0,0,
600015.SH,600015,20251209,92439000,0,0,0,0,0,,,0,0,0,0,0,69400,69400,0,0,0,0,0,0,0,0,0,76300,0,0,0,0,0,0,0,0,0,69400,0,0,0,0,0,0,0,0,0,76300,182600,0,0,0,0,0,0,0,0,70910,68280,8502780,6363200,0,0,0,0,0,
600015.SH,600015,20251209,92442000,0,0,0,0,0,,,0,0,0,0,0,69400,69400,0,0,0,0,0,0,0,0,0,76300,0,0,0,0,0,0,0,0,0,69400,0,0,0,0,0,0,0,0,0,76300,182600,0,0,0,0,0,0,0,0,70910,68280,8502780,6408200,0,0,0,0,0,
600015.SH,600015,20251209,92445000,0,0,0,0,0,,,0,0,0,0,0,69400,69400,0,0,0,0,0,0,0,0,0,76300,0,0,0,0,0,0,0,0,0,69400,0,0,0,0,0,0,0,0,0,76300,182600,0,0,0,0,0,0,0,0,70910,68280,8502780,6409200,0,0,0,0,0,
600015.SH,600015,20251209,92448000,0,0,0,0,0,,,0,0,0,0,0,69400,69400,0,0,0,0,0,0,0,0,0,76300,0,0,0,0,0,0,0,0,0,69400,0,0,0,0,0,0,0,0,0,76300,183700,0,0,0,0,0,0,0,0,70910,68280,8504780,6410300,0,0,0,0,0,
600015.SH,600015,20251209,92451000,0,0,0,0,0,,,0,0,0,0,0,69400,69400,0,0,0,0,0,0,0,0,0,95300,0,0,0,0,0,0,0,0,0,69400,0,0,0,0,0,0,0,0,0,95300,167000,0,0,0,0,0,0,0,0,70910,68280,8530780,6412600,0,0,0,0,0,
600015.SH,600015,20251209,92454000,0,0,0,0,0,,,0,0,0,0,0,69400,69400,0,0,0,0,0,0,0,0,0,95500,0,0,0,0,0,0,0,0,0,69400,0,0,0,0,0,0,0,0,0,95500,182900,0,0,0,0,0,0,0,0,70910,68290,8540980,6428700,0,0,0,0,0,
600015.SH,600015,20251209,92457000,0,0,0,0,0,,,0,0,0,0,0,69400,69400,0,0,0,0,0,0,0,0,0,95500,0,0,0,0,0,0,0,0,0,69400,0,0,0,0,0,0,0,0,0,95500,203700,0,0,0,0,0,0,0,0,70910,68300,8542980,6449500,0,0,0,0,0,
600015.SH,600015,20251209,92500000,0,0,0,0,0,,,0,0,0,0,0,69400,69500,0,0,0,0,0,0,0,0,0,105700,286700,0,0,0,0,0,0,0,0,69500,0,0,0,0,0,0,0,0,0,105700,0,0,0,0,0,0,0,0,0,70910,68310,8549380,6474700,0,0,0,0,0,
600015.SH,600015,20251209,92503000,69500,105700,734615,105,0,,,105700,734615,69500,69500,69500,69400,69500,69600,69700,69800,69900,70000,70100,70200,70300,70400,286700,79500,228300,485100,658200,589500,418000,1421800,463200,326600,69400,69300,69200,69100,69000,68900,68800,68700,68600,68500,218700,63400,364400,881600,969200,137400,439600,180900,337800,700800,70950,68250,8443680,6369000,0,0,0,0,0,
600015.SH,600015,20251209,93000000,69500,0,0,105,0,,,105700,734615,69500,69500,69500,69400,69500,69600,69700,69800,69900,70000,70100,70200,70300,70400,306700,79500,228300,497100,658200,589500,418000,1421800,469200,331600,69400,69300,69200,69100,69000,68900,68800,68700,68600,68500,218700,63400,367600,881600,969200,137400,439600,180900,337800,700800,70940,68250,8486680,6382200,0,0,0,0,0,
600015.SH,600015,20251209,93003000,69500,20500,142394,115,0,,,126200,877009,69500,69400,69500,69400,69500,69600,69700,69800,69900,70000,70100,70200,70300,70400,274900,81800,334100,523000,742100,609000,428000,1433900,475700,342600,69400,69300,69200,69100,69000,68900,68800,68700,68600,68500,214600,93400,422100,879600,991800,137700,449300,180900,337800,701000,70910,68240,8790580,6531700,0,0,0,0,0,
600015.SH,600015,20251209,93006000,69500,40000,277674,129,0,,,166200,1154683,69500,69400,69500,69400,69500,69600,69700,69800,69900,70000,70100,70200,70300,70400,286000,143033,372100,594500,787700,695600,445000,1437900,484200,347600,69400,69300,69200,69100,69000,68900,68800,68700,68600,68500,183900,107500,486100,934400,1003800,204300,459300,186100,367900,701000,70960,68260,9399213,6758500,0,0,0,0,0,
600015.SH,600015,20251209,93009000,69400,131300,911493,155,0,,,297500,2066176,69500,69400,69500,69400,69500,69600,69700,69800,69900,70000,70100,70200,70300,70400,265700,148033,385700,705600,778700,1755700,447000,1456900,487000,490700,69400,69300,69200,69100,69000,68900,68800,68700,68600,68500,85000,156700,495600,938400,1014100,204300,479400,186200,369400,701000,70980,68260,11155788,6763300,0,0,0,0,0,
600015.SH,600015,20251209,93012000,69400,40800,283273,163,0,,,338300,2349449,69500,69400,69500,69400,69500,69600,69700,69800,69900,70000,70100,70200,70300,70400,273200,148033,386100,715300,798500,1762100,1447000,1456900,487000,492700,69400,69300,69200,69100,69000,68900,68800,68700,68600,68500,88500,156700,501300,954400,1040400,204300,484400,194300,369400,701000,70910,68260,12252488,6828900,0,0,0,0,0,
600015.SH,600015,20251209,93015000,69500,30600,212652,169,0,,,368900,2562101,69500,69400,69500,69400,69500,69600,69700,69800,69900,70000,70100,70200,70300,70400,246200,152333,386100,716300,799500,1764100,1468000,1456900,487000,492700,69400,69300,69200,69100,69000,68900,68800,68700,68600,68500,87500,157100,501300,967400,1040400,205300,485400,194300,369400,701000,70910,68260,12260688,6846300,0,0,0,0,0,
600015.SH,600015,20251209,93018000,69400,39800,276266,183,0,,,408700,2838367,69500,69400,69500,69400,69500,69600,69700,69800,69900,70000,70100,70200,70300,70400,254988,164333,394900,715300,807500,1764100,1470000,1456900,493000,499700,69400,69300,69200,69100,69000,68900,68800,68700,68600,68500,73200,199100,501300,967400,1045600,208300,485600,194300,369400,716600,70910,68270,12329876,6898000,0,0,0,0,0,
600015.SH,600015,20251209,93021000,69500,5400,37527,190,0,,,414100,2875894,69500,69400,69500,69400,69500,69600,69700,69800,69900,70000,70100,70200,70300,70400,252788,166933,394900,725300,810000,1764100,1470000,1463000,494000,499700,69400,69300,69200,69100,69000,68900,68800,68700,68600,68500,79800,200100,501300,968400,1045600,208300,485600,194300,369400,716600,70910,68270,12358876,6906600,0,0,0,0,0,
600015.SH,600015,20251209,93024000,69500,16800,116689,200,0,,,430900,2992583,69500,69400,69500,69400,69500,69600,69700,69800,69900,70000,70100,70200,70300,70400,279788,166933,400000,728100,812000,1765600,1471000,1463000,494000,499700,69400,69300,69200,69100,69000,68900,68800,68700,68600,68500,80800,200100,501300,969400,1047800,208300,485600,194300,369400,716600,70920,68270,12534876,6910800,0,0,0,0,0,
600015.SH,600015,20251209,93027000,69500,3100,21544,202,0,,,434000,3014127,69500,69400,69500,69400,69500,69600,69700,69800,69900,70000,70100,70200,70300,70400,284488,168133,400000,728100,813200,1776100,1498500,1463000,497000,501700,69400,69300,69200,69100,69000,68900,68800,68700,68600,68500,82600,500100,501300,969400,1047800,208300,493100,194300,369400,716600,70920,68310,12598076,7216100,0,0,0,0,0,
600015.SH,600015,20251209,93030000,69500,0,0,202,0,,,434000,3014127,69500,69400,69500,69400,69500,69600,69700,69800,69900,70000,70100,70200,70300,70400,287288,168133,395000,738100,815100,1776100,1498500,1463000,497000,501700,69400,69300,69200,69100,69000,68900,68800,68700,68600,68500,105900,500100,521300,969400,1051800,208300,503100,194300,369400,716600,70920,68320,12666176,7279400,0,0,0,0,0,
600015.SH,600015,20251209,93033000,69400,7300,50678,212,0,,,441300,3064805,69500,69400,69500,69400,69500,69600,69700,69800,69900,70000,70100,70200,70300,70400,288388,168133,395000,738100,815100,1806100,1498500,1463100,497000,501700,69400,69300,69200,69100,69000,68900,68800,68700,68600,68500,105600,510100,531300,970400,1051800,211300,503100,194300,369400,716600,70920,68320,12698576,7308300,0,0,0,0,0,
600015.SH,600015,20251209,93036000,69400,4100,28478,223,0,,,445400,3093283,69500,69400,69500,69400,69500,69600,69700,69800,69900,70000,70100,70200,70300,70400,294888,181933,395000,739100,815600,1816100,1498500,1463100,507000,501700,69400,69300,69200,69100,69000,68900,68800,68700,68600,68500,115700,471000,531300,970400,1051800,211300,504100,194300,369400,716600,70910,68320,12741176,7280300,0,0,0,0,0,
600015.SH,600015,20251209,93039000,69500,8700,60408,235,0,,,454100,3153691,69500,69400,69500,69400,69500,69600,69700,69800,69900,70000,70100,70200,70300,70400,293088,183933,395000,739100,816600,1846100,1498500,1479300,507000,501700,69400,69300,69200,69100,69000,68900,68800,68700,68600,68500,121100,471000,531300,970400,1051800,211300,504100,194300,369400,716600,70910,68320,12788576,7285700,0,0,0,0,0,
600015.SH,600015,20251209,93042000,69400,1900,13204,238,0,,,456000,3166895,69500,69400,69500,69400,69500,69600,69700,69800,69900,70000,70100,70200,70300,70400,292788,186933,395000,739100,816600,1847600,1498500,1490900,507000,501700,69400,69300,69200,69100,69000,68900,68800,68700,68600,68500,129500,471000,531300,970400,1051800,211300,504100,194300,369400,716600,70910,68320,12812176,7296100,0,0,0,0,0,
600015.SH,600015,20251209,93045000,69400,30400,210985,242,0,,,486400,3377880,69500,69400,69500,69400,69500,69600,69700,69800,69900,70000,70100,70200,70300,70400,317788,197933,405000,740500,816600,1848500,1499300,1490900,507000,501700,69400,69300,69200,69100,69000,68900,68800,68700,68600,68500,105900,471000,531300,971400,1051800,211300,504100,194300,369400,716600,70900,68310,12864276,7273500,0,0,0,0,0,
600015.SH,600015,20251209,93048000,69400,6900,47894,259,0,,,493300,3425774,69500,69400,69500,69400,69500,69600,69700,69800,69900,70000,70100,70200,70300,70400,324088,197933,415000,740500,816600,1848500,1499300,1490900,507000,501700,69400,69300,69200,69100,69000,68900,68800,68700,68600,68500,104900,474000,531300,971400,1051800,221300,504100,194300,369400,716600,70900,68310,12917776,7285500,0,0,0,0,0,
600015.SH,600015,20251209,93051000,69400,65500,454570,332,0,,,558800,3880344,69500,69400,69500,69400,69500,69600,69700,69800,69900,70000,70100,70200,70300,70400,324288,197933,420000,740500,824600,1848500,1499300,1490900,507000,531700,69400,69300,69200,69100,69000,68900,68800,68700,68600,68500,161300,474000,531300,972400,1051800,221300,504100,194300,369400,716600,70900,68320,12960976,7343200,0,0,0,0,0,
600015.SH,600015,20251209,93054000,69400,3100,21538,335,0,,,561900,3901882,69500,69400,69500,69400,69500,69600,69700,69800,69900,70000,70100,70200,70300,70400,318188,197933,420000,740500,824600,1848500,1499300,1490900,513400,531700,69400,69300,69200,69100,69000,68900,68800,68700,68600,68500,161600,474000,531300,969000,1051800,221300,504100,194300,369400,716600,70900,68320,12972676,7340100,0,0,0,0,0,
600015.SH,600015,20251209,93057000,69500,2500,17374,337,0,,,564400,3919256,69500,69400,69500,69400,69500,69600,69700,69800,69900,70000,70100,70200,70300,70400,317188,197933,420000,740500,827600,1848500,1499300,1490900,513400,531700,69400,69300,69200,69100,69000,68900,68800,68700,68600,68500,162200,474600,531300,969000,1061800,221300,505100,194300,369400,716600,70900,68320,12974676,7352300,0,0,0,0,0,
600015.SH,600015,20251209,93100000,69400,100,694,338,0,,,564500,3919950,69500,69400,69500,69400,69500,69600,69700,69800,69900,70000,70100,70200,70300,70400,317188,198733,420000,730500,828600,1848500,1499300,1490900,513400,531700,69400,69300,69200,69100,69000,68900,68800,68700,68600,68500,164600,474600,531300,971000,1061800,221300,505100,194300,369400,716600,70900,68320,12966476,7356700,0,0,0,0,0,
600015.SH,600015,20251209,93103000,69400,700,4858,340,0,,,565200,3924808,69500,69400,69500,69400,69500,69600,69700,69800,69900,70000,70100,70200,70300,70400,340088,198733,421000,730500,828600,1848500,1499300,1490900,513400,531700,69400,69300,69200,69100,69000,68900,68800,68700,68600,68500,172200,474600,531300,971000,1061800,221300,505100,194300,369400,717600,70900,68320,12991376,7365300,0,0,0,0,0,
600015.SH,600015,20251209,93106000,69400,5600,38869,349,0,,,570800,3963677,69500,69400,69500,69400,69500,69600,69700,69800,69900,70000,70100,70200,70300,70400,341988,198733,422000,730500,828600,1848500,1499300,1490900,513400,531700,69400,69300,69200,69100,69000,68900,68800,68700,68600,68500,167700,474600,531300,971000,1061800,221300,505100,194300,369400,717600,70900,68320,12995276,7360800,0,0,0,0,0,
600015.SH,600015,20251209,93109000,69400,1500,10410,353,0,,,572300,3974087,69500,69400,69500,69400,69500,69600,69700,69800,69900,70000,70100,70200,70300,70400,346388,197333,422000,730500,833600,1848500,1499300,1490900,513400,531700,69400,69300,69200,69100,69000,68900,68800,68700,68600,68500,171500,475000,531300,971000,1061800,231300,505100,194300,369400,717600,70900,68330,13003276,7376300,0,0,0,0,0,
600015.SH,600015,20251209,93112000,69500,1900,13197,357,0,,,574200,3987284,69500,69400,69500,69400,69500,69600,69700,69800,69900,70000,70100,70200,70300,70400,350088,197333,422000,730500,833600,1848500,1499300,1490900,513400,531700,69400,69300,69200,69100,69000,68900,68800,68700,68600,68500,170700,475000,531300,971000,1061800,231300,505100,194300,369400,717600,70900,68330,13006976,7375500,0,0,0,0,0,
600015.SH,600015,20251209,93115000,69400,11100,77085,365,0,,,585300,4064369,69500,69400,69500,69400,69500,69600,69700,69800,69900,70000,70100,70200,70300,70400,344988,197333,422000,730500,833600,1848500,1499300,1490900,513400,531700,69400,69300,69200,69100,69000,68900,68800,68700,68600,68500,167700,475000,531300,971000,1061800,231300,505100,194300,367900,717600,70900,68320,13001876,7371000,0,0,0,0,0,
600015.SH,600015,20251209,93118000,69500,1100,7645,366,0,,,586400,4072014,69500,69400,69500,69400,69500,69600,69700,69800,69900,70000,70100,70200,70300,70400,349988,197333,422000,733500,834600,1848500,1499300,1490900,513400,531700,69400,69300,69200,69100,69000,68900,68800,68700,68600,68500,168400,475000,531300,972000,1061800,231300,505100,194300,367900,717600,70900,68320,13010876,7372700,0,0,0,0,0,
600015.SH,600015,20251209,93121000,69400,9200,63849,381,0,,,595600,4135863,69500,69400,69500,69400,69500,69600,69700,69800,69900,70000,70100,70200,70300,70400,404688,197333,422000,733500,834600,1848500,1499300,1490900,513400,531700,69400,69300,69200,69100,69000,68900,68800,68700,68600,68500,241600,480800,530300,972000,1061800,231300,505100,194300,367900,717600,70890,68340,13065576,7451200,0,0,0,0,0,
600015.SH,600015,20251209,93124000,69500,900,6255,382,0,,,596500,4142118,69500,69400,69500,69400,69500,69600,69700,69800,69900,70000,70100,70200,70300,70400,408588,197333,422000,733500,835600,1848500,1499300,1490900,513400,531700,69400,69300,69200,69100,69000,68900,68800,68700,68600,68500,257700,480800,530300,972000,1061800,231300,505100,194300,367900,717600,70890,68340,13071076,7467300,0,0,0,0,0,
600015.SH,600015,20251209,93127000,69400,100,694,383,0,,,596600,4142812,69500,69400,69500,69400,69500,69600,69700,69800,69900,70000,70100,70200,70300,70400,416188,197333,422200,733500,836600,1848500,1499300,1490900,513400,531700,69400,69300,69200,69100,69000,68900,68800,68700,68600,68500,261100,480800,530300,972000,1061800,231300,505100,194300,367900,717600,70890,68340,13079876,7470700,0,0,0,0,0,
600015.SH,600015,20251209,93130000,69400,600,4167,386,0,,,597200,4146979,69500,69400,69500,69400,69500,69600,69700,69800,69900,70000,70100,70200,70300,70400,416888,197333,422200,733500,836600,1848500,1499300,1490900,513400,531700,69400,69300,69200,69100,69000,68900,68800,68700,68600,68500,263100,480800,530300,972000,1061800,231300,505100,194300,367900,717600,70890,68340,13080776,7472700,0,0,0,0,0,
600015.SH,600015,20251209,93133000,69400,22300,154924,400,0,,,619500,4301903,69500,69400,69500,69400,69500,69600,69700,69800,69900,70000,70100,70200,70300,70400,404988,198333,422200,733500,836900,1848900,1499300,1490900,518100,531700,69400,69300,69200,69100,69000,68900,68800,68700,68600,68500,276100,485200,530300,972000,1061800,231300,505100,194300,367900,717600,70890,68340,13078576,7490100,0,0,0,0,0,
600015.SH,600015,20251209,93136000,69400,18700,129934,405,0,,,638200,4431837,69500,69400,69500,69400,69500,69600,69700,69800,69900,70000,70100,70200,70300,70400,389788,198333,422200,733500,836900,1848900,1499300,1490900,518100,531700,69400,69300,69200,69100,69000,68900,68800,68700,68600,68500,273000,485200,530300,972000,1061800,231300,505100,194300,367900,717600,70890,68340,13068376,7487000,0,0,0,0,0,
600015.SH,600015,20251209,93139000,69500,1300,9029,410,0,,,639500,4440866,69500,69400,69500,69400,69500,69600,69700,69800,69900,70000,70100,70200,70300,70400,392288,199333,422200,734500,836900,1848900,1499300,1490900,524100,531700,69400,69300,69200,69100,69000,68900,68800,68700,68600,68500,289700,486700,530300,1003000,1061800,231300,505100,194300,367900,717600,70890,68350,13078876,7536200,0,0,0,0,0,
600015.SH,600015,20251209,93142000,69400,200,1388,411,0,,,639700,4442254,69500,69400,69500,69400,69500,69600,69700,69800,69900,70000,70100,70200,70300,70400,399688,199333,422200,734500,836900,1848900,1499300,1490900,524100,531700,69400,69300,69200,69100,69000,68900,68800,68700,68600,68500,289900,486700,530300,1003000,1061800,231300,505100,194300,367900,717600,70890,68350,13089876,7536400,0,0,0,0,0,
600015.SH,600015,20251209,93145000,69500,700,4865,412,0,,,640400,4447119,69500,69400,69500,69400,69500,69600,69700,69800,69900,70000,70100,70200,70300,70400,399988,209133,431300,734500,836900,1848900,1499300,1490900,524100,531700,69400,69300,69200,69100,69000,68900,68800,68700,68600,68500,290200,486700,530300,1003000,1061800,231300,505100,194300,368000,717600,70890,68350,13109076,7536800,0,0,0,0,0,
600015.SH,600015,20251209,93148000,69500,0,0,412,0,,,640400,4447119,69500,69400,69500,69400,69500,69600,69700,69800,69900,70000,70100,70200,70300,70400,384888,210733,441300,734500,836900,1849900,1499300,1490900,524100,531700,69400,69300,69200,69100,69000,68900,68800,68700,68600,68500,287700,486700,530300,1003000,1061800,231300,505100,194300,368000,717600,70890,68350,13111376,7534300,0,0,0,0,0,
600015.SH,600015,20251209,93151000,69400,2000,13880,413,0,,,642400,4460999,69500,69400,69500,69400,69500,69600,69700,69800,69900,70000,70100,70200,70300,70400,383888,210733,441300,734500,836900,1849900,1499300,1490900,524100,531700,69400,69300,69200,69100,69000,68900,68800,68700,68600,68500,288000,486700,530300,1007700,1061800,231300,505100,194300,368000,717600,70890,68350,13410376,7539300,0,0,0,0,0,
600015.SH,600015,20251209,93154000,69500,700,4864,415,0,,,643100,4465863,69500,69400,69500,69400,69500,69600,69700,69800,69900,70000,70100,70200,70300,70400,387888,210733,441300,734500,837900,1849900,1499300,1491900,524100,531700,69400,69300,69200,69100,69000,68900,68800,68700,68600,68500,296200,486700,530300,1008700,1061800,231300,505100,194300,368000,717600,70880,68350,13422476,7548500,0,0,0,0,0,
600015.SH,600015,20251209,93157000,69500,300,2084,417,0,,,643400,4467947,69500,69400,69500,69400,69500,69600,69700,69800,69900,70000,70100,70200,70300,70400,389688,210733,441300,734500,842400,1849900,1499300,1491900,524100,531700,69400,69300,69200,69100,69000,68900,68800,68700,68600,68500,306400,486700,530300,1009000,1061800,231300,505100,194300,368000,717600,70880,68350,13428776,7559000,0,0,0,0,0,
600015.SH,600015,20251209,93200000,69400,1000,6940,419,0,,,644400,4474887,69500,69400,69500,69400,69500,69600,69700,69800,69900,70000,70100,70200,70300,70400,393688,211233,441300,734500,842400,1849900,1499300,1491900,524100,532700,69400,69300,69200,69100,69000,68900,68800,68700,68600,68500,312400,486700,530300,1009000,1057800,231300,505100,194300,368000,717600,70880,68350,13434276,7561000,0,0,0,0,0,
600015.SH,600015,20251209,93203000,69500,6500,45174,423,0,,,650900,4520061,69500,69400,69500,69400,69500,69600,69700,69800,69900,70000,70100,70200,70300,70400,387288,211233,984600,734500,864400,1849900,1499300,1491900,524100,532700,69400,69300,69200,69100,69000,68900,68800,68700,68600,68500,328700,486700,535300,1009000,1067800,231300,505100,194300,368000,717600,70840,68350,13993176,7592300,0,0,0,0,0,
600015.SH,600015,20251209,93206000,69400,300,2082,426,0,,,651200,4522143,69500,69400,69500,69400,69500,69600,69700,69800,69900,70000,70100,70200,70300,70400,387788,211233,984600,734800,864400,1849900,1499300,1491900,524100,532700,69400,69300,69200,69100,69000,68900,68800,68700,68600,68500,330700,486700,565300,1009000,1067800,231300,505800,194300,368000,717600,70840,68360,13993976,7625000,0,0,0,0,0,
600015.SH,600015,20251209,93209000,69500,200,1390,427,0,,,651400,4523533,69500,69400,69500,69400,69500,69600,69700,69800,69900,70000,70100,70200,70300,70400,407588,207233,984600,734800,864400,1851500,1499300,1491900,524100,532700,69400,69300,69200,69100,69000,68900,68800,68700,68600,68500,347600,486700,565300,1009800,1070800,231300,505800,194300,368000,717600,70840,68360,14011376,7645700,0,0,0,0,0,
600015.SH,600015,20251209,93212000,69400,300,2082,429,0,,,651700,4525615,69500,69400,69500,69400,69500,69600,69700,69800,69900,70000,70100,70200,70300,70400,407588,207233,984600,734800,864400,1851500,1499300,1491900,524100,532700,69400,69300,69200,69100,69000,68900,68800,68700,68600,68500,351700,486700,565300,1009800,1070800,231300,505800,194300,368000,717600,70840,68360,13981376,7649800,0,0,0,0,0,
600015.SH,600015,20251209,93215000,69500,8200,56942,439,0,,,659900,4582557,69500,69400,69500,69400,69500,69600,69700,69800,69900,70000,70100,70200,70300,70400,412388,207233,984600,734800,864400,1851100,1499300,1491900,524100,532700,69400,69300,69200,69100,69000,68900,68800,68700,68600,68500,367800,486700,565300,1009800,1070800,232300,505800,194300,368000,717600,70840,68360,13987276,7666900,0,0,0,0,0,
600015.SH,600015,20251209,93218000,69500,5300,36834,442,0,,,665200,4619391,69500,69400,69500,69400,69500,69600,69700,69800,69900,70000,70100,70200,70300,70400,407188,207233,977800,734800,864400,1844100,1499300,1491900,524100,532700,69400,69300,69200,69100,69000,68900,68800,68700,68600,68500,370400,486700,565300,1009800,1070800,232300,505800,194300,368000,717600,70840,68360,13968276,7669500,0,0,0,0,0,
600015.SH,600015,20251209,93221000,69500,15100,104858,450,0,,,680300,4724249,69500,69400,69500,69400,69500,69600,69700,69800,69900,70000,70100,70200,70300,70400,400988,207633,977800,734800,864400,1844100,1499300,1491900,524100,532700,69400,69300,69200,69100,69000,68900,68800,68700,68600,68500,361700,486700,565300,1009800,1070900,232300,505800,194300,368000,717600,70840,68360,13963476,7662400,0,0,0,0,0,
600015.SH,600015,20251209,93224000,69400,13300,92333,454,0,,,693600,4816582,69500,69400,69500,69400,69500,69600,69700,69800,69900,70000,70100,70200,70300,70400,410088,207633,977800,745800,864400,1844100,1500900,1491900,538900,532700,69400,69300,69200,69100,69000,68900,68800,68700,68600,68500,367100,486700,565300,1009800,1070900,232300,505800,194300,368000,717600,70840,68360,14003176,7668000,0,0,0,0,0,
600015.SH,600015,20251209,93227000,69400,1700,11798,457,0,,,695300,4828380,69500,69400,69500,69400,69500,69600,69700,69800,69900,70000,70100,70200,70300,70400,410088,207633,977800,745800,864400,1844100,1500900,1491900,538900,532700,69400,69300,69200,69100,69000,68900,68800,68700,68600,68500,366100,486700,566700,1009800,1070900,232300,505800,194300,368000,717600,70840,68360,14003176,7669000,0,0,0,0,0,
600015.SH,600015,20251209,93230000,69500,18100,125727,468,0,,,713400,4954107,69500,69400,69500,69400,69500,69600,69700,69800,69900,70000,70100,70200,70300,70400,398788,207633,987100,745800,864400,1844100,1500900,1491900,538900,547500,69400,69300,69200,69100,69000,68900,68800,68700,68600,68500,350900,486700,566700,1009800,1070900,232300,505800,194300,368000,717600,70840,68360,14015976,7653200,0,0,0,0,0,
600015.SH,600015,20251209,93233000,69400,12500,86778,475,0,,,725900,5040885,69500,69400,69500,69400,69500,69600,69700,69800,69900,70000,70100,70200,70300,70400,396088,207633,987100,759300,864400,1844100,1500900,1491900,553900,547500,69400,69300,69200,69100,69000,68900,68800,68700,68600,68500,351300,487200,566700,1011800,1070900,232300,510100,194300,368000,717600,70830,68360,14042776,7660400,0,0,0,0,0,
600015.SH,600015,20251209,93236000,69400,21200,147216,479,0,,,747100,5188101,69500,69400,69500,69400,69500,69600,69700,69800,69900,70000,70100,70200,70300,70400,387288,214633,987100,759300,864400,1844100,1500900,1491900,553900,547500,69400,69300,69200,69100,69000,68900,68800,68700,68600,68500,339200,487200,566700,1011800,1070900,232300,510100,194300,368000,717600,70830,68360,14040976,7648300,0,0,0,0,0,
600015.SH,600015,20251209,93239000,69500,11900,82644,484,0,,,759000,5270745,69500,69400,69500,69400,69500,69600,69700,69800,69900,70000,70100,70200,70300,70400,380888,214633,987100,759300,864400,1844100,1500900,1491900,553900,547500,69400,69300,69200,69100,69000,68900,68800,68700,68600,68500,340700,482800,567400,1011800,1070900,232300,510100,194300,368000,717600,70840,68360,14040276,7646100,0,0,0,0,0,
600015.SH,600015,20251209,93242000,69500,9000,62545,509,0,,,768000,5333290,69500,69400,69500,69400,69500,69600,69700,69800,69900,70000,70100,70200,70300,70400,373088,214633,987100,759300,864400,1844100,1500900,1491900,553900,547500,69400,69300,69200,69100,69000,68900,68800,68700,68600,68500,348800,492800,567400,1011800,1071000,232300,510100,194300,368000,717600,70840,68360,14032476,7664300,0,0,0,0,0,
600015.SH,600015,20251209,93245000,69500,15700,109114,551,0,,,783700,5442404,69500,69400,69500,69400,69500,69600,69700,69800,69900,70000,70100,70200,70300,70400,339788,224633,987100,759300,864400,1844100,1510900,1491900,553900,547500,69400,69300,69200,69100,69000,68900,68800,68700,68600,68500,341100,492800,567400,1011800,1071000,232300,510100,194300,368000,717600,70840,68360,14020176,7656600,0,0,0,0,0,
600015.SH,600015,20251209,93248000,69400,9100,63154,556,0,,,792800,5505558,69500,69400,69500,69400,69500,69600,69700,69800,69900,70000,70100,70200,70300,70400,346288,224833,987100,759300,865100,1844100,1511000,1491900,553900,547500,69400,69300,69200,69100,69000,68900,68800,68700,68600,68500,369500,492800,567400,1011800,1071300,232300,510100,194300,368000,717600,70840,68360,14033676,7685300,0,0,0,0,0,
600015.SH,600015,20251209,93251000,69500,13400,93077,569,0,,,806200,5598635,69500,69400,69500,69400,69500,69600,69700,69800,69900,70000,70100,70200,70300,70400,345188,230133,997100,759300,865100,1844100,1511000,1491900,553900,547500,69400,69300,69200,69100,69000,68900,68800,68700,68600,68500,376400,492800,568700,1011800,1071300,232300,510100,194300,368000,717600,70840,68370,14047876,7693500,0,0,0,0,0,
600015.SH,600015,20251209,93254000,69500,41900,291202,592,0,,,848100,5889837,69500,69400,69500,69400,69500,69600,69700,69800,69900,70000,70100,70200,70300,70400,303388,230133,997100,759300,865100,1872500,1511000,1491900,553900,547500,69400,69300,69200,69100,69000,68900,68800,68700,68600,68500,406600,492800,568700,1011800,1071300,232300,510100,194300,368000,717600,70840,68370,14034476,7723700,0,0,0,0,0,
600015.SH,600015,20251209,93257000,69500,15600,108415,623,0,,,863700,5998252,69500,69400,69500,69400,69500,69600,69700,69800,69900,70000,70100,70200,70300,70400,304288,230833,997100,759300,865100,1872500,1511000,1496900,553900,547500,69400,69300,69200,69100,69000,68900,68800,68700,68600,68500,404800,492800,568700,1012300,1071300,232300,513700,194300,368000,719600,70840,68370,14041076,7728000,0,0,0,0,0,
600015.SH,600015,20251209,93300000,69400,9100,63203,632,0,,,872800,6061455,69500,69400,69500,69400,69500,69600,69700,69800,69900,70000,70100,70200,70300,70400,299588,230833,997100,759300,865100,1872500,1511200,1496900,553900,547500,69400,69300,69200,69100,69000,68900,68800,68700,68600,68500,403000,489800,568700,1012300,1071300,232300,513700,194300,368000,719600,70840,68370,14061076,7723200,0,0,0,0,0,
600015.SH,600015,20251209,93303000,69500,12700,88249,642,0,,,885500,6149704,69500,69400,69500,69400,69500,69600,69700,69800,69900,70000,70100,70200,70300,70400,289188,230833,997100,759300,865100,1872500,1511200,1496900,553900,547500,69400,69300,69200,69100,69000,68900,68800,68700,68600,68500,433600,489800,568700,1012300,1075400,232300,513700,194300,368000,719600,70840,68370,14051176,7757900,0,0,0,0,0,
600015.SH,600015,20251209,93306000,69500,10600,73666,658,0,,,896100,6223370,69500,69400,69500,69400,69500,69600,69700,69800,69900,70000,70100,70200,70300,70400,279888,230833,997100,759300,865100,1873000,1511200,1496900,553900,547500,69400,69300,69200,69100,69000,68900,68800,68700,68600,68500,456200,489800,568700,1012300,1075400,232300,513700,194300,368000,719600,70840,68380,14042376,7780500,0,0,0,0,0,
600015.SH,600015,20251209,93309000,69500,8800,61160,672,0,,,904900,6284530,69500,69400,69500,69400,69500,69600,69700,69800,69900,70000,70100,70200,70300,70400,283088,230833,997100,759300,865100,1873000,1511200,1498900,553900,547500,69400,69300,69200,69100,69000,68900,68800,68700,68600,68500,462800,488600,568700,1012300,1075400,232300,514500,194300,368000,719600,70840,68380,14046376,7786700,0,0,0,0,0,
600015.SH,600015,20251209,93312000,69500,50100,348190,715,0,,,955000,6632720,69500,69400,69500,69400,69500,69600,69700,69800,69900,70000,70100,70200,70300,70400,226488,229333,997100,759300,875100,1873000,1511200,1498900,553900,547500,69400,69300,69200,69100,69000,68900,68800,68700,68600,68500,446000,496000,578700,1012600,1075700,232300,514500,194300,368000,719600,70850,68380,13998276,7787900,0,0,0,0,0,
600015.SH,600015,20251209,93315000,69500,12100,84080,737,0,,,967100,6716800,69500,69400,69500,69400,69500,69600,69700,69800,69900,70000,70100,70200,70300,70400,221088,263033,997100,759300,888100,1873000,1511200,1498900,553900,547500,69400,69300,69200,69100,69000,68900,68800,68700,68600,68500,446900,509300,578700,1012600,1075700,233100,514500,194300,368000,718100,70840,68380,14043276,7801400,0,0,0,0,0,
600015.SH,600015,20251209,93318000,69400,8600,59709,740,0,,,975700,6776509,69500,69400,69500,69400,69500,69600,69700,69800,69900,70000,70100,70200,70300,70400,199388,270033,997100,759300,890100,1873000,1511200,1498900,554300,547500,69400,69300,69200,69100,69000,68900,68800,68700,68600,68500,443300,509300,578700,1012600,1076200,233100,513700,194300,368000,718100,70850,68380,14030976,7797500,0,0,0,0,0,
600015.SH,600015,20251209,93321000,69500,55300,383913,760,0,,,1031000,7160422,69500,69400,69500,69400,69500,69600,69700,69800,69900,70000,70100,70200,70300,70400,189688,270533,997100,759300,1192900,1873000,1511200,1498900,564300,547500,69400,69300,69200,69100,69000,68900,68800,68700,68600,68500,403800,509300,578700,1012600,1077000,233100,513700,194300,368000,718100,70830,68370,14334576,7760800,0,0,0,0,0,
600015.SH,600015,20251209,93324000,69400,600,4164,762,0,,,1031600,7164586,69500,69400,69500,69400,69500,69600,69700,69800,69900,70000,70100,70200,70300,70400,211688,270533,1000100,769300,1192900,1873000,1511200,1498900,564300,547500,69400,69300,69200,69100,69000,68900,68800,68700,68600,68500,408700,509300,578700,1012600,1077000,233100,513700,194300,368000,718100,70820,68370,14375776,7765700,0,0,0,0,0,
600015.SH,600015,20251209,93327000,69500,3500,24305,767,0,,,1035100,7188891,69500,69400,69500,69400,69500,69600,69700,69800,69900,70000,70100,70200,70300,70400,213188,274533,1000100,769300,1192900,1873000,1511200,1498900,564300,547500,69400,69300,69200,69100,69000,68900,68800,68700,68600,68500,406700,509300,578700,1012600,1077000,233100,513700,194300,368000,718100,70820,68370,14487776,7763700,0,0,0,0,0,
600015.SH,600015,20251209,93330000,69400,2500,17360,769,0,,,1037600,7206251,69500,69400,69500,69400,69500,69600,69700,69800,69900,70000,70100,70200,70300,70400,217188,274533,1000100,769300,1192900,1873000,1511200,1498900,564300,547500,69400,69300,69200,69100,69000,68900,68800,68700,68600,68500,405300,509300,578700,1012600,1077000,233100,513700,194300,368000,718100,70820,68370,14491776,7762600,0,0,0,0,0,
600015.SH,600015,20251209,93333000,69500,17300,120235,773,0,,,1054900,7326486,69500,69400,69500,69400,69500,69600,69700,69800,69900,70000,70100,70200,70300,70400,199888,307233,1000100,769300,1192900,1873000,1511200,1498900,564300,547500,69400,69300,69200,69100,69000,68900,68800,68700,68600,68500,410500,509300,578700,1012600,1077000,233100,513700,194300,368000,718100,70820,68370,14507576,7767800,0,0,0,0,0,
600015.SH,600015,20251209,93336000,69500,0,0,773,0,,,1054900,7326486,69500,69400,69500,69400,69500,69600,69700,69800,69900,70000,70100,70200,70300,70400,213588,307233,1000400,769400,1192900,1873000,1511200,1498900,564300,547500,69400,69300,69200,69100,69000,68900,68800,68700,68600,68500,420500,509300,558700,1012600,1077000,233100,513700,194300,368000,718100,70820,68370,14521676,7757200,0,0,0,0,0,
600015.SH,600015,20251209,93339000,69500,3300,22920,777,0,,,1058200,7349406,69500,69400,69500,69400,69500,69600,69700,69800,69900,70000,70100,70200,70300,70400,222088,307233,1002400,769400,1192900,1873000,1511200,1498900,564300,547500,69400,69300,69200,69100,69000,68900,68800,68700,68600,68500,447800,510800,558700,1012600,1077000,233100,513700,194300,368000,718100,70820,68380,14530976,7786000,0,0,0,0,0,
600015.SH,600015,20251209,93342000,69500,21100,146644,791,0,,,1079300,7496050,69500,69400,69500,69400,69500,69600,69700,69800,69900,70000,70100,70200,70300,70400,209488,307233,1002400,769400,1193400,1873000,1511200,1498900,564300,547500,69400,69300,69200,69100,69000,68900,68800,68700,68600,68500,431200,510800,558700,1012600,1077000,233100,513700,194300,368000,718100,70820,68370,14523876,7769400,0,0,0,0,0,
600015.SH,600015,20251209,93345000,69400,400,2776,792,0,,,1079700,7498826,69500,69400,69500,69400,69500,69600,69700,69800,69900,70000,70100,70200,70300,70400,209788,309233,1002400,769400,1196400,1871600,1511200,1498900,564300,547500,69400,69300,69200,69100,69000,68900,68800,68700,68600,68500,432300,510800,528700,1022600,1077000,233100,513700,194300,368000,718100,70820,68370,14529776,7750900,0,0,0,0,0,
600015.SH,600015,20251209,93348000,69400,0,0,792,0,,,1079700,7498826,69500,69400,69500,69400,69500,69600,69700,69800,69900,70000,70100,70200,70300,70400,210888,307733,1002400,769400,1206400,1871600,1511200,1498900,564300,547500,69400,69300,69200,69100,69000,68900,68800,68700,68600,68500,434700,510800,530700,1022600,1077000,233100,513700,194300,368900,718100,70820,68370,14549376,7756200,0,0,0,0,0,
600015.SH,600015,20251209,93351000,69500,49200,341514,802,0,,,1128900,7840340,69500,69400,69500,69400,69500,69600,69700,69800,69900,70000,70100,70200,70300,70400,210788,307733,1002400,769400,1210400,1871600,1511200,1498900,564300,547500,69400,69300,69200,69100,69000,68900,68800,68700,68600,68500,386100,510800,530700,1023700,1077000,233100,513700,194300,368900,718100,70820,68370,14553276,7708700,0,0,0,0,0,
600015.SH,600015,20251209,93354000,69500,2600,18070,805,0,,,1131500,7858410,69500,69400,69500,69400,69500,69600,69700,69800,69900,70000,70100,70200,70300,70400,219188,307733,1002400,769400,1210400,1871600,1511200,1498900,564300,547500,69400,69300,69200,69100,69000,68900,68800,68700,68600,68500,390100,510800,530700,1023700,1077000,233100,513700,194300,368900,718100,70820,68370,14564576,7712700,0,0,0,0,0,
600015.SH,600015,20251209,93357000,69500,0,0,805,0,,,1131500,7858410,69500,69400,69500,69400,69500,69600,69700,69800,69900,70000,70100,70200,70300,70400,241588,307733,1002400,774400,1210400,1871600,1511200,1498900,564300,547500,69400,69300,69200,69100,69000,68900,68800,68700,68600,68500,390900,510800,530700,1023700,1077000,233100,513700,194300,368900,718100,70820,68370,14591976,7713500,0,0,0,0,0,
600015.SH,600015,20251209,93400000,69400,11000,76340,806,0,,,1142500,7934750,69500,69400,69500,69400,69500,69600,69700,69800,69900,70000,70100,70200,70300,70400,243188,308333,1002700,774400,1210900,1871600,1511200,1498900,564300,547500,69400,69300,69200,69100,69000,68900,68800,68700,68600,68500,373400,510800,553700,1033700,1077000,233100,513700,194300,368900,718100,70820,68370,14594976,7729000,0,0,0,0,0,
600015.SH,600015,20251209,93403000,69500,3200,22226,808,0,,,1145700,7956976,69500,69400,69500,69400,69500,69600,69700,69800,69900,70000,70100,70200,70300,70400,242688,595033,1002700,774400,1211900,1871600,1511200,1498900,564300,547500,69400,69300,69200,69100,69000,68900,68800,68700,68600,68500,372000,510800,553700,1033700,1072500,233100,513700,194300,368900,718100,70790,68370,14882176,7723100,0,0,0,0,0,
600015.SH,600015,20251209,93406000,69400,400,2779,810,0,,,1146100,7959755,69500,69400,69500,69400,69500,69600,69700,69800,69900,70000,70100,70200,70300,70400,248788,596033,1003200,774400,1211900,1871600,1511200,1498900,564300,547500,69400,69300,69200,69100,69000,68900,68800,68700,68600,68500,371900,510800,553700,536300,1072500,233100,513700,194300,368900,718100,70790,68320,14889776,7225600,0,0,0,0,0,
600015.SH,600015,20251209,93409000,69500,300,2084,812,0,,,1146400,7961839,69500,69400,69500,69400,69500,69600,69700,69800,69900,70000,70100,70200,70300,70400,249488,595033,1003200,774400,1216900,1871600,1511200,1498900,564300,547500,69400,69300,69200,69100,69000,68900,68800,68700,68600,68500,369800,510800,553700,489500,1072500,233100,513700,194300,368900,718100,70790,68310,14898476,7176700,0,0,0,0,0,
600015.SH,600015,20251209,93412000,69500,0,0,812,0,,,1146400,7961839,69500,69400,69500,69400,69500,69600,69700,69800,69900,70000,70100,70200,70300,70400,308688,599033,1003200,774400,1216900,1871600,1520300,1498900,564300,547500,69400,69300,69200,69100,69000,68900,68800,68700,68600,68500,369800,520800,553700,489500,1072500,233100,513700,194300,368900,718100,70790,68310,14970776,7186700,0,0,0,0,0,
600015.SH,600015,20251209,93415000,69400,16400,113821,817,0,,,1162800,8075660,69500,69400,69500,69400,69500,69600,69700,69800,69900,70000,70100,70200,70300,70400,300688,599033,1003200,774400,1216900,1871600,1520300,1498900,564300,547500,69400,69300,69200,69100,69000,68900,68800,68700,68600,68500,353900,520800,555700,488400,1072400,233100,513700,194200,368900,717100,70790,68310,14962776,7170500,0,0,0,0,0,
600015.SH,600015,20251209,93418000,69400,12400,86090,823,0,,,1175200,8161750,69500,69400,69500,69400,69500,69600,69700,69800,69900,70000,70100,70200,70300,70400,297388,599033,1003200,774400,1216900,1878800,1520300,1498900,564300,547500,69400,69300,69200,69100,69000,68900,68800,68700,68600,68500,345000,520800,555700,488400,1072400,233100,513700,194200,368900,717100,70790,68310,15066676,7161600,0,0,0,0,0,
600015.SH,600015,20251209,93421000,69500,2300,15985,825,0,,,1177500,8177735,69500,69400,69500,69400,69500,69600,69700,69800,69900,70000,70100,70200,70300,70400,303488,599133,1003200,774400,1216900,1878800,1520300,1498900,564300,547500,69400,69300,69200,69100,69000,68900,68800,68700,68600,68500,346500,520800,555700,490400,1072400,233100,513700,194200,368900,717100,70790,68310,15072876,7165100,0,0,0,0,0,
600015.SH,600015,20251209,93424000,69400,14700,102018,831,0,,,1192200,8279753,69500,69400,69500,69400,69500,69600,69700,69800,69900,70000,70100,70200,70300,70400,303488,599333,1003200,774400,1216900,1880300,1520300,1498900,564300,547500,69400,69300,69200,69100,69000,68900,68800,68700,68600,68500,420500,510800,555700,491400,1072400,233100,513700,194200,368900,717100,70790,68320,15076576,7230100,0,0,0,0,0,
600015.SH,600015,20251209,93427000,69500,14000,97300,837,0,,,1206200,8377053,69500,69400,69500,69400,69500,69600,69700,69800,69900,70000,70100,70200,70300,70400,289688,599333,1003200,774400,1219900,1880300,1520300,1498900,564300,547500,69400,69300,69200,69100,69000,68900,68800,68700,68600,68500,420500,510800,553700,497200,1072400,233100,513900,194200,368900,717100,70790,68320,15065776,7234100,0,0,0,0,0,
600015.SH,600015,20251209,93430000,69500,0,0,837,0,,,1206200,8377053,69500,69400,69500,69400,69500,69600,69700,69800,69900,70000,70100,70200,70300,70400,294088,599333,1003200,774400,1219900,1880300,1520300,1498900,564300,547500,69400,69300,69200,69100,69000,68900,68800,68700,68600,68500,419800,510800,553700,497200,1072400,233100,513900,194200,368900,717100,70790,68320,15070176,7233400,0,0,0,0,0,
600015.SH,600015,20251209,93433000,69400,10000,69464,850,0,,,1216200,8446517,69500,69400,69500,69400,69500,69600,69700,69800,69900,70000,70100,70200,70300,70400,286788,592333,1003200,774400,1219900,1881200,1520300,1498900,564300,547500,69400,69300,69200,69100,69000,68900,68800,68700,68600,68500,416300,510800,553700,497200,1072700,233100,513900,194200,368900,717100,70790,68320,15056776,7230200,0,0,0,0,0,
600015.SH,600015,20251209,93436000,69500,23900,165868,866,0,,,1240100,8612385,69500,69400,69500,69400,69500,69600,69700,69800,69900,70000,70100,70200,70300,70400,272888,593833,1003200,774400,1219900,1881200,1520300,1498900,564300,547500,69400,69300,69200,69100,69000,68900,68800,68700,68600,68500,392600,510800,553700,497200,1072700,233100,513900,197200,368900,717100,70790,68320,15044876,7209500,0,0,0,0,0,
600015.SH,600015,20251209,93439000,69500,5900,41004,871,0,,,1246000,8653389,69500,69400,69500,69400,69500,69600,69700,69800,69900,70000,70100,70200,70300,70400,267188,595033,1003200,806000,1226600,1881200,1520300,1498900,564300,547500,69400,69300,69200,69100,69000,68900,68800,68700,68600,68500,394500,510800,553700,497200,1072700,233100,513900,197200,368900,717100,70790,68320,15078676,7211400,0,0,0,0,0,
600015.SH,600015,20251209,93442000,69500,0,0,871,0,,,1246000,8653389,69500,69400,69500,69400,69500,69600,69700,69800,69900,70000,70100,70200,70300,70400,269288,595033,1003200,806000,1226600,1881200,1520300,1498900,564300,547500,69400,69300,69200,69100,69000,68900,68800,68700,68600,68500,395000,510800,551700,497200,1072700,233100,513900,197200,368900,717100,70790,68320,15080776,7209900,0,0,0,0,0,
600015.SH,600015,20251209,93445000,69500,1700,11814,874,0,,,1247700,8665203,69500,69400,69500,69400,69500,69600,69700,69800,69900,70000,70100,70200,70300,70400,301488,595033,1003200,806000,1226600,1881200,1520300,1498900,564300,547500,69400,69300,69200,69100,69000,68900,68800,68700,68600,68500,394900,510800,551700,510200,1072700,232800,513900,197200,368900,717100,70790,68320,15112976,7222500,0,0,0,0,0,
600015.SH,600015,20251209,93448000,69500,800,5560,880,0,,,1248500,8670763,69500,69400,69500,69400,69500,69600,69700,69800,69900,70000,70100,70200,70300,70400,301488,595033,1003200,806000,1226600,1881200,1520300,1498900,564300,547500,69400,69300,69200,69100,69000,68900,68800,68700,68600,68500,391900,510800,551700,520200,1072700,232800,503900,197200,368900,717100,70790,68320,15117576,7219500,0,0,0,0,0,
600015.SH,600015,20251209,93451000,69500,2600,18070,888,0,,,1251100,8688833,69500,69400,69500,69400,69500,69600,69700,69800,69900,70000,70100,70200,70300,70400,349888,595033,1003200,806000,1226600,1881200,1520300,1498900,564300,547500,69400,69300,69200,69100,69000,68900,68800,68700,68600,68500,391900,510800,551700,520200,1072700,232800,503900,197200,368900,717100,70780,68320,15165976,7219500,0,0,0,0,0,
600015.SH,600015,20251209,93454000,69500,1600,11120,890,0,,,1252700,8699953,69500,69400,69500,69400,69500,69600,69700,69800,69900,70000,70100,70200,70300,70400,349988,595033,1003200,806000,1226600,1881200,1520300,1498900,564300,547500,69400,69300,69200,69100,69000,68900,68800,68700,68600,68500,392200,510800,551700,520200,1072700,232800,503900,197200,368900,717100,70790,68320,15146076,7219800,0,0,0,0,0,
600015.SH,600015,20251209,93457000,69500,6900,47905,893,0,,,1259600,8747858,69500,69400,69500,69400,69500,69600,69700,69800,69900,70000,70100,70200,70300,70400,358188,595033,1003200,806000,1226600,1881200,1520300,1498900,565700,547500,69400,69300,69200,69100,69000,68900,68800,68700,68600,68500,387300,510800,551700,520200,1062700,232800,503900,197200,368900,717100,70780,68320,15155676,7206900,0,0,0,0,0,
600015.SH,600015,20251209,93500000,69500,10200,70887,903,0,,,1269800,8818745,69500,69400,69500,69400,69500,69600,69700,69800,69900,70000,70100,70200,70300,70400,348888,595033,1003200,809000,1226600,1881200,1520300,1498900,565700,547500,69400,69300,69200,69100,69000,68900,68800,68700,68600,68500,387000,510800,551700,520200,1103500,232800,503900,197200,368900,717100,70780,68320,15149376,7247400,0,0,0,0,0,
600015.SH,600015,20251209,93503000,69400,14100,97855,907,0,,,1283900,8916600,69500,69400,69500,69400,69500,69600,69700,69800,69900,70000,70100,70200,70300,70400,369588,594033,1003200,809000,1226600,1881200,1520300,1498900,565700,547500,69400,69300,69200,69100,69000,68900,68800,68700,68600,68500,386600,510800,551700,520200,1110700,232800,503900,197200,368900,716900,70780,68320,15169076,7253700,0,0,0,0,0,
600015.SH,600015,20251209,93506000,69400,0,0,907,0,,,1283900,8916600,69500,69400,69500,69400,69500,69600,69700,69800,69900,70000,70100,70200,70300,70400,373688,604033,1003200,809000,1228400,1881200,1520300,1498900,566200,547500,69400,69300,69200,69100,69000,68900,68800,68700,68600,68500,374100,510800,561700,520200,1110700,232800,503900,197200,368900,716900,70780,68320,15185476,7251000,0,0,0,0,0,
600015.SH,600015,20251209,93509000,69400,0,0,907,0,,,1283900,8916600,69500,69400,69500,69400,69500,69600,69700,69800,69900,70000,70100,70200,70300,70400,398788,604033,1003200,809000,1228400,1881200,1520300,1498900,566200,547500,69400,69300,69200,69100,69000,68900,68800,68700,68600,68500,374900,508800,561700,520200,1110700,232800,495900,197200,368900,716900,70780,68320,15211576,7241800,0,0,0,0,0,
600015.SH,600015,20251209,93512000,69500,200,1389,909,0,,,1284100,8917989,69500,69400,69500,69400,69500,69600,69700,69800,69900,70000,70100,70200,70300,70400,404588,604033,1003200,808600,1228400,1881200,1520300,1498900,566200,547500,69400,69300,69200,69100,69000,68900,68800,68700,68600,68500,377500,508800,561700,520200,1110700,232800,495900,197200,368900,716900,70780,68320,15217076,7244400,0,0,0,0,0,
600015.SH,600015,20251209,93515000,69400,34400,238857,924,0,,,1318500,9156846,69500,69400,69500,69400,69500,69600,69700,69800,69900,70000,70100,70200,70300,70400,393488,604033,1003200,808600,1229600,1881200,1520300,1498900,566200,547500,69400,69300,69200,69100,69000,68900,68800,68700,68600,68500,355900,508800,561700,520200,1110700,232800,495900,197200,368900,716900,70780,68320,15208676,7222800,0,0,0,0,0,
600015.SH,600015,20251209,93518000,69400,76400,530226,960,0,,,1394900,9687072,69500,69400,69500,69400,69500,69600,69700,69800,69900,70000,70100,70200,70300,70400,393088,604033,1004200,808600,1230900,1881200,1520300,1501700,566200,547500,69400,69300,69200,69100,69000,68900,68800,68700,68600,68500,278100,518800,561700,520200,1110700,232800,495900,197200,368900,716900,70780,68310,15213376,7155000,0,0,0,0,0,
600015.SH,600015,20251209,93521000,69400,132500,919550,1054,0,,,1527400,10606622,69500,69400,69500,69400,69500,69600,69700,69800,69900,70000,70100,70200,70300,70400,429288,622633,1004200,811600,1230900,1881200,1520300,1501700,566200,547500,69400,69300,69200,69100,69000,68900,68800,68700,68600,68500,215300,518800,560300,520200,1110700,232800,495900,197200,368900,716900,70780,68300,15271176,7090800,0,0,0,0,0,
600015.SH,600015,20251209,93524000,69400,3800,26372,1059,0,,,1531200,10632994,69500,69400,69500,69400,69500,69600,69700,69800,69900,70000,70100,70200,70300,70400,384688,615633,1004200,811600,1230900,1881200,1520300,1501700,566200,547500,69400,69300,69200,69100,69000,68900,68800,68700,68600,68500,212100,518800,560300,520200,1124700,232800,495900,197200,368900,716900,70780,68300,15226576,7102100,0,0,0,0,0,
600015.SH,600015,20251209,93527000,69400,232300,1612107,1197,0,,,1763500,12245101,69500,69300,69500,69400,69400,69500,69600,69700,69800,69900,70000,70100,70200,70300,285600,383588,615633,1004200,811600,1230900,1881200,1520300,1501700,566200,69300,69200,69100,69000,68900,68800,68700,68600,68500,68400,513300,560400,520200,1124700,232800,495900,197200,368900,716900,169200,70750,68260,15507076,6884600,0,0,0,0,0,
600015.SH,600015,20251209,93530000,69400,11600,80476,1208,0,,,1775100,12325577,69500,69300,69500,69400,69400,69500,69600,69700,69800,69900,70000,70100,70200,70300,35400,373688,615633,1004200,811600,1230900,1881200,1520300,1501700,566200,69300,69200,69100,69000,68900,68800,68700,68600,68500,68400,621500,560400,520200,1124700,232800,495900,197200,368900,716900,169200,70780,68280,15246976,6994800,0,0,0,0,0,
600015.SH,600015,20251209,93533000,69400,5500,38169,1211,0,,,1780600,12363746,69500,69300,69500,69400,69400,69500,69600,69700,69800,69900,70000,70100,70200,70300,40600,370888,675633,1004200,811600,1230900,1881200,1520300,1501700,566200,69300,69200,69100,69000,68900,68800,68700,68600,68500,68400,621800,560400,520200,1124700,232800,495900,197200,368900,716900,169200,70770,68280,15309476,6993100,0,0,0,0,0,
600015.SH,600015,20251209,93536000,69400,4300,29841,1214,0,,,1784900,12393587,69500,69300,69500,69400,69400,69500,69600,69700,69800,69900,70000,70100,70200,70300,100800,370388,675633,1004200,811600,1233900,1881200,1520300,1501700,566200,69300,69200,69100,69000,68900,68800,68700,68600,68500,68400,621700,560400,520200,1127700,232800,495900,197200,368900,716900,169200,70770,68280,15372176,6996000,0,0,0,0,0,
600015.SH,600015,20251209,93539000,69400,0,0,1214,0,,,1784900,12393587,69500,69300,69500,69400,69400,69500,69600,69700,69800,69900,70000,70100,70200,70300,102800,377388,675633,1004200,811600,1233900,1881200,1520300,1501700,566200,69300,69200,69100,69000,68900,68800,68700,68600,68500,68400,621900,560400,521500,1127700,232800,495900,197200,368900,716900,169200,70770,68280,15382176,6997500,0,0,0,0,0,
600015.SH,600015,20251209,93542000,69400,60200,417788,1272,0,,,1845100,12811375,69500,69300,69500,69400,69400,69500,69600,69700,69800,69900,70000,70100,70200,70300,46800,377388,675633,1004200,811600,1233900,1881200,1520300,1501700,566200,69300,69200,69100,69000,68900,68800,68700,68600,68500,68400,613600,560400,521500,1127700,232800,495900,197200,368900,720300,169200,70770,68280,15327176,6992600,0,0,0,0,0,
600015.SH,600015,20251209,93545000,69400,5900,40946,1275,0,,,1851000,12852321,69500,69300,69500,69400,69400,69500,69600,69700,69800,69900,70000,70100,70200,70300,43800,438388,676133,1004200,811600,1233900,1881200,1520300,1501700,566200,69300,69200,69100,69000,68900,68800,68700,68600,68500,68400,613600,560400,521900,1127700,232800,495900,197200,368900,720300,169200,70770,68280,15388476,6993000,0,0,0,0,0,
600015.SH,600015,20251209,93548000,69400,0,0,1275,0,,,1851000,12852321,69500,69300,69500,69400,69400,69500,69600,69700,69800,69900,70000,70100,70200,70300,124000,438388,675633,1004200,811600,1233900,1881200,1520300,1511700,566200,69300,69200,69100,69000,68900,68800,68700,68600,68500,68400,615000,560400,531900,1127700,232800,495900,197200,368900,720300,169200,70760,68280,15478676,7004400,0,0,0,0,0,
600015.SH,600015,20251209,93551000,69400,0,0,1275,0,,,1851000,12852321,69500,69300,69500,69400,69400,69500,69600,69700,69800,69900,70000,70100,70200,70300,255300,446388,675633,1004700,811600,1233900,1881200,1520300,1511700,566200,69300,69200,69100,69000,68900,68800,68700,68600,68500,68400,615800,561900,531900,1127700,232800,495900,197200,377900,720300,169200,70750,68280,15615576,7015700,0,0,0,0,0,
600015.SH,600015,20251209,93554000,69300,2900,20097,1276,0,,,1853900,12872418,69500,69300,69500,69400,69400,69500,69600,69700,69800,69900,70000,70100,70200,70300,265200,446388,716033,1004700,811600,1233900,1881200,1520300,1511700,566200,69300,69200,69100,69000,68900,68800,68700,68600,68500,68400,613900,561900,532400,1127700,232800,495900,197200,377900,720300,169200,70740,68280,15665876,7014300,0,0,0,0,0,
600015.SH,600015,20251209,93557000,69400,4000,27760,1279,0,,,1857900,12900178,69500,69300,69500,69400,69400,69500,69600,69700,69800,69900,70000,70100,70200,70300,215400,453588,716033,1004700,811600,1233900,1881200,1520300,1511700,566200,69300,69200,69100,69000,68900,68800,68700,68600,68500,68400,1204500,561900,533400,1127700,232800,495900,197200,377900,720300,169200,70750,68360,15623276,7605900,0,0,0,0,0,
600015.SH,600015,20251209,93600000,69400,0,0,1279,0,,,1857900,12900178,69500,69300,69500,69400,69400,69500,69600,69700,69800,69900,70000,70100,70200,70300,216200,494988,716033,1004700,811600,1233900,1881200,1520300,1511700,566200,69300,69200,69100,69000,68900,68800,68700,68600,68500,68400,1219800,561900,533400,1127800,232800,495900,197200,377900,720300,169200,70740,68360,15665476,7621300,0,0,0,0,0,
600015.SH,600015,20251209,93603000,69400,100,694,1280,0,,,1858000,12900872,69500,69300,69500,69400,69400,69500,69600,69700,69800,69900,70000,70100,70200,70300,220200,494988,717433,1004700,811600,1233900,1881200,1520300,1511700,566200,69300,69200,69100,69000,68900,68800,68700,68600,68500,68400,1221000,561900,533400,1127800,232800,495900,197200,377900,720300,169200,70740,68360,15670876,7622500,0,0,0,0,0,
600015.SH,600015,20251209,93606000,69400,0,0,1280,0,,,1858000,12900872,69500,69300,69500,69400,69400,69500,69600,69700,69800,69900,70000,70100,70200,70300,214700,495088,717433,1004700,813000,1233900,1881200,1520300,1511700,566200,69300,69200,69100,69000,68900,68800,68700,68600,68500,68400,1222900,564100,538400,1127800,232800,495900,197200,377900,720300,169200,70740,68360,15666876,7631600,0,0,0,0,0,
600015.SH,600015,20251209,93609000,69300,2300,15941,1284,0,,,1860300,12916813,69500,69300,69500,69400,69400,69500,69600,69700,69800,69900,70000,70100,70200,70300,214500,478688,717433,1004700,813000,1233900,1881200,1523100,1511700,566200,69300,69200,69100,69000,68900,68800,68700,68600,68500,68400,1222100,564200,538400,1127800,232800,495900,197200,377900,720300,169200,70740,68360,15682276,7630900,0,0,0,0,0,
600015.SH,600015,20251209,93612000,69300,0,0,1284,0,,,1860300,12916813,69500,69300,69500,69400,69400,69500,69600,69700,69800,69900,70000,70100,70200,70300,217500,494288,717433,1004700,813000,1233900,1881200,1523100,1511700,566200,69300,69200,69100,69000,68900,68800,68700,68600,68500,68400,1227100,564200,538400,1137800,232800,495900,197200,377900,720300,169200,70740,68360,15700876,7665900,0,0,0,0,0,
600015.SH,600015,20251209,93615000,69400,12200,84616,1290,0,,,1872500,13001429,69500,69300,69500,69400,69400,69500,69600,69700,69800,69900,70000,70100,70200,70300,216600,494288,757833,1004700,813000,1233900,1881200,1523100,1511700,566200,69300,69200,69100,69000,68900,68800,68700,68600,68500,68400,1229100,564200,546400,1138800,232800,495900,197200,377900,720300,169200,70740,68360,15740376,7676900,0,0,0,0,0,
600015.SH,600015,20251209,93618000,69300,9000,62439,1297,0,,,1881500,13063868,69500,69300,69500,69400,69400,69500,69600,69700,69800,69900,70000,70100,70200,70300,207400,494288,757833,1004700,813000,1233900,1881200,1523100,1511700,566200,69300,69200,69100,69000,68900,68800,68700,68600,68500,68400,1228100,564200,546400,1140800,232800,495900,197200,377900,720300,169200,70740,68360,15731176,7677900,0,0,0,0,0,
600015.SH,600015,20251209,93621000,69400,4100,28454,1298,0,,,1885600,13092322,69500,69300,69500,69400,69400,69500,69600,69700,69800,69900,70000,70100,70200,70300,227000,504288,757833,1004700,813000,1233900,1881200,1523100,1511700,566200,69300,69200,69100,69000,68900,68800,68700,68600,68500,68400,1228100,564200,546400,1140800,232800,495900,197200,377900,720300,169200,70740,68360,15760776,7677900,0,0,0,0,0,
600015.SH,600015,20251209,93624000,69400,0,0,1298,0,,,1885600,13092322,69500,69300,69500,69400,69400,69500,69600,69700,69800,69900,70000,70100,70200,70300,227000,504288,760833,1004700,813000,1233900,1882200,1523100,1511700,566200,69300,69200,69100,69000,68900,68800,68700,68600,68500,68400,1235800,564200,546400,1140800,232800,495900,197200,377900,720800,169200,70740,68360,15764776,7686100,0,0,0,0,0,
600015.SH,600015,20251209,93627000,69300,4000,27720,1299,0,,,1889600,13120042,69500,69300,69500,69400,69400,69500,69600,69700,69800,69900,70000,70100,70200,70300,228358,504288,741100,1004700,819000,1239400,1882200,1523100,1512700,566200,69300,69200,69100,69000,68900,68800,68700,68600,68500,68400,1232300,535600,546400,1140800,234300,495900,197200,377900,720800,169200,70740,68360,15759001,7655500,0,0,0,0,0,
600015.SH,600015,20251209,93630000,69300,0,0,1299,0,,,1889600,13120042,69500,69300,69500,69400,69400,69500,69600,69700,69800,69900,70000,70100,70200,70300,238958,504288,741100,1005700,819000,1239400,1882200,1523100,1512700,566200,69300,69200,69100,69000,68900,68800,68700,68600,68500,68400,1232300,535600,516400,1140800,234300,495900,197200,377900,720800,169200,70740,68360,15770601,7625500,0,0,0,0,0,
600015.SH,600015,20251209,93633000,69300,0,0,1299,0,,,1889600,13120042,69500,69300,69500,69400,69400,69500,69600,69700,69800,69900,70000,70100,70200,70300,239858,505288,741100,1005700,819000,1239400,1882200,1523100,1512700,566200,69300,69200,69100,69000,68900,68800,68700,68600,68500,68400,1233100,535600,516400,1142200,234300,498200,197200,377900,720800,169200,70740,68360,15785801,7630000,0,0,0,0,0,
600015.SH,600015,20251209,93636000,69300,2000,13860,1300,0,,,1891600,13133902,69500,69300,69500,69400,69400,69500,69600,69700,69800,69900,70000,70100,70200,70300,239958,505288,741100,1012000,819000,1239200,1880600,1523100,1512700,566200,69300,69200,69100,69000,68900,68800,68700,68600,68500,68400,1217900,535600,516400,1151800,234300,498200,197200,377900,720800,169200,70740,68360,15790401,7624400,0,0,0,0,0,
600015.SH,600015,20251209,93639000,69400,2800,19432,1311,0,,,1894400,13153334,69500,69300,69500,69400,69400,69500,69600,69700,69800,69900,70000,70100,70200,70300,237358,505288,741100,1012000,819000,1239200,1880600,1523100,1512700,566200,69300,69200,69100,69000,68900,68800,68700,68600,68500,68400,1219200,535600,516400,1151800,234300,498200,197200,377900,720800,169200,70740,68360,15790301,7625700,0,0,0,0,0,
600015.SH,600015,20251209,93642000,69400,600,4164,1312,0,,,1895000,13157498,69500,69300,69500,69400,69400,69500,69600,69700,69800,69900,70000,70100,70200,70300,238358,505288,741300,1012000,819000,1241200,1881600,1523100,1512700,566200,69300,69200,69100,69000,68900,68800,68700,68600,68500,68400,1219200,535400,516400,1151800,234300,498200,197200,377900,720800,169200,70740,68360,15795501,7625500,0,0,0,0,0,
600015.SH,600015,20251209,93645000,69400,600,4164,1313,0,,,1895600,13161662,69500,69300,69500,69400,69400,69500,69600,69700,69800,69900,70000,70100,70200,70300,252058,510288,741300,1017600,819000,1241200,1881600,1523100,1512700,566200,69300,69200,69100,69000,68900,68800,68700,68600,68500,68400,1259100,535400,523400,1151800,234300,498200,197200,377900,720800,169200,70740,68360,15819801,7673400,0,0,0,0,0,
600015.SH,600015,20251209,93648000,69400,1900,13186,1314,0,,,1897500,13174848,69500,69300,69500,69400,69400,69500,69600,69700,69800,69900,70000,70100,70200,70300,251558,512988,741300,1017600,819000,1241200,1881600,1523100,1512700,567200,69300,69200,69100,69000,68900,68800,68700,68600,68500,68400,1264800,535400,523400,1151800,234300,498200,197200,379900,720800,169200,70740,68360,15823001,7681700,0,0,0,0,0,
600015.SH,600015,20251209,93651000,69400,4300,29842,1315,0,,,1901800,13204690,69500,69300,69500,69400,69400,69500,69600,69700,69800,69900,70000,70100,70200,70300,247258,512988,741300,1017600,819000,1241200,1881600,1523100,1512700,567200,69300,69200,69100,69000,68900,68800,68700,68600,68500,68400,1264800,535400,523400,1151800,234300,498200,197200,379900,720800,169200,70740,68360,15818701,7681700,0,0,0,0,0,
600015.SH,600015,20251209,93654000,69400,10100,70094,1331,0,,,1911900,13274784,69500,69300,69500,69400,69400,69500,69600,69700,69800,69900,70000,70100,70200,70300,235958,518488,751300,1017600,819000,1241200,1881600,1523100,1512700,567200,69300,69200,69100,69000,68900,68800,68700,68600,68500,68400,1265200,515400,523400,1156800,234300,498200,197200,379900,720800,169200,70740,68360,15823901,7667100,0,0,0,0,0,
600015.SH,600015,20251209,93657000,69300,1200,8326,1336,0,,,1913100,13283110,69500,69300,69500,69400,69400,69500,69600,69700,69800,69900,70000,70100,70200,70300,233258,518488,753300,1017600,819000,1241200,1881600,1523100,1512700,567200,69300,69200,69100,69000,68900,68800,68700,68600,68500,68400,1278400,515400,523400,1156800,234300,498200,197200,379900,720800,169200,70740,68360,15823201,7700300,0,0,0,0,0,
600015.SH,600015,20251209,93700000,69300,0,0,1336,0,,,1913100,13283110,69500,69300,69500,69400,69400,69500,69600,69700,69800,69900,70000,70100,70200,70300,310391,522488,756700,1017600,825000,1241200,1881600,1523100,1512700,567400,69300,69200,69100,69000,68900,68800,68700,68600,68500,68400,1234000,508800,529400,1156800,234300,498200,197200,379900,720800,171200,70730,68350,15914434,7657300,0,0,0,0,0,
600015.SH,600015,20251209,93703000,69300,0,0,1336,0,,,1913100,13283110,69500,69300,69500,69400,69400,69500,69600,69700,69800,69900,70000,70100,70200,70300,374891,522488,762700,1017600,825000,1241200,1881600,1523100,1512700,567400,69300,69200,69100,69000,68900,68800,68700,68600,68500,68400,1172300,508800,529400,1156800,254300,498200,198700,379900,720800,171200,70730,68350,15984934,7615100,0,0,0,0,0,
600015.SH,600015,20251209,93706000,69300,52000,360360,1355,0,,,1965100,13643470,69500,69300,69500,69400,69400,69500,69600,69700,69800,69900,70000,70100,70200,70300,443291,499888,762700,1017600,825000,1241200,1881600,1523100,1512700,567400,69300,69200,69100,69000,68900,68800,68700,68600,68500,68400,1120800,508800,529400,1156800,254300,498200,198700,379900,720800,171200,70720,68340,16030734,7563600,0,0,0,0,0,
600015.SH,600015,20251209,93709000,69300,0,0,1355,0,,,1965100,13643470,69500,69300,69500,69400,69400,69500,69600,69700,69800,69900,70000,70100,70200,70300,465591,492888,762700,1017600,825000,1241200,1881600,1523100,1512700,567400,69300,69200,69100,69000,68900,68800,68700,68600,68500,68400,1127300,509800,530100,1156800,254300,498200,198700,379900,720800,171200,70720,68340,16045934,7571800,0,0,0,0,0,
600015.SH,600015,20251209,93712000,69400,200,1388,1356,0,,,1965300,13644858,69500,69300,69500,69400,69400,69500,69600,69700,69800,69900,70000,70100,70200,70300,462891,492888,762700,1023600,825000,1241200,1881600,1523100,1512700,567400,69300,69200,69100,69000,68900,68800,68700,68600,68500,68400,1127300,509800,530100,1156800,254300,498200,198700,379900,720800,171200,70720,68340,16050234,7573800,0,0,0,0,0,
600015.SH,600015,20251209,93715000,69400,17200,119204,1361,0,,,1982500,13764062,69500,69300,69500,69400,69400,69500,69600,69700,69800,69900,70000,70100,70200,70300,462091,492888,770700,1023600,825000,1241200,1881600,1523100,1512700,567400,69300,69200,69100,69000,68900,68800,68700,68600,68500,68400,1114400,509800,530100,1156800,254300,498200,198700,379900,720800,171200,70720,68340,16057434,7563200,0,0,0,0,0,
600015.SH,600015,20251209,93718000,69400,2000,13880,1362,0,,,1984500,13777942,69500,69300,69500,69400,69400,69500,69600,69700,69800,69900,70000,70100,70200,70300,465091,492888,770700,1031600,825000,1240400,1881600,1523100,1512700,567400,69300,69200,69100,69000,68900,68800,68700,68600,68500,68400,1114400,509900,530100,1156800,254300,498200,198700,379900,720800,171200,70720,68340,16067634,7563300,0,0,0,0,0,
600015.SH,600015,20251209,93722000,69400,100,694,1363,0,,,1984600,13778636,69500,69300,69500,69400,69400,69500,69600,69700,69800,69900,70000,70100,70200,70300,465191,487188,776300,1031600,807200,1240400,1881600,1523100,1512700,567400,69300,69200,69100,69000,68900,68800,68700,68600,68500,68400,1114400,509900,530100,1156800,254300,498200,198700,370900,720800,171200,70720,68340,16047234,7554300,0,0,0,0,0,
600015.SH,600015,20251209,93724000,69400,0,0,1363,0,,,1984600,13778636,69500,69300,69500,69400,69400,69500,69600,69700,69800,69900,70000,70100,70200,70300,444958,487188,776300,1031600,807200,1240400,1881600,1523100,1512700,567400,69300,69200,69100,69000,68900,68800,68700,68600,68500,68400,1114500,509900,530100,1156800,254300,498200,198700,370900,720800,171200,70720,68340,16029001,7556400,0,0,0,0,0,
600015.SH,600015,20251209,93727000,69400,0,0,1363,0,,,1984600,13778636,69500,69300,69500,69400,69400,69500,69600,69700,69800,69900,70000,70100,70200,70300,446358,487188,776300,1031600,807200,1246400,1881600,1523100,1512700,567400,69300,69200,69100,69000,68900,68800,68700,68600,68500,68400,1126800,509900,530100,1156800,254300,498200,198700,370900,720800,171200,70720,68340,16036401,7568700,0,0,0,0,0,
600015.SH,600015,20251209,93730000,69300,27800,192682,1374,0,,,2012400,13971318,69500,69300,69500,69400,69400,69500,69600,69700,69800,69900,70000,70100,70200,70300,474758,487188,776300,1031600,812200,1246400,1881600,1523100,1512700,567400,69300,69200,69100,69000,68900,68800,68700,68600,68500,68400,1103500,516700,541600,1156800,254300,498200,198700,370900,720800,171200,70720,68340,16069801,7563700,0,0,0,0,0,
600015.SH,600015,20251209,93733000,69400,200,1387,1376,0,,,2012600,13972705,69500,69300,69500,69400,69400,69500,69600,69700,69800,69900,70000,70100,70200,70300,476958,487188,776300,1031600,812200,1249000,1881600,1523100,1512700,567400,69300,69200,69100,69000,68900,68800,68700,68600,68500,68400,1103400,516700,541600,1156800,254300,498200,198700,370900,720800,171200,70720,68340,16074601,7563600,0,0,0,0,0,
