万得代码,交易所代码,自然日,时间,委托编号,交易所委托号,委托类型,委托代码,委托价格,委托数量,
600015.SH,600015,20251209,91400020,0,0,S,I,0,0,
600015.SH,600015,20251209,91500400,0,2588,A,S,70500,900,
600015.SH,600015,20251209,91500430,0,3187,A,S,76000,200,
600015.SH,600015,20251209,91500520,0,3599,A,S,69800,15000,
600015.SH,600015,20251209,91500520,0,3625,A,S,71700,1600,
600015.SH,600015,20251209,91500610,0,3772,A,S,73000,1800,
600015.SH,600015,20251209,91500610,0,3778,A,S,74400,1800,
600015.SH,600015,20251209,91500610,0,3781,A,S,75700,1800,
600015.SH,600015,20251209,91500610,0,3786,A,B,64800,1800,
600015.SH,600015,20251209,91500680,0,3860,A,S,70700,1000,
600015.SH,600015,20251209,91500710,0,3985,A,S,70600,100,
600015.SH,600015,20251209,91500710,0,3992,A,S,72200,1800,
600015.SH,600015,20251209,91500710,0,3993,A,S,73500,1800,
600015.SH,600015,20251209,91500710,0,4000,A,S,74800,1800,
600015.SH,600015,20251209,91500710,0,4001,A,S,76100,1800,
600015.SH,600015,20251209,91500710,0,4002,A,B,64000,1800,
600015.SH,600015,20251209,91500710,0,4094,A,S,71900,1000,
600015.SH,600015,20251209,91500710,0,4263,A,S,69600,12000,
600015.SH,600015,20251209,91500710,0,4264,A,S,69700,12000,
600015.SH,600015,20251209,91500710,0,4265,A,S,69800,12000,
600015.SH,600015,20251209,91500710,0,4266,A,S,69900,12000,
600015.SH,600015,20251209,91500710,0,4267,A,S,70000,12000,
600015.SH,600015,20251209,91500710,0,4268,A,S,70100,12000,
600015.SH,600015,20251209,91500710,0,4269,A,S,70200,12000,
600015.SH,600015,20251209,91500730,0,4288,A,S,70300,12000,
600015.SH,600015,20251209,91500730,0,4289,A,S,70400,12000,
600015.SH,600015,20251209,91500730,0,4313,A,S,70500,12000,
600015.SH,600015,20251209,91500730,0,4337,A,S,70600,12000,
600015.SH,600015,20251209,91500730,0,4358,A,S,70700,12000,
600015.SH,600015,20251209,91500730,0,4376,A,S,70800,12000,
600015.SH,600015,20251209,91500730,0,4393,A,S,70900,15000,
600015.SH,600015,20251209,91500730,0,4413,A,S,71000,15000,
600015.SH,600015,20251209,91500730,0,4500,A,B,68900,300,
600015.SH,600015,20251209,91500730,0,4510,A,B,68000,1000,
600015.SH,600015,20251209,91500730,0,4624,A,B,68600,500,
600015.SH,600015,20251209,91500730,0,4660,A,B,69200,500,
600015.SH,600015,20251209,91500770,0,4902,A,S,69900,5000,
600015.SH,600015,20251209,91500770,0,4924,A,S,70100,5000,
600015.SH,600015,20251209,91500770,0,4948,A,S,69300,5000,
600015.SH,600015,20251209,91500770,0,4951,A,S,71700,2400,
600015.SH,600015,20251209,91500850,0,5256,A,S,70100,10000,
600015.SH,600015,20251209,91500970,0,5672,A,B,69000,5500,
600015.SH,600015,20251209,91500970,0,5684,A,S,70500,1000,
600015.SH,600015,20251209,91501000,0,5693,A,B,68800,8000,
600015.SH,600015,20251209,91501000,0,5709,A,S,71000,1000,
600015.SH,600015,20251209,91501000,0,5712,A,B,68500,1000,
600015.SH,600015,20251209,91501070,0,6621,A,B,68000,2000,
600015.SH,600015,20251209,91501070,0,6680,A,S,70500,2000,
600015.SH,600015,20251209,91501120,0,6872,A,S,71300,1000,
600015.SH,600015,20251209,91501180,0,6994,A,S,70600,800,
600015.SH,600015,20251209,91501200,0,7166,A,B,68800,3000,
600015.SH,600015,20251209,91501200,0,7214,A,B,69500,500,
600015.SH,600015,20251209,91501240,0,7577,A,S,72100,30000,
600015.SH,600015,20251209,91501240,0,7874,A,B,68900,1000,
600015.SH,600015,20251209,91501240,0,7992,A,S,76300,5000,
600015.SH,600015,20251209,91501380,0,8254,A,S,70000,500,
600015.SH,600015,20251209,91501380,0,8255,A,S,71000,500,
600015.SH,600015,20251209,91501400,0,8395,A,B,68300,7200,
600015.SH,600015,20251209,91501400,0,8503,A,S,72500,500,
600015.SH,600015,20251209,91501400,0,8508,A,S,70400,1000,
600015.SH,600015,20251209,91501400,0,8515,A,S,70500,1000,
600015.SH,600015,20251209,91501400,0,8523,A,S,75000,500,
600015.SH,600015,20251209,91501400,0,8526,A,S,70800,1000,
600015.SH,600015,20251209,91501400,0,8540,A,S,71400,1000,
600015.SH,600015,20251209,91501400,0,8558,A,B,65000,500,
600015.SH,600015,20251209,91501420,0,8799,A,S,70700,400,
600015.SH,600015,20251209,91501420,0,8800,A,S,72100,1000,
600015.SH,600015,20251209,91501420,0,8801,A,S,73100,3000,
600015.SH,600015,20251209,91501420,0,8853,A,B,69000,8100,
600015.SH,600015,20251209,91501420,0,8870,A,S,70000,500,
600015.SH,600015,20251209,91501420,0,8961,A,B,68000,300,
600015.SH,600015,20251209,91501420,0,9168,A,B,68500,900,
600015.SH,600015,20251209,91501420,0,9255,A,B,63200,100,
600015.SH,600015,20251209,91501460,0,9419,A,S,69800,3000,
600015.SH,600015,20251209,91501460,0,9489,A,S,76200,100,
600015.SH,600015,20251209,91501460,0,9681,A,S,71900,1000,
600015.SH,600015,20251209,91501460,0,10001,A,B,68500,1000,
600015.SH,600015,20251209,91501460,0,10155,A,S,69900,1000,
600015.SH,600015,20251209,91501460,0,10165,A,S,70400,1000,
600015.SH,600015,20251209,91501460,0,10172,A,S,70600,1000,
600015.SH,600015,20251209,91501460,0,10173,A,S,70800,1000,
600015.SH,600015,20251209,91501460,0,10179,A,S,71000,1000,
600015.SH,600015,20251209,91501460,0,10194,A,S,70200,1000,
600015.SH,600015,20251209,91501460,0,10202,A,B,68700,1000,
600015.SH,600015,20251209,91501460,0,10322,A,S,71300,500,
600015.SH,600015,20251209,91501460,0,10465,A,S,74400,2000,
600015.SH,600015,20251209,91501460,0,10493,A,S,74000,2000,
600015.SH,600015,20251209,91501540,0,10580,A,B,64500,100,
600015.SH,600015,20251209,91501540,0,10581,A,B,67000,100,
600015.SH,600015,20251209,91501540,0,10584,A,B,68400,100,
600015.SH,600015,20251209,91501540,0,10613,A,S,73500,1500,
600015.SH,600015,20251209,91501540,0,10618,A,S,71500,16700,
600015.SH,600015,20251209,91501540,0,10730,A,B,64000,100,
600015.SH,600015,20251209,91501540,0,10731,A,B,66500,100,
600015.SH,600015,20251209,91501540,0,10764,A,S,69900,5000,
600015.SH,600015,20251209,91501540,0,10770,A,B,68000,500,
600015.SH,600015,20251209,91501640,0,11085,A,B,69200,5000,
600015.SH,600015,20251209,91501640,0,11086,A,B,69100,5100,
600015.SH,600015,20251209,91501710,0,11636,A,S,70200,1400,
600015.SH,600015,20251209,91501710,0,11648,A,S,71500,1300,
600015.SH,600015,20251209,91501710,0,11784,A,S,71700,500,
600015.SH,600015,20251209,91501710,0,11804,A,B,67800,1500,
600015.SH,600015,20251209,91501710,0,11826,A,S,72100,1000,
600015.SH,600015,20251209,91501710,0,11827,A,S,74100,1000,
600015.SH,600015,20251209,91501710,0,11829,A,S,76100,1000,
600015.SH,600015,20251209,91501740,0,12169,A,B,68600,20000,
600015.SH,600015,20251209,91501770,0,12401,A,S,71800,900,
600015.SH,600015,20251209,91501770,0,12843,A,S,76300,1300,
600015.SH,600015,20251209,91501770,0,12844,A,S,74800,1000,
600015.SH,600015,20251209,91501800,0,12929,A,S,74400,700,
600015.SH,600015,20251209,91501800,0,12962,A,S,70100,800,
600015.SH,600015,20251209,91501800,0,13006,A,S,70000,3000,
600015.SH,600015,20251209,91501800,0,13007,A,S,70500,3000,
600015.SH,600015,20251209,91501800,0,13018,A,S,76200,400,
600015.SH,600015,20251209,91501800,0,13019,A,S,70000,3000,
600015.SH,600015,20251209,91501800,0,13207,A,B,63000,50000,
600015.SH,600015,20251209,91501800,0,13400,A,B,68000,2000,
600015.SH,600015,20251209,91501800,0,13560,A,B,69000,500,
600015.SH,600015,20251209,91501800,0,13561,A,B,68600,16400,
600015.SH,600015,20251209,91501800,0,13631,A,B,68900,3000,
600015.SH,600015,20251209,91501860,0,13672,A,S,69900,700,
600015.SH,600015,20251209,91501860,0,14020,A,S,70000,2300,
600015.SH,600015,20251209,91501860,0,14031,A,S,70700,2300,
600015.SH,600015,20251209,91501860,0,14038,A,S,71400,2300,
600015.SH,600015,20251209,91501860,0,14046,A,S,72100,2300,
600015.SH,600015,20251209,91501860,0,14053,A,S,72800,2400,
600015.SH,600015,20251209,91501860,0,14218,A,S,74000,1300,
600015.SH,600015,20251209,91501860,0,14283,A,S,76300,50000,
600015.SH,600015,20251209,91501860,0,14335,A,S,70000,1000,
600015.SH,600015,20251209,91501860,0,14373,A,B,63500,100,
600015.SH,600015,20251209,91501860,0,14383,A,B,66000,100,
600015.SH,600015,20251209,91501860,0,14395,A,B,68200,100,
600015.SH,600015,20251209,91501860,0,14444,A,S,70200,188400,
600015.SH,600015,20251209,91501860,0,14678,A,S,71900,2000,
600015.SH,600015,20251209,91501860,0,14718,A,S,70300,20000,
600015.SH,600015,20251209,91501860,0,14722,A,S,70300,25000,
600015.SH,600015,20251209,91501860,0,14738,A,S,70300,19000,
600015.SH,600015,20251209,91501860,0,14746,A,S,70300,17000,
600015.SH,600015,20251209,91501860,0,14753,A,B,69200,3000,
600015.SH,600015,20251209,91501860,0,14756,A,S,70300,13000,
600015.SH,600015,20251209,91501860,0,14780,A,S,76300,800,
600015.SH,600015,20251209,91501860,0,14785,A,S,70400,17000,
600015.SH,600015,20251209,91501860,0,14809,A,S,70400,16000,
600015.SH,600015,20251209,91501860,0,14812,A,S,70400,18000,
600015.SH,600015,20251209,91501860,0,14826,A,S,70400,10800,
600015.SH,600015,20251209,91501860,0,14836,A,S,74800,300,
600015.SH,600015,20251209,91501860,0,14839,A,S,70400,28000,
600015.SH,600015,20251209,91501860,0,14859,A,S,70400,19000,
600015.SH,600015,20251209,91501860,0,14869,A,S,73000,200,
600015.SH,600015,20251209,91501860,0,14887,A,S,70500,23000,
600015.SH,600015,20251209,91501860,0,14932,A,S,70500,19000,
600015.SH,600015,20251209,91501860,0,14971,A,S,70500,11000,
600015.SH,600015,20251209,91501860,0,15157,A,S,72000,200,
600015.SH,600015,20251209,91501860,0,15184,A,S,69900,2000,
600015.SH,600015,20251209,91501860,0,15195,A,S,70100,2000,
600015.SH,600015,20251209,91501860,0,15207,A,S,70300,2000,
600015.SH,600015,20251209,91501860,0,15221,A,S,70500,2000,
600015.SH,600015,20251209,91501860,0,15235,A,S,70700,2000,
600015.SH,600015,20251209,91501860,0,15251,A,S,70900,2000,
600015.SH,600015,20251209,91501860,0,15271,A,S,71100,2000,
600015.SH,600015,20251209,91501860,0,15290,A,S,71300,2000,
600015.SH,600015,20251209,91501860,0,15299,A,S,71500,2000,
600015.SH,600015,20251209,91501860,0,15306,A,S,71700,2000,
600015.SH,600015,20251209,91501860,0,15314,A,B,68900,2000,
600015.SH,600015,20251209,91501860,0,15322,A,B,68700,2000,
600015.SH,600015,20251209,91501860,0,15328,A,B,68500,2000,
600015.SH,600015,20251209,91501860,0,15334,A,B,68300,2000,
600015.SH,600015,20251209,91501860,0,15341,A,B,68700,400,
600015.SH,600015,20251209,91501860,0,15342,A,B,67000,200,
600015.SH,600015,20251209,91501980,0,15540,A,B,68500,200,
600015.SH,600015,20251209,91501980,0,15608,A,B,67500,200,
600015.SH,600015,20251209,91501980,0,15661,A,S,71500,3000,
600015.SH,600015,20251209,91501980,0,16260,A,B,68600,8900,
600015.SH,600015,20251209,91501980,0,16376,A,S,70000,3000,
600015.SH,600015,20251209,91501980,0,16517,A,B,69300,1000,
600015.SH,600015,20251209,91501980,0,16573,A,S,70900,3000,
600015.SH,600015,20251209,91501980,0,16646,A,S,75700,10000,
600015.SH,600015,20251209,91501980,0,17092,A,S,72000,1500,
600015.SH,600015,20251209,91501980,0,17113,A,S,73000,1000,
600015.SH,600015,20251209,91501980,0,17186,A,B,68300,1000,
600015.SH,600015,20251209,91501980,0,17325,A,B,68300,1000,
600015.SH,600015,20251209,91502090,0,18827,A,S,69800,2500,
600015.SH,600015,20251209,91502190,0,18976,A,B,67600,1000,
600015.SH,600015,20251209,91502190,0,19073,A,S,70000,1500,
600015.SH,600015,20251209,91502190,0,19103,A,S,70500,1500,
600015.SH,600015,20251209,91502190,0,19274,A,S,69700,11100,
600015.SH,600015,20251209,91502190,0,19276,A,S,69800,11100,
600015.SH,600015,20251209,91502190,0,19279,A,B,68800,10000,
600015.SH,600015,20251209,91502190,0,19282,A,B,68700,10000,
600015.SH,600015,20251209,91502190,0,19289,A,B,68600,10000,
600015.SH,600015,20251209,91502190,0,19295,A,B,68500,10000,
600015.SH,600015,20251209,91502190,0,19302,A,B,68400,10000,
600015.SH,600015,20251209,91502190,0,19354,A,S,76300,1300,
600015.SH,600015,20251209,91502190,0,19500,A,B,62800,3000,
600015.SH,600015,20251209,91502190,0,19501,A,B,62800,3000,
600015.SH,600015,20251209,91502190,0,19657,A,S,76000,2000,
600015.SH,600015,20251209,91502190,0,19659,A,B,63900,700,
600015.SH,600015,20251209,91502190,0,19667,A,S,73700,1000,
600015.SH,600015,20251209,91502190,0,19676,A,S,76000,2000,
600015.SH,600015,20251209,91502190,0,19684,A,S,73700,1000,
600015.SH,600015,20251209,91502190,0,20049,A,B,68600,5000,
600015.SH,600015,20251209,91502190,0,20075,A,S,70000,500,
600015.SH,600015,20251209,91502190,0,20113,A,S,69600,11200,
600015.SH,600015,20251209,91502190,0,20211,A,S,70200,500,
600015.SH,600015,20251209,91502190,0,20422,A,S,72900,2800,
600015.SH,600015,20251209,91502200,0,20483,A,B,67000,10000,
600015.SH,600015,20251209,91502200,0,20666,A,S,76000,100,
600015.SH,600015,20251209,91502320,0,20934,A,S,69900,1000,
600015.SH,600015,20251209,91502320,0,20939,A,S,70100,1000,
600015.SH,600015,20251209,91502320,0,20943,A,S,69700,9000,
600015.SH,600015,20251209,91502320,0,21026,A,S,69800,9000,
600015.SH,600015,20251209,91502320,0,21103,A,S,70000,9000,
600015.SH,600015,20251209,91502320,0,21259,A,S,70400,7200,
600015.SH,600015,20251209,91502320,0,21284,A,S,70300,8900,
600015.SH,600015,20251209,91502320,0,21373,A,S,70500,8900,
600015.SH,600015,20251209,91502320,0,21440,A,B,68700,1500,
600015.SH,600015,20251209,91502320,0,21481,A,B,68600,9200,
600015.SH,600015,20251209,91502320,0,21509,A,B,69000,10000,
600015.SH,600015,20251209,91502320,0,21668,A,B,68000,400,
600015.SH,600015,20251209,91502390,0,21978,A,S,69700,20000,
600015.SH,600015,20251209,91502390,0,22666,A,B,68300,79800,
600015.SH,600015,20251209,91502390,0,22670,A,B,68200,69900,
600015.SH,600015,20251209,91502390,0,22782,A,B,69400,100,
600015.SH,600015,20251209,91502390,0,23197,A,S,70000,5700,
600015.SH,600015,20251209,91502390,0,23218,A,S,70000,17700,
600015.SH,600015,20251209,91502480,0,23397,A,S,73400,800,
600015.SH,600015,20251209,91502480,0,23651,A,S,70400,1600,
600015.SH,600015,20251209,91502480,0,23704,A,S,71400,2600,
600015.SH,600015,20251209,91502480,0,23735,A,S,72400,3600,
600015.SH,600015,20251209,91502480,0,23791,A,S,72700,5500,
600015.SH,600015,20251209,91502480,0,24178,A,S,70200,7300,
600015.SH,600015,20251209,91502480,0,24335,A,S,70500,6000,
600015.SH,600015,20251209,91502480,0,24365,A,S,70400,2600,
600015.SH,600015,20251209,91502480,0,24530,A,B,68300,10000,
600015.SH,600015,20251209,91502480,0,24571,A,S,69900,300,
600015.SH,600015,20251209,91502480,0,24639,A,S,71800,2200,
600015.SH,600015,20251209,91502580,0,25040,A,S,70400,10000,
600015.SH,600015,20251209,91502580,0,25044,A,S,69400,300,
600015.SH,600015,20251209,91502580,0,25216,A,S,70000,100,
600015.SH,600015,20251209,91502580,0,25927,A,B,71500,400,
600015.SH,600015,20251209,91502580,0,25957,A,B,69200,5000,
600015.SH,600015,20251209,91502590,0,26265,A,S,76300,2500,
600015.SH,600015,20251209,91502590,0,26279,A,S,74700,1600,
600015.SH,600015,20251209,91502590,0,26434,A,S,72600,1800,
600015.SH,600015,20251209,91502590,0,26440,A,S,73900,1800,
600015.SH,600015,20251209,91502590,0,26447,A,S,75200,1800,
600015.SH,600015,20251209,91502590,0,26452,A,B,65200,1800,
600015.SH,600015,20251209,91502590,0,26459,A,B,64400,1800,
600015.SH,600015,20251209,91502590,0,26688,A,S,70300,1000,
600015.SH,600015,20251209,91502590,0,26699,A,S,69900,1000,
600015.SH,600015,20251209,91502710,0,26882,A,B,66900,20000,
600015.SH,600015,20251209,91502710,0,27290,A,S,70000,10000,
600015.SH,600015,20251209,91502710,0,27384,A,S,70900,200,
600015.SH,600015,20251209,91502710,0,27404,A,S,71500,200,
600015.SH,600015,20251209,91502710,0,27645,A,S,71700,500,
600015.SH,600015,20251209,91502710,0,27690,A,S,69700,100,
600015.SH,600015,20251209,91502710,0,28066,A,B,69000,1500,
600015.SH,600015,20251209,91502710,0,28079,A,B,68900,1500,
600015.SH,600015,20251209,91502710,0,28093,A,S,72000,1000,
600015.SH,600015,20251209,91502710,0,28094,A,S,76300,1000,
600015.SH,600015,20251209,91502710,0,28097,A,B,68800,1500,
600015.SH,600015,20251209,91502710,0,28308,A,B,69000,4500,
600015.SH,600015,20251209,91502710,0,28339,A,S,69600,3500,
600015.SH,600015,20251209,91502710,0,28409,A,S,70000,3000,
600015.SH,600015,20251209,91502710,0,28634,A,S,71900,500,
600015.SH,600015,20251209,91502710,0,28635,A,S,70900,500,
600015.SH,600015,20251209,91502710,0,28690,A,S,70200,3000,
600015.SH,600015,20251209,91502710,0,28771,A,B,67000,8300,
600015.SH,600015,20251209,91502710,0,28772,A,B,66000,8500,
600015.SH,600015,20251209,91502710,0,28791,A,B,65100,8600,
600015.SH,600015,20251209,91502710,0,28807,A,S,76200,200,
600015.SH,600015,20251209,91502840,0,28953,A,S,70500,100000,
600015.SH,600015,20251209,91502840,0,28962,A,B,68000,2000,
600015.SH,600015,20251209,91502840,0,29085,A,B,68300,100000,
600015.SH,600015,20251209,91502840,0,29404,A,B,68600,200,
600015.SH,600015,20251209,91502840,0,29415,A,B,69000,100,
600015.SH,600015,20251209,91502840,0,29574,A,B,62500,100,
600015.SH,600015,20251209,91502840,0,29578,A,B,65000,100,
600015.SH,600015,20251209,91502840,0,29582,A,B,67500,100,
600015.SH,600015,20251209,91502840,0,29588,A,S,74200,800,
600015.SH,600015,20251209,91502840,0,29589,A,B,68800,800,
600015.SH,600015,20251209,91502840,0,29664,A,S,70500,4000,
600015.SH,600015,20251209,91502840,0,29672,A,S,74000,200,
600015.SH,600015,20251209,91502840,0,29694,A,S,70500,4000,
600015.SH,600015,20251209,91502840,0,29979,A,S,73700,200,
600015.SH,600015,20251209,91502840,0,29980,A,S,75800,200,
600015.SH,600015,20251209,91502840,0,29981,A,S,76300,400,
600015.SH,600015,20251209,91502840,0,30016,A,S,69800,1500,
600015.SH,600015,20251209,91502840,0,30017,A,S,70000,1500,
600015.SH,600015,20251209,91502840,0,30020,A,S,70300,1500,
600015.SH,600015,20251209,91502840,0,30021,A,S,70500,1500,
600015.SH,600015,20251209,91502840,0,30024,A,S,70800,1500,
600015.SH,600015,20251209,91502840,0,30025,A,S,71000,1500,
600015.SH,600015,20251209,91502840,0,30060,A,S,69800,5000,
600015.SH,600015,20251209,91502840,0,30078,A,B,67000,100,
600015.SH,600015,20251209,91502840,0,30079,A,B,65500,100,
600015.SH,600015,20251209,91502840,0,30080,A,B,64400,300,
600015.SH,600015,20251209,91502840,0,30086,A,B,62500,300,
600015.SH,600015,20251209,91502840,0,30098,A,S,73800,1900,
600015.SH,600015,20251209,91502840,0,30167,A,S,69700,100,
600015.SH,600015,20251209,91502840,0,30168,A,S,69800,100,
600015.SH,600015,20251209,91502840,0,30169,A,S,69900,100,
600015.SH,600015,20251209,91502840,0,30174,A,S,70000,100,
600015.SH,600015,20251209,91502840,0,30175,A,S,70100,100,
600015.SH,600015,20251209,91502840,0,30182,A,S,70200,100,
600015.SH,600015,20251209,91502840,0,30183,A,S,70300,100,
600015.SH,600015,20251209,91502840,0,30184,A,S,70400,100,
600015.SH,600015,20251209,91502840,0,30185,A,B,68500,100,
600015.SH,600015,20251209,91502840,0,30194,A,B,68400,100,
600015.SH,600015,20251209,91502840,0,30196,A,S,70500,3000,
600015.SH,600015,20251209,91502840,0,30200,A,B,68300,100,
600015.SH,600015,20251209,91502840,0,30208,A,B,68200,100,
600015.SH,600015,20251209,91502840,0,30217,A,S,75800,200,
600015.SH,600015,20251209,91502840,0,30263,A,B,69200,500,
600015.SH,600015,20251209,91502840,0,30271,A,S,70000,7000,
600015.SH,600015,20251209,91502840,0,30330,A,B,68900,10000,
600015.SH,600015,20251209,91502840,0,30354,A,S,69600,2000,
600015.SH,600015,20251209,91502840,0,30384,A,S,71000,15200,
600015.SH,600015,20251209,91502840,0,30418,A,S,69800,4000,
600015.SH,600015,20251209,91502840,0,30420,A,B,68300,1500,
600015.SH,600015,20251209,91502840,0,30425,A,B,68100,1500,
600015.SH,600015,20251209,91502840,0,30506,A,S,70500,1500,
600015.SH,600015,20251209,91502840,0,30659,A,S,69700,500,
600015.SH,600015,20251209,91502990,0,30920,A,B,68500,2000,
600015.SH,600015,20251209,91502990,0,30995,A,B,68200,1000,
600015.SH,600015,20251209,91502990,0,31056,A,S,72800,3500,
600015.SH,600015,20251209,91502990,0,31258,A,S,76100,300,
600015.SH,600015,20251209,91502990,0,31310,A,S,70500,1000,
600015.SH,600015,20251209,91502990,0,31325,A,S,71000,1000,
600015.SH,600015,20251209,91502990,0,31435,A,S,73500,200,
600015.SH,600015,20251209,91502990,0,31576,A,B,68600,5600,
600015.SH,600015,20251209,91502990,0,31636,A,B,69000,1000,
600015.SH,600015,20251209,91502990,0,31721,A,B,69000,1000,
600015.SH,600015,20251209,91502990,0,31865,A,B,69100,1000,
600015.SH,600015,20251209,91502990,0,31909,A,S,70800,2000,
600015.SH,600015,20251209,91502990,0,32033,A,S,70300,1000,
600015.SH,600015,20251209,91502990,0,32039,A,B,66800,200,
600015.SH,600015,20251209,91502990,0,32046,A,S,71000,1000,
600015.SH,600015,20251209,91502990,0,32230,A,S,69800,1000,
600015.SH,600015,20251209,91502990,0,32236,A,B,68600,2000,
600015.SH,600015,20251209,91502990,0,32251,A,S,70100,1000,
600015.SH,600015,20251209,91502990,0,32271,A,S,70300,1000,
600015.SH,600015,20251209,91502990,0,32286,A,S,70500,1000,
600015.SH,600015,20251209,91502990,0,32301,A,S,70900,1000,
600015.SH,600015,20251209,91502990,0,32435,A,S,70500,5200,
600015.SH,600015,20251209,91503120,0,32852,A,B,69200,9000,
600015.SH,600015,20251209,91503120,0,32922,A,S,70100,2000,
600015.SH,600015,20251209,91503120,0,33029,A,S,69900,800,
600015.SH,600015,20251209,91503120,0,33030,A,S,70400,800,
600015.SH,600015,20251209,91503120,0,33033,A,S,70800,800,
600015.SH,600015,20251209,91503120,0,33034,A,S,71200,900,
600015.SH,600015,20251209,91503120,0,33035,A,S,71600,900,
600015.SH,600015,20251209,91503120,0,33198,A,S,70100,1000,
600015.SH,600015,20251209,91503120,0,33217,A,B,68400,600,
600015.SH,600015,20251209,91503120,0,33448,A,S,70100,500,
600015.SH,600015,20251209,91503120,0,33464,A,S,70300,800,
600015.SH,600015,20251209,91503120,0,33465,A,S,70500,1000,
600015.SH,600015,20251209,91503120,0,33477,A,B,69100,2000,
600015.SH,600015,20251209,91503120,0,33478,A,B,68900,2500,
600015.SH,600015,20251209,91503120,0,34081,A,S,69900,20000,
600015.SH,600015,20251209,91503120,0,34254,A,B,63400,400,
600015.SH,600015,20251209,91503120,0,34325,A,S,70500,17500,
600015.SH,600015,20251209,91503120,0,34433,A,S,76000,300,
600015.SH,600015,20251209,91503120,0,34436,A,S,69900,5400,
600015.SH,600015,20251209,91503120,0,34458,A,B,62500,300,
600015.SH,600015,20251209,91503120,0,34485,A,S,70000,1000,
600015.SH,600015,20251209,91503120,0,34488,A,S,70700,1000,
600015.SH,600015,20251209,91503120,0,34492,A,S,75200,1000,
600015.SH,600015,20251209,91503260,0,34755,A,S,69900,2000,
600015.SH,600015,20251209,91503260,0,34758,A,S,70900,1000,
600015.SH,600015,20251209,91503260,0,34759,A,S,71900,1000,
600015.SH,600015,20251209,91503260,0,34760,A,S,72900,1000,
600015.SH,600015,20251209,91503260,0,34761,A,S,73900,1000,
600015.SH,600015,20251209,91503260,0,34762,A,S,74900,1000,
600015.SH,600015,20251209,91503260,0,34763,A,S,75900,1000,
600015.SH,600015,20251209,91503260,0,34764,A,B,67400,2000,
600015.SH,600015,20251209,91503260,0,34765,A,B,66400,2000,
600015.SH,600015,20251209,91503260,0,35121,A,B,68300,2000,
600015.SH,600015,20251209,91503260,0,35174,A,S,70100,2000,
600015.SH,600015,20251209,91503260,0,35208,A,B,69000,2000,
600015.SH,600015,20251209,91503260,0,35209,A,B,69100,5000,
600015.SH,600015,20251209,91503260,0,35233,A,B,68700,2000,
600015.SH,600015,20251209,91503260,0,35444,A,S,76300,200,
600015.SH,600015,20251209,91503260,0,35607,A,S,69900,900,
600015.SH,600015,20251209,91503260,0,35608,A,S,70100,900,
600015.SH,600015,20251209,91503260,0,35609,A,S,70300,900,
600015.SH,600015,20251209,91503260,0,35610,A,S,70600,900,
600015.SH,600015,20251209,91503260,0,35615,A,S,70800,900,
600015.SH,600015,20251209,91503260,0,35616,A,S,71000,900,
600015.SH,600015,20251209,91503260,0,35617,A,S,71200,900,
600015.SH,600015,20251209,91503260,0,35618,A,S,71400,900,
600015.SH,600015,20251209,91503260,0,35619,A,S,71600,900,
600015.SH,600015,20251209,91503260,0,35851,A,S,69600,2900,
600015.SH,600015,20251209,91503260,0,35896,A,S,70200,2800,
600015.SH,600015,20251209,91503260,0,36218,A,S,69900,9000,
600015.SH,600015,20251209,91503260,0,36277,A,S,71400,3500,
600015.SH,600015,20251209,91503260,0,36291,A,S,71700,3500,
600015.SH,600015,20251209,91503260,0,36305,A,S,72500,4100,
600015.SH,600015,20251209,91503260,0,36324,A,S,72900,4100,
600015.SH,600015,20251209,91503260,0,36339,A,S,73200,4100,
600015.SH,600015,20251209,91503260,0,36349,A,S,73600,4100,
600015.SH,600015,20251209,91503260,0,36366,A,S,74100,4100,
600015.SH,600015,20251209,91503260,0,36382,A,S,74600,4100,
600015.SH,600015,20251209,91503260,0,36413,A,S,75000,4100,
600015.SH,600015,20251209,91503260,0,36417,A,B,69000,200,
600015.SH,600015,20251209,91503260,0,36432,A,S,75400,4100,
600015.SH,600015,20251209,91503260,0,36433,A,B,68800,5000,
600015.SH,600015,20251209,91503260,0,36450,A,S,75900,4100,
600015.SH,600015,20251209,91503260,0,36467,A,S,76300,4100,
600015.SH,600015,20251209,91503260,0,36502,A,B,63200,100,
600015.SH,600015,20251209,91503260,0,36633,A,B,68600,1000,
600015.SH,600015,20251209,91503390,0,36878,A,S,70300,10000,
600015.SH,600015,20251209,91503390,0,37007,A,B,68300,1500,
600015.SH,600015,20251209,91503390,0,37241,A,S,70300,4700,
600015.SH,600015,20251209,91503390,0,37351,A,S,70300,500,
600015.SH,600015,20251209,91503390,0,37651,A,B,67100,1000,
600015.SH,600015,20251209,91503390,0,37668,A,S,72800,1000,
600015.SH,600015,20251209,91503390,0,37673,A,S,71300,200,
600015.SH,600015,20251209,91503390,0,37700,A,B,63300,100,
600015.SH,600015,20251209,91503390,0,37835,A,B,68200,1000,
600015.SH,600015,20251209,91503390,0,37913,A,S,71500,4000,
600015.SH,600015,20251209,91503390,0,37954,A,S,76000,1500,
600015.SH,600015,20251209,91503390,0,38077,A,S,70000,3000,
600015.SH,600015,20251209,91503390,0,38222,A,B,69100,2000,
600015.SH,600015,20251209,91503390,0,38225,A,S,70900,2200,
600015.SH,600015,20251209,91503390,0,38529,A,S,70600,400,
600015.SH,600015,20251209,91503390,0,38594,A,S,69800,7400,
600015.SH,600015,20251209,91503390,0,38598,A,S,69800,7300,
600015.SH,600015,20251209,91503550,0,38727,A,S,69700,900,
600015.SH,600015,20251209,91503550,0,38730,A,S,69800,900,
600015.SH,600015,20251209,91503550,0,38734,A,S,70000,900,
600015.SH,600015,20251209,91503550,0,38737,A,S,70200,900,
600015.SH,600015,20251209,91503550,0,38739,A,S,70400,900,
600015.SH,600015,20251209,91503550,0,38742,A,S,70500,900,
600015.SH,600015,20251209,91503550,0,38746,A,S,70700,900,
600015.SH,600015,20251209,91503550,0,38749,A,S,70900,900,
600015.SH,600015,20251209,91503550,0,38756,A,S,71100,900,
600015.SH,600015,20251209,91503550,0,38760,A,S,71300,900,
600015.SH,600015,20251209,91503550,0,38762,A,S,71500,900,
600015.SH,600015,20251209,91503550,0,38887,A,S,74800,300,
600015.SH,600015,20251209,91503550,0,38924,A,B,68600,500,
600015.SH,600015,20251209,91503550,0,38928,A,B,69000,3300,
600015.SH,600015,20251209,91503550,0,39051,A,S,70300,500,
600015.SH,600015,20251209,91503550,0,39054,A,S,69800,1000,
600015.SH,600015,20251209,91503550,0,39172,A,S,69900,4900,
600015.SH,600015,20251209,91503550,0,39186,A,S,70100,6100,
600015.SH,600015,20251209,91503550,0,39192,A,S,70300,7500,
600015.SH,600015,20251209,91503550,0,39415,A,S,69600,9000,
600015.SH,600015,20251209,91503550,0,39492,A,B,68700,8700,
600015.SH,600015,20251209,91503550,0,39502,A,S,70400,8900,
600015.SH,600015,20251209,91503550,0,39512,A,B,68200,9200,
600015.SH,600015,20251209,91503550,0,39514,A,B,68400,9200,
600015.SH,600015,20251209,91503550,0,39536,A,B,68300,9300,
600015.SH,600015,20251209,91503550,0,39880,A,S,70500,3000,
600015.SH,600015,20251209,91503550,0,40062,A,S,70200,30000,
600015.SH,600015,20251209,91503550,0,40063,A,S,71000,29100,
600015.SH,600015,20251209,91503550,0,40178,A,B,69100,30000,
600015.SH,600015,20251209,91503550,0,40599,A,B,68500,5000,
600015.SH,600015,20251209,91503550,0,40600,A,S,70200,10000,
600015.SH,600015,20251209,91503680,0,41481,A,S,74000,200,
600015.SH,600015,20251209,91503680,0,41489,A,S,71100,700,
600015.SH,600015,20251209,91503680,0,41871,A,B,68700,2000,
600015.SH,600015,20251209,91503680,0,41980,A,B,68900,10000,
600015.SH,600015,20251209,91503680,0,41981,A,B,68700,10000,
600015.SH,600015,20251209,91503680,0,42076,A,S,76300,500,
600015.SH,600015,20251209,91503680,0,42242,A,S,71600,1800,
600015.SH,600015,20251209,91503680,0,42292,A,B,68600,3000,
600015.SH,600015,20251209,91503810,0,42670,A,S,70900,1000,
600015.SH,600015,20251209,91503810,0,42876,A,S,69900,1000,
600015.SH,600015,20251209,91503810,0,42896,A,S,72400,2400,
600015.SH,600015,20251209,91503810,0,42969,A,S,71900,1000,
600015.SH,600015,20251209,91503810,0,42970,A,S,72900,1000,
600015.SH,600015,20251209,91503810,0,42971,A,S,73900,1000,
600015.SH,600015,20251209,91503810,0,42972,A,S,74900,1000,
600015.SH,600015,20251209,91503810,0,43074,A,B,66500,100,
600015.SH,600015,20251209,91503810,0,43218,A,B,68700,200,
600015.SH,600015,20251209,91503810,0,43223,A,S,70500,400,
600015.SH,600015,20251209,91503810,0,43318,A,B,68500,600,
600015.SH,600015,20251209,91503810,0,43430,A,S,70500,20400,
600015.SH,600015,20251209,91503810,0,43432,A,S,76300,2600,
600015.SH,600015,20251209,91503810,0,43638,A,S,69500,500,
600015.SH,600015,20251209,91503810,0,43645,A,S,70500,100000,
600015.SH,600015,20251209,91503810,0,43827,A,S,69600,600,
600015.SH,600015,20251209,91503810,0,43828,A,S,69700,600,
600015.SH,600015,20251209,91503920,0,44072,A,S,74500,13500,
600015.SH,600015,20251209,91503920,0,44259,A,S,71000,4900,
600015.SH,600015,20251209,91503920,0,44531,A,S,70400,5500,
600015.SH,600015,20251209,91503920,0,44570,A,S,70200,5500,
600015.SH,600015,20251209,91503920,0,44571,A,B,68600,5500,
600015.SH,600015,20251209,91503920,0,44572,A,B,69200,5500,
600015.SH,600015,20251209,91503920,0,44609,A,B,68800,5500,
600015.SH,600015,20251209,91503920,0,44610,A,B,69000,5500,
600015.SH,600015,20251209,91503920,0,44656,A,S,69700,700,
600015.SH,600015,20251209,91503920,0,45002,A,B,68700,4000,
600015.SH,600015,20251209,91503920,0,45036,A,S,70500,10000,
600015.SH,600015,20251209,91503920,0,45068,A,S,70300,1000,
600015.SH,600015,20251209,91503920,0,45090,A,B,69000,3000,
600015.SH,600015,20251209,91503920,0,45091,A,B,68300,3000,
600015.SH,600015,20251209,91503920,0,45097,A,S,70400,3000,
600015.SH,600015,20251209,91503920,0,45127,A,S,70000,3000,
600015.SH,600015,20251209,91503920,0,45132,A,S,70600,1000,
600015.SH,600015,20251209,91503920,0,45135,A,S,70700,1000,
600015.SH,600015,20251209,91503920,0,45136,A,S,70900,1000,
600015.SH,600015,20251209,91503920,0,45173,A,S,73700,1600,
600015.SH,600015,20251209,91503920,0,45370,A,B,68900,7300,
600015.SH,600015,20251209,91503920,0,45373,A,S,70300,7200,
600015.SH,600015,20251209,91503920,0,45676,A,S,69800,5000,
600015.SH,600015,20251209,91503920,0,45677,A,S,69900,5000,
600015.SH,600015,20251209,91503920,0,45683,A,B,66800,400,
600015.SH,600015,20251209,91503920,0,45684,A,S,71300,300,
600015.SH,600015,20251209,91503920,0,45685,A,S,72700,300,
600015.SH,600015,20251209,91503920,0,45686,A,S,73700,300,
600015.SH,600015,20251209,91503920,0,45687,A,S,74700,300,
600015.SH,600015,20251209,91503920,0,45688,A,S,75700,300,
600015.SH,600015,20251209,91503920,0,45689,A,S,76300,300,
600015.SH,600015,20251209,91503920,0,45691,A,S,70000,5000,
600015.SH,600015,20251209,91503920,0,45692,A,S,70100,5000,
600015.SH,600015,20251209,91503920,0,45702,A,S,72600,10000,
600015.SH,600015,20251209,91503920,0,45704,A,S,73600,10000,
600015.SH,600015,20251209,91503920,0,45705,A,S,74600,10000,
600015.SH,600015,20251209,91503920,0,45709,A,S,70200,5000,
600015.SH,600015,20251209,91503920,0,45722,A,S,70300,5000,
600015.SH,600015,20251209,91503920,0,45730,A,S,70400,5000,
600015.SH,600015,20251209,91503920,0,45747,A,S,70000,1000,
600015.SH,600015,20251209,91503920,0,45748,A,B,69000,1000,
600015.SH,600015,20251209,91503920,0,45757,A,S,70500,5000,
600015.SH,600015,20251209,91503920,0,45761,A,S,70600,5000,
600015.SH,600015,20251209,91503920,0,45762,A,S,70700,5000,
600015.SH,600015,20251209,91503920,0,45775,A,S,70800,5000,
600015.SH,600015,20251209,91503920,0,45779,A,S,70900,5000,
600015.SH,600015,20251209,91503920,0,45780,A,S,71000,5000,
600015.SH,600015,20251209,91503920,0,45783,A,S,71100,5000,
600015.SH,600015,20251209,91503920,0,45798,A,S,71200,5000,
600015.SH,600015,20251209,91503920,0,45804,A,S,71300,5000,
600015.SH,600015,20251209,91503920,0,45810,A,S,71400,5000,
600015.SH,600015,20251209,91503920,0,45813,A,S,71500,5000,
600015.SH,600015,20251209,91503920,0,45818,A,S,71600,5000,
600015.SH,600015,20251209,91503920,0,45827,A,S,71700,5000,
600015.SH,600015,20251209,91503920,0,45831,A,S,71800,5000,
600015.SH,600015,20251209,91503920,0,45838,A,S,71900,5000,
600015.SH,600015,20251209,91503920,0,45842,A,S,72000,5000,
600015.SH,600015,20251209,91503920,0,45864,A,B,69200,5000,
600015.SH,600015,20251209,91503920,0,45869,A,B,69100,5000,
600015.SH,600015,20251209,91503920,0,45871,A,B,69000,5000,
600015.SH,600015,20251209,91503920,0,45877,A,B,68900,5000,
600015.SH,600015,20251209,91503920,0,45881,A,B,68800,5000,
600015.SH,600015,20251209,91503920,0,45887,A,B,68700,5000,
600015.SH,600015,20251209,91503920,0,45890,A,B,68600,5000,
600015.SH,600015,20251209,91503920,0,45897,A,B,68500,5000,
600015.SH,600015,20251209,91503920,0,45900,A,B,68400,5000,
600015.SH,600015,20251209,91504060,0,45908,A,B,68300,5000,
600015.SH,600015,20251209,91504060,0,45910,A,B,68200,5000,
600015.SH,600015,20251209,91504060,0,45913,A,B,68100,5000,
600015.SH,600015,20251209,91504060,0,45944,A,B,68000,5000,
600015.SH,600015,20251209,91504060,0,46162,A,B,68000,100,
600015.SH,600015,20251209,91504060,0,46172,A,S,70600,100,
600015.SH,600015,20251209,91504060,0,46185,A,S,71200,100,
600015.SH,600015,20251209,91504060,0,46319,A,S,70500,2000,
600015.SH,600015,20251209,91504060,0,46528,A,S,70200,4500,
600015.SH,600015,20251209,91504060,0,46904,A,S,69900,1800,
600015.SH,600015,20251209,91504060,0,46911,A,S,70400,2000,
600015.SH,600015,20251209,91504060,0,46916,A,S,70900,2100,
600015.SH,600015,20251209,91504060,0,46918,A,S,71400,2200,
600015.SH,600015,20251209,91504060,0,46925,A,B,68600,1000,
600015.SH,600015,20251209,91504060,0,46926,A,B,68300,1000,
600015.SH,600015,20251209,91504060,0,46927,A,B,68100,1000,
600015.SH,600015,20251209,91504060,0,46934,A,S,76000,200,
600015.SH,600015,20251209,91504060,0,46944,A,B,68000,1100,
600015.SH,600015,20251209,91504060,0,46947,A,B,67800,1100,
600015.SH,600015,20251209,91504060,0,46948,A,B,67600,2000,
600015.SH,600015,20251209,91504060,0,46949,A,B,67300,1100,
600015.SH,600015,20251209,91504060,0,46951,A,B,67500,2000,
600015.SH,600015,20251209,91504060,0,46976,A,B,67100,2100,
600015.SH,600015,20251209,91504060,0,47143,A,B,68200,10000,
600015.SH,600015,20251209,91504060,0,47266,A,B,68100,10000,
600015.SH,600015,20251209,91504060,0,47272,A,B,68000,10000,
600015.SH,600015,20251209,91504060,0,47275,A,B,68500,10000,
600015.SH,600015,20251209,91504060,0,47278,A,B,68300,10000,
600015.SH,600015,20251209,91504060,0,47283,A,S,72500,10000,
600015.SH,600015,20251209,91504060,0,47287,A,S,72600,10000,
600015.SH,600015,20251209,91504060,0,47499,A,S,76300,100,
600015.SH,600015,20251209,91504060,0,47516,A,B,68000,100,
600015.SH,600015,20251209,91504060,0,47630,A,B,68800,10000,
600015.SH,600015,20251209,91504060,0,47633,A,B,68800,10000,
600015.SH,600015,20251209,91504060,0,47634,A,B,68800,10000,
600015.SH,600015,20251209,91504060,0,47635,A,B,68800,10000,
600015.SH,600015,20251209,91504060,0,47656,A,B,68900,10000,
600015.SH,600015,20251209,91504060,0,47674,A,S,73900,2100,
600015.SH,600015,20251209,91504190,0,47936,A,S,71600,400,
600015.SH,600015,20251209,91504190,0,48080,A,B,68500,1000,
600015.SH,600015,20251209,91504190,0,48081,A,B,69000,1000,
600015.SH,600015,20251209,91504190,0,48087,A,B,68900,5000,
600015.SH,600015,20251209,91504190,0,48134,A,S,75200,500,
600015.SH,600015,20251209,91504190,0,48147,A,B,69000,1500,
600015.SH,600015,20251209,91504190,0,48162,A,B,68800,5000,
600015.SH,600015,20251209,91504190,0,48163,A,S,71200,500,
600015.SH,600015,20251209,91504190,0,48236,A,S,70500,800,
600015.SH,600015,20251209,91504190,0,48380,A,S,75600,10000,
600015.SH,600015,20251209,91504190,0,48381,A,S,76300,20000,
600015.SH,600015,20251209,91504190,0,48421,A,S,75300,100,
600015.SH,600015,20251209,91504190,0,48564,A,B,68100,3000,
600015.SH,600015,20251209,91504190,0,48691,A,S,72500,6000,
600015.SH,600015,20251209,91504190,0,48754,A,B,67900,200,
600015.SH,600015,20251209,91504190,0,48947,A,S,70500,20300,
600015.SH,600015,20251209,91504190,0,48955,A,B,68200,3700,
600015.SH,600015,20251209,91504190,0,49123,A,B,69000,1000,
600015.SH,600015,20251209,91504190,0,49125,A,S,73600,100,
600015.SH,600015,20251209,91504190,0,49126,A,S,70000,1000,
600015.SH,600015,20251209,91504190,0,49463,A,S,69700,800,
600015.SH,600015,20251209,91504190,0,49466,A,S,70000,1000,
600015.SH,600015,20251209,91504190,0,49473,A,S,70200,1000,
600015.SH,600015,20251209,91504190,0,49478,A,S,70700,1000,
600015.SH,600015,20251209,91504190,0,49487,A,S,72000,300,
600015.SH,600015,20251209,91504190,0,49656,A,S,73000,10000,
600015.SH,600015,20251209,91504190,0,49695,A,B,69000,10000,
600015.SH,600015,20251209,91504320,0,49905,A,S,71000,3000,
600015.SH,600015,20251209,91504320,0,50897,A,B,69000,5600,
600015.SH,600015,20251209,91504320,0,51354,A,S,71000,1000,
600015.SH,600015,20251209,91504320,0,51430,A,S,69700,4000,
600015.SH,600015,20251209,91504320,0,51442,A,S,69800,4000,
600015.SH,600015,20251209,91504320,0,51446,A,S,69900,4500,
600015.SH,600015,20251209,91504320,0,51449,A,S,70000,5000,
600015.SH,600015,20251209,91504320,0,51456,A,S,70100,3000,
600015.SH,600015,20251209,91504480,0,52051,A,S,72500,2000,
600015.SH,600015,20251209,91504480,0,52052,A,B,69200,2900,
600015.SH,600015,20251209,91504480,0,52086,A,S,69700,3200,
600015.SH,600015,20251209,91504480,0,52308,A,S,74400,5100,
600015.SH,600015,20251209,91504480,0,52428,A,S,76300,4840,
600015.SH,600015,20251209,91504480,0,52598,A,S,69800,3000,
600015.SH,600015,20251209,91504480,0,52599,A,B,67800,1000,
600015.SH,600015,20251209,91504480,0,52609,A,S,70200,3000,
600015.SH,600015,20251209,91504480,0,52630,A,B,69200,2000,
600015.SH,600015,20251209,91504480,0,52638,A,B,69100,2500,
600015.SH,600015,20251209,91504480,0,53412,A,S,70300,2900,
600015.SH,600015,20251209,91504480,0,53443,A,S,75800,1000,
600015.SH,600015,20251209,91504480,0,53446,A,S,70500,1000,
600015.SH,600015,20251209,91504480,0,53451,A,B,68500,1000,
600015.SH,600015,20251209,91504480,0,53521,A,B,69000,1000,
600015.SH,600015,20251209,91504480,0,53681,A,B,63000,100,
600015.SH,600015,20251209,91504480,0,53682,A,B,65500,100,
600015.SH,600015,20251209,91504480,0,53689,A,S,70000,100,
600015.SH,600015,20251209,91504480,0,53695,A,B,68000,100,
600015.SH,600015,20251209,91504480,0,53704,A,S,70100,100,
600015.SH,600015,20251209,91504480,0,53708,A,S,70200,200,
600015.SH,600015,20251209,91504480,0,53710,A,S,70400,400,
600015.SH,600015,20251209,91504480,0,53715,A,S,70300,300,
600015.SH,600015,20251209,91504480,0,53717,A,S,70500,500,
600015.SH,600015,20251209,91504480,0,53720,A,S,70600,600,
600015.SH,600015,20251209,91504480,0,53723,A,S,70700,700,
600015.SH,600015,20251209,91504480,0,53730,A,S,70800,800,
600015.SH,600015,20251209,91504480,0,53733,A,S,70900,900,
600015.SH,600015,20251209,91504610,0,54039,A,S,70000,500,
600015.SH,600015,20251209,91504610,0,54065,A,S,72000,1700,
600015.SH,600015,20251209,91504610,0,54070,A,S,70600,2000,
600015.SH,600015,20251209,91504610,0,54306,A,S,70500,1000,
600015.SH,600015,20251209,91504610,0,54595,A,S,70500,1000,
600015.SH,600015,20251209,91504610,0,54599,A,B,67900,1100,
600015.SH,600015,20251209,91504610,0,54646,A,B,65800,1000,
600015.SH,600015,20251209,91504610,0,54651,A,S,71000,10000,
600015.SH,600015,20251209,91504610,0,54652,A,S,71100,10000,
600015.SH,600015,20251209,91504610,0,54654,A,S,71200,11600,
600015.SH,600015,20251209,91504610,0,54680,A,S,70500,9000,
600015.SH,600015,20251209,91504610,0,54849,A,S,71000,2300,
600015.SH,600015,20251209,91504610,0,54976,A,B,68800,4000,
600015.SH,600015,20251209,91504610,0,54977,A,B,68900,3000,
600015.SH,600015,20251209,91504610,0,54992,A,S,69700,8000,
600015.SH,600015,20251209,91504610,0,54993,A,S,70300,15000,
600015.SH,600015,20251209,91504610,0,54994,A,S,70700,15000,
600015.SH,600015,20251209,91504610,0,55247,A,B,68500,1000,
600015.SH,600015,20251209,91504610,0,55293,A,S,74000,5000,
600015.SH,600015,20251209,91504610,0,55380,A,S,73800,200,
600015.SH,600015,20251209,91504730,0,55675,A,B,65000,2000,
600015.SH,600015,20251209,91504730,0,55748,A,S,71900,500,
600015.SH,600015,20251209,91504730,0,55885,A,B,69000,13300,
600015.SH,600015,20251209,91504730,0,55892,A,B,68500,13400,
600015.SH,600015,20251209,91504730,0,55895,A,B,68400,21400,
600015.SH,600015,20251209,91504730,0,56262,A,S,70000,2400,
600015.SH,600015,20251209,91504730,0,56537,A,S,69800,1000,
600015.SH,600015,20251209,91504730,0,57018,A,S,70200,4500,
600015.SH,600015,20251209,91504730,0,57019,A,S,70400,4600,
600015.SH,600015,20251209,91504730,0,57307,A,S,70500,10000,
600015.SH,600015,20251209,91504730,0,57308,A,S,70900,10000,
600015.SH,600015,20251209,91504860,0,57734,A,S,69700,3700,
600015.SH,600015,20251209,91504860,0,58187,A,S,72600,700,
600015.SH,600015,20251209,91504860,0,58263,A,S,70000,6900,
600015.SH,600015,20251209,91504860,0,58311,A,S,70700,900,
600015.SH,600015,20251209,91504860,0,58313,A,B,68500,900,
600015.SH,600015,20251209,91504860,0,58319,A,S,70100,10000,
600015.SH,600015,20251209,91504860,0,58663,A,S,69700,10000,
600015.SH,600015,20251209,91504860,0,58664,A,B,69000,10000,
600015.SH,600015,20251209,91504860,0,59022,A,S,74700,200,
600015.SH,600015,20251209,91505030,0,59403,A,S,70000,10000,
600015.SH,600015,20251209,91505030,0,59441,A,S,76000,5000,
600015.SH,600015,20251209,91505030,0,59498,A,B,67900,7000,
600015.SH,600015,20251209,91505030,0,59510,A,B,67700,7000,
600015.SH,600015,20251209,91505030,0,59544,A,B,68800,1000,
600015.SH,600015,20251209,91505030,0,59593,A,S,71500,1000,
600015.SH,600015,20251209,91505030,0,59668,A,S,69900,800,
600015.SH,600015,20251209,91505030,0,59725,A,S,72700,1700,
600015.SH,600015,20251209,91505030,0,59746,A,B,67500,7000,
600015.SH,600015,20251209,91505030,0,59747,A,B,67300,7000,
600015.SH,600015,20251209,91505030,0,59748,A,B,67100,7000,
600015.SH,600015,20251209,91505030,0,59750,A,B,66900,7000,
600015.SH,600015,20251209,91505030,0,59751,A,B,66700,7000,
600015.SH,600015,20251209,91505030,0,59929,A,S,76200,400,
600015.SH,600015,20251209,91505030,0,60303,A,S,72300,2000,
600015.SH,600015,20251209,91505030,0,60305,A,S,74300,3000,
600015.SH,600015,20251209,91505030,0,60312,A,S,74000,3000,
600015.SH,600015,20251209,91505030,0,60314,A,S,73300,3000,
600015.SH,600015,20251209,91505030,0,60448,A,S,73500,3000,
600015.SH,600015,20251209,91505030,0,60681,A,B,67400,400,
600015.SH,600015,20251209,91505030,0,60889,A,S,71200,2200,
600015.SH,600015,20251209,91505030,0,60905,A,B,66000,2000,
600015.SH,600015,20251209,91505030,0,61010,A,S,71000,1000,
600015.SH,600015,20251209,91505180,0,61453,A,S,74300,1000,
600015.SH,600015,20251209,91505180,0,62004,A,B,69000,3000,
600015.SH,600015,20251209,91505180,0,62192,A,S,76300,1500,
600015.SH,600015,20251209,91505180,0,62272,A,S,76300,1000,
600015.SH,600015,20251209,91505180,0,62490,A,S,75900,1000,
600015.SH,600015,20251209,91505180,0,62491,A,S,74900,1000,
600015.SH,600015,20251209,91505180,0,62492,A,S,73900,1000,
600015.SH,600015,20251209,91505180,0,62493,A,S,72900,1000,
600015.SH,600015,20251209,91505180,0,62494,A,S,71900,1000,
600015.SH,600015,20251209,91505180,0,62499,A,S,70900,1000,
600015.SH,600015,20251209,91505180,0,62500,A,S,70500,1000,
600015.SH,600015,20251209,91505180,0,62756,A,S,72200,400,
600015.SH,600015,20251209,91505180,0,63137,A,B,69500,6500,
600015.SH,600015,20251209,91505330,0,63532,A,S,71000,100000,
600015.SH,600015,20251209,91505330,0,63533,A,S,74000,100000,
600015.SH,600015,20251209,91505330,0,63534,A,S,76000,100000,
600015.SH,600015,20251209,91505330,0,63535,A,B,68000,100000,
600015.SH,600015,20251209,91505330,0,63536,A,B,66000,100000,
600015.SH,600015,20251209,91505330,0,63537,A,B,65000,100000,
600015.SH,600015,20251209,91505330,0,63538,A,B,63000,100000,
600015.SH,600015,20251209,91505330,0,64067,A,B,68600,17400,
600015.SH,600015,20251209,91505330,0,64144,A,B,68500,100,
600015.SH,600015,20251209,91505330,0,64166,A,S,75000,100,
600015.SH,600015,20251209,91505330,0,64266,A,S,71000,700,
600015.SH,600015,20251209,91505330,0,64337,A,B,68000,1000,
600015.SH,600015,20251209,91505330,0,64392,A,S,70000,100000,
600015.SH,600015,20251209,91505330,0,64404,A,S,72500,700,
600015.SH,600015,20251209,91505330,0,64405,A,S,73900,700,
600015.SH,600015,20251209,91505330,0,64406,A,S,75400,700,
600015.SH,600015,20251209,91505330,0,64407,A,B,68300,2000,
600015.SH,600015,20251209,91505330,0,64408,A,B,66900,2000,
600015.SH,600015,20251209,91505330,0,64409,A,B,65600,2000,
600015.SH,600015,20251209,91505330,0,64410,A,B,64300,2000,
600015.SH,600015,20251209,91505330,0,64411,A,B,63100,2000,
600015.SH,600015,20251209,91505330,0,64438,A,B,68800,300,
600015.SH,600015,20251209,91505330,0,64563,A,S,70600,1900,
600015.SH,600015,20251209,91505330,0,64567,A,B,68500,1900,
600015.SH,600015,20251209,91505330,0,64662,A,S,70100,2000,
600015.SH,600015,20251209,91505330,0,64663,A,S,70300,2300,
600015.SH,600015,20251209,91505330,0,64774,A,S,72000,100000,
600015.SH,600015,20251209,91505330,0,64775,A,S,73000,100000,
600015.SH,600015,20251209,91505330,0,64776,A,S,75000,100000,
600015.SH,600015,20251209,91505330,0,64777,A,B,67000,100000,
600015.SH,600015,20251209,91505330,0,64778,A,B,64000,100000,
600015.SH,600015,20251209,91505330,0,64867,A,B,69100,6600,
600015.SH,600015,20251209,91505330,0,64926,A,B,68200,100,
600015.SH,600015,20251209,91505330,0,64993,A,S,71800,5100,
600015.SH,600015,20251209,91505330,0,65087,A,S,70500,400,
600015.SH,600015,20251209,91505490,0,65264,A,S,74500,500,
600015.SH,600015,20251209,91505490,0,65387,A,B,68700,8500,
600015.SH,600015,20251209,91505490,0,65390,A,S,69900,8500,
600015.SH,600015,20251209,91505490,0,65551,A,S,76300,3100,
600015.SH,600015,20251209,91505490,0,65598,A,S,69900,500,
600015.SH,600015,20251209,91505490,0,65634,A,S,70800,600,
600015.SH,600015,20251209,91505490,0,65742,A,S,72000,5100,
600015.SH,600015,20251209,91505490,0,65757,A,B,69000,10000,
600015.SH,600015,20251209,91505490,0,65760,A,S,72200,5100,
600015.SH,600015,20251209,91505490,0,65769,A,S,72400,5100,
600015.SH,600015,20251209,91505490,0,65801,A,S,70500,9000,
600015.SH,600015,20251209,91505490,0,65807,A,S,70600,2000,
600015.SH,600015,20251209,91505490,0,65962,A,B,68500,2000,
600015.SH,600015,20251209,91505490,0,66010,A,S,70000,8000,
600015.SH,600015,20251209,91505490,0,66170,A,B,68800,2000,
600015.SH,600015,20251209,91505490,0,66171,A,B,68500,2000,
600015.SH,600015,20251209,91505490,0,66172,A,S,69700,2000,
600015.SH,600015,20251209,91505490,0,66173,A,S,69900,2000,
600015.SH,600015,20251209,91505490,0,66175,A,B,68900,2000,
600015.SH,600015,20251209,91505490,0,66176,A,B,68600,2000,
600015.SH,600015,20251209,91505490,0,66177,A,B,68400,3000,
600015.SH,600015,20251209,91505490,0,66178,A,S,69900,2000,
600015.SH,600015,20251209,91505490,0,66179,A,S,70100,2000,
600015.SH,600015,20251209,91505490,0,66182,A,S,70300,3000,
600015.SH,600015,20251209,91505490,0,66349,A,S,72500,500,
600015.SH,600015,20251209,91505490,0,66350,A,S,73000,500,
600015.SH,600015,20251209,91505490,0,66351,A,S,73500,500,
600015.SH,600015,20251209,91505490,0,66362,A,S,74000,500,
600015.SH,600015,20251209,91505490,0,66538,A,B,68300,200000,
600015.SH,600015,20251209,91505490,0,66679,A,S,70300,2600,
600015.SH,600015,20251209,91505490,0,66760,A,B,65100,600,
600015.SH,600015,20251209,91505490,0,66842,A,S,71000,7200,
600015.SH,600015,20251209,91505490,0,66855,A,S,70500,10500,
600015.SH,600015,20251209,91505490,0,66874,A,B,68400,15000,
600015.SH,600015,20251209,91505490,0,66966,A,B,65000,200,
600015.SH,600015,20251209,91505490,0,66967,A,S,75000,200,
600015.SH,600015,20251209,91505490,0,67007,A,B,68100,1000,
600015.SH,600015,20251209,91505630,0,67337,A,B,68600,800,
600015.SH,600015,20251209,91505630,0,67338,A,S,70400,700,
600015.SH,600015,20251209,91505630,0,67523,A,B,63100,600,
600015.SH,600015,20251209,91505630,0,67821,A,S,70000,6900,
600015.SH,600015,20251209,91505630,0,68077,A,B,69000,5500,
600015.SH,600015,20251209,91505630,0,68106,A,S,73700,200,
600015.SH,600015,20251209,91505630,0,68125,A,S,76100,3000,
600015.SH,600015,20251209,91505630,0,68126,A,S,73700,2000,
600015.SH,600015,20251209,91505630,0,68411,A,S,72800,1400,
600015.SH,600015,20251209,91505630,0,68523,A,B,64500,100,
600015.SH,600015,20251209,91505630,0,68979,A,S,69500,2500,
600015.SH,600015,20251209,91505770,0,69232,A,B,68500,1500,
600015.SH,600015,20251209,91505770,0,69410,A,S,69600,5000,
600015.SH,600015,20251209,91505770,0,69514,A,S,69700,5000,
600015.SH,600015,20251209,91505770,0,69635,A,B,69000,3000,
600015.SH,600015,20251209,91505770,0,69660,A,B,68500,2000,
600015.SH,600015,20251209,91505770,0,69661,A,S,70000,2000,
600015.SH,600015,20251209,91505770,0,69662,A,S,70500,2000,
600015.SH,600015,20251209,91505770,0,69663,A,S,71000,2000,
600015.SH,600015,20251209,91505770,0,69664,A,S,71500,2000,
600015.SH,600015,20251209,91505770,0,69665,A,S,72000,2000,
600015.SH,600015,20251209,91505770,0,69666,A,S,72500,2000,
600015.SH,600015,20251209,91505770,0,69667,A,S,73000,2000,
600015.SH,600015,20251209,91505770,0,69668,A,S,73500,2000,
600015.SH,600015,20251209,91505770,0,69764,A,B,68500,6000,
600015.SH,600015,20251209,91505770,0,69772,A,S,71500,500,
600015.SH,600015,20251209,91505770,0,69786,A,S,69800,5000,
600015.SH,600015,20251209,91505770,0,69788,A,S,69900,5000,
600015.SH,600015,20251209,91505770,0,69789,A,S,70000,5000,
600015.SH,600015,20251209,91505770,0,69790,A,S,70100,5000,
600015.SH,600015,20251209,91505770,0,69791,A,S,70200,5000,
600015.SH,600015,20251209,91505770,0,69792,A,S,70300,5000,
600015.SH,600015,20251209,91505770,0,69795,A,S,70400,7500,
600015.SH,600015,20251209,91505770,0,69796,A,B,69200,5000,
600015.SH,600015,20251209,91505770,0,69797,A,B,69100,5000,
600015.SH,600015,20251209,91505770,0,69798,A,B,69000,5000,
600015.SH,600015,20251209,91505770,0,69799,A,B,68900,5000,
600015.SH,600015,20251209,91505770,0,69882,A,B,68800,5000,
600015.SH,600015,20251209,91505770,0,69883,A,B,68700,5000,
600015.SH,600015,20251209,91505770,0,69884,A,B,68600,5000,
600015.SH,600015,20251209,91505770,0,69885,A,B,68500,5000,
600015.SH,600015,20251209,91505770,0,70090,A,S,73500,5600,
600015.SH,600015,20251209,91505770,0,70185,A,B,68600,10000,
600015.SH,600015,20251209,91505770,0,70191,A,S,70400,700,
600015.SH,600015,20251209,91505770,0,70274,A,S,69700,500,
600015.SH,600015,20251209,91505930,0,70996,A,B,69000,3000,
600015.SH,600015,20251209,91505930,0,71036,A,S,73800,300,
600015.SH,600015,20251209,91505930,0,71333,A,B,69000,500,
600015.SH,600015,20251209,91505930,0,71334,A,B,68500,500,
600015.SH,600015,20251209,91505930,0,71379,A,S,71100,2000,
600015.SH,600015,20251209,91505930,0,71380,A,S,70300,6000,
600015.SH,600015,20251209,91505930,0,71385,A,S,70800,6000,
600015.SH,600015,20251209,91505930,0,71386,A,S,71500,4200,
600015.SH,600015,20251209,91505930,0,71412,A,S,70200,10000,
600015.SH,600015,20251209,91505930,0,71436,A,S,73400,300,
600015.SH,600015,20251209,91505930,0,71443,A,B,69400,70100,
600015.SH,600015,20251209,91505930,0,71445,A,S,73000,300,
600015.SH,600015,20251209,91505930,0,71446,A,S,72600,300,
600015.SH,600015,20251209,91505930,0,71448,A,B,67700,300,
600015.SH,600015,20251209,91505930,0,71687,A,B,68000,7400,
600015.SH,600015,20251209,91505930,0,71807,A,S,72800,100,
600015.SH,600015,20251209,91505930,0,72066,A,S,70500,1400,
600015.SH,600015,20251209,91505930,0,72127,A,B,68000,500,
600015.SH,600015,20251209,91505930,0,72215,A,B,67500,500,
600015.SH,600015,20251209,91505930,0,72216,A,S,70000,1000,
600015.SH,600015,20251209,91505930,0,72217,A,S,70500,1000,
600015.SH,600015,20251209,91505930,0,72220,A,S,71000,1200,
600015.SH,600015,20251209,91505930,0,72242,A,B,67000,29600,
600015.SH,600015,20251209,91505930,0,72538,A,B,69000,5000,
600015.SH,600015,20251209,91505930,0,72573,A,B,68000,1000,
600015.SH,600015,20251209,91505930,0,72646,A,S,71000,7100,
600015.SH,600015,20251209,91506080,0,72875,A,S,70000,2000,
600015.SH,600015,20251209,91506080,0,72958,A,S,70300,1000,
600015.SH,600015,20251209,91506080,0,73065,A,B,69000,8600,
600015.SH,600015,20251209,91506080,0,73182,A,B,69000,6100,
600015.SH,600015,20251209,91506080,0,73213,A,S,69800,6000,
600015.SH,600015,20251209,91506080,0,73219,A,S,70000,6000,
600015.SH,600015,20251209,91506080,0,73342,A,S,76300,6000,
600015.SH,600015,20251209,91506080,0,73922,A,B,68800,10000,
600015.SH,600015,20251209,91506080,0,73979,A,S,71700,200,
600015.SH,600015,20251209,91506080,0,73982,A,S,72200,200,
600015.SH,600015,20251209,91506080,0,73985,A,S,73200,200,
600015.SH,600015,20251209,91506080,0,73986,A,S,73800,200,
600015.SH,600015,20251209,91506080,0,73987,A,S,74400,200,
600015.SH,600015,20251209,91506080,0,73988,A,S,75400,200,
600015.SH,600015,20251209,91506080,0,74069,A,S,76300,100,
600015.SH,600015,20251209,91506080,0,74336,A,S,75000,100,
600015.SH,600015,20251209,91506080,0,74547,A,S,69900,2000,
600015.SH,600015,20251209,91506080,0,74552,A,S,74500,100,
600015.SH,600015,20251209,91506080,0,74553,A,S,75000,100,
600015.SH,600015,20251209,91506080,0,74554,A,S,75500,100,
600015.SH,600015,20251209,91506080,0,74586,A,S,76000,100,
600015.SH,600015,20251209,91506080,0,74587,A,S,76300,200,
600015.SH,600015,20251209,91506080,0,74804,A,B,63200,300,
600015.SH,600015,20251209,91506080,0,74805,A,B,65200,200,
600015.SH,600015,20251209,91506080,0,74807,A,B,67200,100,
600015.SH,600015,20251209,91506230,0,75220,A,S,69800,1000,
600015.SH,600015,20251209,91506230,0,75221,A,S,70000,1000,
600015.SH,600015,20251209,91506230,0,75222,A,S,70200,1000,
600015.SH,600015,20251209,91506230,0,75223,A,S,70400,1000,
600015.SH,600015,20251209,91506230,0,75224,A,S,70600,1000,
600015.SH,600015,20251209,91506230,0,75225,A,S,70800,1000,
600015.SH,600015,20251209,91506230,0,75226,A,S,71000,1000,
600015.SH,600015,20251209,91506230,0,75423,A,S,70100,2000,
600015.SH,600015,20251209,91506230,0,75424,A,S,70400,2000,
600015.SH,600015,20251209,91506280,0,75560,A,B,68000,5000,
600015.SH,600015,20251209,91506280,0,75633,A,S,70400,5000,
600015.SH,600015,20251209,91506280,0,75729,A,B,68700,500,
600015.SH,600015,20251209,91506280,0,75730,A,B,69000,500,
600015.SH,600015,20251209,91506280,0,75779,A,S,69900,5000,
600015.SH,600015,20251209,91506280,0,75957,A,B,69300,13000,
600015.SH,600015,20251209,91506280,0,76642,A,S,70000,5000,
600015.SH,600015,20251209,91506280,0,76643,A,S,70100,5000,
600015.SH,600015,20251209,91506280,0,76644,A,S,70200,5000,
600015.SH,600015,20251209,91506280,0,76645,A,S,70300,10000,
600015.SH,600015,20251209,91506280,0,76651,A,B,69000,5000,
600015.SH,600015,20251209,91506280,0,76653,A,B,68800,5000,
600015.SH,600015,20251209,91506280,0,76654,A,B,68600,5000,
600015.SH,600015,20251209,91506280,0,76888,A,S,76000,100,
600015.SH,600015,20251209,91506280,0,76895,A,S,70500,2000,
600015.SH,600015,20251209,91506280,0,76896,A,B,68000,1600,
600015.SH,600015,20251209,91506280,0,76906,A,S,70300,1000,
600015.SH,600015,20251209,91506280,0,77057,A,S,72000,100,
600015.SH,600015,20251209,91506440,0,77840,A,S,71600,10000,
600015.SH,600015,20251209,91506440,0,77876,A,S,71800,10000,
600015.SH,600015,20251209,91506440,0,77877,A,S,72000,10000,
600015.SH,600015,20251209,91506440,0,77878,A,S,72200,10000,
600015.SH,600015,20251209,91506440,0,77879,A,S,72400,10000,
600015.SH,600015,20251209,91506440,0,77880,A,S,72600,10000,
600015.SH,600015,20251209,91506440,0,77882,A,S,72600,10000,
600015.SH,600015,20251209,91506440,0,77883,A,S,72800,10000,
600015.SH,600015,20251209,91506440,0,77884,A,S,73000,10000,
600015.SH,600015,20251209,91506440,0,77902,A,S,73200,10000,
600015.SH,600015,20251209,91506440,0,77903,A,S,73600,10000,
600015.SH,600015,20251209,91506440,0,77960,A,S,69800,3000,
600015.SH,600015,20251209,91506440,0,77968,A,S,71100,16900,
600015.SH,600015,20251209,91506440,0,78156,A,B,68500,10000,
600015.SH,600015,20251209,91506440,0,78157,A,B,68500,10000,
600015.SH,600015,20251209,91506440,0,78158,A,B,68600,3200,
600015.SH,600015,20251209,91506440,0,78303,A,S,70200,3000,
600015.SH,600015,20251209,91506440,0,78829,A,S,76300,300,
600015.SH,600015,20251209,91506570,0,79036,A,S,70900,300,
600015.SH,600015,20251209,91506570,0,79037,A,S,71800,400,
600015.SH,600015,20251209,91506570,0,79038,A,S,72800,400,
600015.SH,600015,20251209,91506570,0,79058,A,S,71500,2000,
600015.SH,600015,20251209,91506570,0,79077,A,S,70500,600,
600015.SH,600015,20251209,91506570,0,79112,A,S,71000,500,
600015.SH,600015,20251209,91506570,0,79280,A,S,71700,1000,
600015.SH,600015,20251209,91506570,0,79401,A,S,69800,100000,
600015.SH,600015,20251209,91506570,0,80323,A,S,72800,3000,
600015.SH,600015,20251209,91506570,0,80534,A,B,68600,700,
600015.SH,600015,20251209,91506570,0,80539,A,S,70000,500,
600015.SH,600015,20251209,91506570,0,80540,A,S,70500,500,
600015.SH,600015,20251209,91506570,0,80758,A,S,69700,200,
600015.SH,600015,20251209,91506570,0,80765,A,S,70000,200,
600015.SH,600015,20251209,91506570,0,80770,A,B,68800,50000,
600015.SH,600015,20251209,91506570,0,80772,A,S,69800,50000,
600015.SH,600015,20251209,91506570,0,80918,A,S,70300,200,
600015.SH,600015,20251209,91506730,0,81213,A,B,69000,500,
600015.SH,600015,20251209,91506730,0,81214,A,B,68900,500,
600015.SH,600015,20251209,91506730,0,81231,A,S,69900,7900,
600015.SH,600015,20251209,91506730,0,81261,A,B,68800,500,
600015.SH,600015,20251209,91506730,0,81426,A,B,68700,500,
600015.SH,600015,20251209,91506730,0,81427,A,B,68600,500,
600015.SH,600015,20251209,91506730,0,81428,A,B,68500,500,
600015.SH,600015,20251209,91506730,0,81434,A,S,70600,200,
600015.SH,600015,20251209,91506730,0,81478,A,B,69100,200,
600015.SH,600015,20251209,91506730,0,81480,A,B,68800,200,
600015.SH,600015,20251209,91506730,0,81569,A,B,68500,200,
600015.SH,600015,20251209,91506730,0,81924,A,S,69800,300,
600015.SH,600015,20251209,91506730,0,81943,A,S,71600,3000,
600015.SH,600015,20251209,91506730,0,82052,A,S,69800,1500,
600015.SH,600015,20251209,91506730,0,82219,A,S,70100,800,
600015.SH,600015,20251209,91506730,0,82332,A,B,68200,15000,
600015.SH,600015,20251209,91506730,0,82387,A,B,68600,2600,
600015.SH,600015,20251209,91506730,0,82573,A,S,70100,1000,
600015.SH,600015,20251209,91506730,0,82574,A,S,70500,1000,
600015.SH,600015,20251209,91506730,0,82575,A,S,70900,1000,
600015.SH,600015,20251209,91506890,0,82939,A,B,66500,500,
600015.SH,600015,20251209,91506890,0,82940,A,B,66000,500,
600015.SH,600015,20251209,91506890,0,83227,A,S,70500,1000,
600015.SH,600015,20251209,91506890,0,83344,A,S,70300,1500,
600015.SH,600015,20251209,91506890,0,83410,A,B,69000,500,
600015.SH,600015,20251209,91506890,0,83480,A,S,69900,500,
600015.SH,600015,20251209,91506890,0,83505,A,S,71100,500,
600015.SH,600015,20251209,91506890,0,83563,A,S,70100,600,
600015.SH,600015,20251209,91506890,0,83564,A,S,70300,700,
600015.SH,600015,20251209,91506890,0,83565,A,S,70500,1000,
600015.SH,600015,20251209,91506890,0,83566,A,S,70700,1100,
600015.SH,600015,20251209,91506890,0,83567,A,S,70900,1600,
600015.SH,600015,20251209,91506890,0,83568,A,S,71300,3500,
600015.SH,600015,20251209,91506890,0,83569,A,S,71800,4300,
600015.SH,600015,20251209,91506890,0,83859,A,S,71900,2000,
600015.SH,600015,20251209,91506890,0,83885,A,S,72000,700,
600015.SH,600015,20251209,91506890,0,84088,A,S,70400,2000,
600015.SH,600015,20251209,91506890,0,84291,A,S,69900,1600,
600015.SH,600015,20251209,91506890,0,84419,A,B,69000,2300,
600015.SH,600015,20251209,91506890,0,84425,A,S,70000,3500,
600015.SH,600015,20251209,91506890,0,84430,A,S,70500,3500,
600015.SH,600015,20251209,91506890,0,84431,A,S,71000,3500,
600015.SH,600015,20251209,91506890,0,84480,A,S,71000,5000,
600015.SH,600015,20251209,91506890,0,84483,A,S,70500,3000,
600015.SH,600015,20251209,91506890,0,84488,A,B,68700,3000,
600015.SH,600015,20251209,91506890,0,84502,A,B,68000,5000,
600015.SH,600015,20251209,91506890,0,84800,A,S,70300,300,
600015.SH,600015,20251209,91507050,0,85010,A,B,68100,10000,
600015.SH,600015,20251209,91507050,0,85051,A,B,68500,10000,
600015.SH,600015,20251209,91507050,0,85075,A,B,68600,2000,
600015.SH,600015,20251209,91507050,0,85113,A,B,68600,3500,
600015.SH,600015,20251209,91507050,0,85114,A,B,68600,3600,
600015.SH,600015,20251209,91507050,0,85149,A,S,71300,10000,
600015.SH,600015,20251209,91507050,0,85383,A,S,70100,3500,
600015.SH,600015,20251209,91507050,0,85405,A,S,70500,3500,
600015.SH,600015,20251209,91507050,0,85406,A,S,70900,3700,
600015.SH,600015,20251209,91507050,0,85407,A,S,71300,3700,
600015.SH,600015,20251209,91507050,0,85408,A,S,71800,3700,
600015.SH,600015,20251209,91507050,0,85409,A,S,72100,4100,
600015.SH,600015,20251209,91507050,0,85444,A,S,72700,4100,
600015.SH,600015,20251209,91507050,0,85445,A,S,73000,4100,
600015.SH,600015,20251209,91507050,0,85446,A,S,74400,4100,
600015.SH,600015,20251209,91507050,0,85447,A,S,75400,4100,
600015.SH,600015,20251209,91507050,0,85448,A,S,76300,4100,
600015.SH,600015,20251209,91507050,0,85596,A,S,73900,500,
600015.SH,600015,20251209,91507050,0,85690,A,B,68500,6000,
600015.SH,600015,20251209,91507050,0,85801,A,S,73600,10000,
600015.SH,600015,20251209,91507050,0,85878,A,B,68900,1000,
600015.SH,600015,20251209,91507050,0,85879,A,S,70300,1000,
600015.SH,600015,20251209,91507050,0,86150,A,B,67900,1900,
600015.SH,600015,20251209,91507050,0,86162,A,B,67500,1500,
600015.SH,600015,20251209,91507050,0,86261,A,B,68600,1000,
600015.SH,600015,20251209,91507050,0,86272,A,B,68000,300,
600015.SH,600015,20251209,91507050,0,86336,A,B,67300,5000,
600015.SH,600015,20251209,91507050,0,86386,A,S,75000,10000,
600015.SH,600015,20251209,91507210,0,86893,A,B,69400,1000,
600015.SH,600015,20251209,91507210,0,87004,A,B,68000,2000,
600015.SH,600015,20251209,91507210,0,87037,A,S,76000,2000,
600015.SH,600015,20251209,91507210,0,87187,A,S,70000,10000,
600015.SH,600015,20251209,91507260,0,87236,A,S,73500,1000,
600015.SH,600015,20251209,91507260,0,87763,A,S,69900,4600,
600015.SH,600015,20251209,91507260,0,88014,A,S,73800,100,
600015.SH,600015,20251209,91507260,0,88095,A,S,70900,800,
600015.SH,600015,20251209,91507260,0,88100,A,B,62700,100,
600015.SH,600015,20251209,91507260,0,88155,A,S,69800,10000,
600015.SH,600015,20251209,91507260,0,88156,A,S,70400,10000,
600015.SH,600015,20251209,91507260,0,88264,A,B,68800,5000,
600015.SH,600015,20251209,91507260,0,88265,A,B,68500,6300,
600015.SH,600015,20251209,91507260,0,88311,A,S,70200,40000,
600015.SH,600015,20251209,91507360,0,88539,A,S,76300,200,
600015.SH,600015,20251209,91507360,0,88570,A,B,68100,100,
600015.SH,600015,20251209,91507360,0,89236,A,S,70200,4800,
600015.SH,600015,20251209,91507360,0,89277,A,S,70700,1800,
600015.SH,600015,20251209,91507360,0,89315,A,B,68200,100,
600015.SH,600015,20251209,91507360,0,89353,A,B,68300,1000,
600015.SH,600015,20251209,91507360,0,89354,A,B,68400,1000,
600015.SH,600015,20251209,91507360,0,89468,A,S,70400,5000,
600015.SH,600015,20251209,91507360,0,89597,A,S,76300,4600,
600015.SH,600015,20251209,91507360,0,89600,A,S,73300,3300,
600015.SH,600015,20251209,91507360,0,89777,A,S,73200,700,
600015.SH,600015,20251209,91507360,0,89812,A,B,69000,2900,
600015.SH,600015,20251209,91507360,0,90146,A,S,69800,5000,
600015.SH,600015,20251209,91507360,0,90147,A,S,69900,5000,
600015.SH,600015,20251209,91507360,0,90148,A,S,70000,5000,
600015.SH,600015,20251209,91507360,0,90149,A,S,70100,6000,
600015.SH,600015,20251209,91507360,0,90150,A,S,70200,6000,
600015.SH,600015,20251209,91507360,0,90151,A,S,70300,7000,
600015.SH,600015,20251209,91507360,0,90207,A,S,70400,7000,
600015.SH,600015,20251209,91507360,0,90208,A,S,70500,8000,
600015.SH,600015,20251209,91507360,0,90220,A,S,70600,9000,
600015.SH,600015,20251209,91507360,0,90226,A,B,65000,1000,
600015.SH,600015,20251209,91507360,0,90227,A,S,75000,1000,
600015.SH,600015,20251209,91507360,0,90232,A,S,70700,10000,
600015.SH,600015,20251209,91507360,0,90233,A,S,70800,10000,
600015.SH,600015,20251209,91507360,0,90240,A,S,70900,10000,
600015.SH,600015,20251209,91507360,0,90242,A,S,71000,10000,
600015.SH,600015,20251209,91507360,0,90245,A,B,69000,5000,
600015.SH,600015,20251209,91507360,0,90250,A,S,72500,3000,
600015.SH,600015,20251209,91507510,0,90957,A,B,67600,4000,
600015.SH,600015,20251209,91507510,0,90998,A,S,69800,8000,
600015.SH,600015,20251209,91507510,0,91103,A,S,70900,300,
600015.SH,600015,20251209,91507510,0,91107,A,S,71400,300,
600015.SH,600015,20251209,91507510,0,91110,A,S,69800,7500,
600015.SH,600015,20251209,91507510,0,91113,A,S,70500,100,
600015.SH,600015,20251209,91507510,0,91208,A,S,70500,500,
600015.SH,600015,20251209,91507510,0,91675,A,S,70700,2000,
600015.SH,600015,20251209,91507510,0,91763,A,B,68500,2000,
600015.SH,600015,20251209,91507510,0,91800,A,B,67600,100,
600015.SH,600015,20251209,91507510,0,91802,A,B,68800,5000,
600015.SH,600015,20251209,91507510,0,91851,A,S,69400,300,
600015.SH,600015,20251209,91507510,0,91971,A,B,68900,5000,
600015.SH,600015,20251209,91507510,0,91975,A,B,68800,6000,
600015.SH,600015,20251209,91507510,0,91976,A,B,68700,6000,
600015.SH,600015,20251209,91507510,0,91977,A,B,68600,7000,
600015.SH,600015,20251209,91507510,0,92028,A,S,76300,1000,
600015.SH,600015,20251209,91507660,0,92358,A,B,64000,5000,
600015.SH,600015,20251209,91507660,0,92361,A,B,67100,300,
600015.SH,600015,20251209,91507660,0,92714,A,S,70300,1500,
600015.SH,600015,20251209,91507660,0,92787,A,S,71900,10000,
600015.SH,600015,20251209,91507660,0,93071,A,S,71000,1000,
600015.SH,600015,20251209,91507660,0,93344,A,S,70000,10000,
600015.SH,600015,20251209,91507660,0,93376,A,B,67900,5000,
600015.SH,600015,20251209,91507660,0,93411,A,B,67000,100,
600015.SH,600015,20251209,91507660,0,93481,A,B,68500,1000,
600015.SH,600015,20251209,91507660,0,93498,A,S,73000,2000,
600015.SH,600015,20251209,91507660,0,93520,A,B,68500,8000,
600015.SH,600015,20251209,91507660,0,93524,A,B,68400,9000,
600015.SH,600015,20251209,91507660,0,93527,A,B,68300,10000,
600015.SH,600015,20251209,91507660,0,93815,A,S,69600,1000,
600015.SH,600015,20251209,91507660,0,93861,A,B,68700,30000,
600015.SH,600015,20251209,91507660,0,93906,A,S,76300,6000,
600015.SH,600015,20251209,91507800,0,94267,A,S,70800,1500,
600015.SH,600015,20251209,91507800,0,94268,A,S,71000,3000,
600015.SH,600015,20251209,91507800,0,94301,A,S,71500,3000,
600015.SH,600015,20251209,91507800,0,94330,A,S,71800,3000,
600015.SH,600015,20251209,91507800,0,94409,A,S,69800,4200,
600015.SH,600015,20251209,91507800,0,94787,A,B,65600,1000,
600015.SH,600015,20251209,91507800,0,94938,A,B,62800,1000,
600015.SH,600015,20251209,91507800,0,94967,A,S,72000,5000,
600015.SH,600015,20251209,91507800,0,94981,A,S,70600,50000,
600015.SH,600015,20251209,91507800,0,95182,A,B,68500,2000,
600015.SH,600015,20251209,91507800,0,95261,A,S,71500,100,
600015.SH,600015,20251209,91507930,0,95932,A,B,68700,3000,
600015.SH,600015,20251209,91507990,0,96187,A,B,68100,300,
600015.SH,600015,20251209,91507990,0,96261,A,S,69900,3000,
600015.SH,600015,20251209,91507990,0,96339,A,S,70200,4000,
600015.SH,600015,20251209,91508080,0,97262,A,S,71000,4000,
600015.SH,600015,20251209,91508080,0,97355,A,B,69100,9900,
600015.SH,600015,20251209,91508080,0,97405,A,S,69800,5000,
600015.SH,600015,20251209,91508120,0,97622,A,S,69900,1000,
600015.SH,600015,20251209,91508120,0,97624,A,S,70300,1000,
600015.SH,600015,20251209,91508120,0,97638,A,S,70700,1000,
600015.SH,600015,20251209,91508180,0,97956,A,B,68700,7300,
600015.SH,600015,20251209,91508180,0,97958,A,S,69700,5100,
600015.SH,600015,20251209,91508180,0,97975,A,S,69900,10000,
600015.SH,600015,20251209,91508180,0,97977,A,S,70400,10000,
600015.SH,600015,20251209,91508180,0,97978,A,S,70900,10000,
600015.SH,600015,20251209,91508180,0,98024,A,S,70400,3000,
600015.SH,600015,20251209,91508180,0,98176,A,B,68100,4000,
600015.SH,600015,20251209,91508180,0,98426,A,S,70700,100,
600015.SH,600015,20251209,91508240,0,98533,A,B,71900,200,
600015.SH,600015,20251209,91508240,0,98649,A,B,68600,5000,
600015.SH,600015,20251209,91508240,0,98650,A,S,70000,3000,
600015.SH,600015,20251209,91508240,0,98729,A,B,66500,800,
600015.SH,600015,20251209,91508240,0,98798,A,B,68200,13000,
600015.SH,600015,20251209,91508240,0,98938,A,B,68300,2000,
600015.SH,600015,20251209,91508290,0,99060,A,S,70300,15000,
600015.SH,600015,20251209,91508320,0,99509,A,S,70200,2200,
600015.SH,600015,20251209,91508320,0,99543,A,B,68700,10000,
600015.SH,600015,20251209,91508320,0,99545,A,S,75800,10000,
600015.SH,600015,20251209,91508320,0,99551,A,S,69600,900,
600015.SH,600015,20251209,91508350,0,99636,A,B,68000,3000,
600015.SH,600015,20251209,91508350,0,99662,A,S,70400,500,
600015.SH,600015,20251209,91508350,0,99666,A,S,70700,400,
600015.SH,600015,20251209,91508350,0,99766,A,S,70000,15800,
600015.SH,600015,20251209,91508380,0,99971,A,S,76300,200,
600015.SH,600015,20251209,91508380,0,100035,A,B,68300,900,
600015.SH,600015,20251209,91508410,0,100131,A,B,68700,3000,
600015.SH,600015,20251209,91508410,0,100191,A,S,69900,2000,
600015.SH,600015,20251209,91508410,0,100194,A,B,68800,2000,
600015.SH,600015,20251209,91508410,0,100334,A,S,73000,1000,
600015.SH,600015,20251209,91508440,0,100422,A,S,69300,1200,
600015.SH,600015,20251209,91508440,0,100758,A,S,70200,9700,
600015.SH,600015,20251209,91508440,0,100763,A,B,68600,9900,
600015.SH,600015,20251209,91508440,0,100835,A,B,68500,1000,
600015.SH,600015,20251209,91508440,0,100836,A,B,68700,1000,
600015.SH,600015,20251209,91508490,0,100902,A,S,70500,3000,
600015.SH,600015,20251209,91508490,0,100903,A,S,70900,3000,
600015.SH,600015,20251209,91508490,0,100904,A,S,71300,4000,
600015.SH,600015,20251209,91508490,0,100905,A,S,71800,5000,
600015.SH,600015,20251209,91508490,0,101115,A,B,68500,427000,
600015.SH,600015,20251209,91508520,0,101193,A,B,69100,497400,
600015.SH,600015,20251209,91508520,0,101214,A,S,71500,1500,
600015.SH,600015,20251209,91508520,0,101275,A,S,69900,500,
600015.SH,600015,20251209,91508520,0,101280,A,S,72200,300,
600015.SH,600015,20251209,91508520,0,101281,A,S,74900,300,
600015.SH,600015,20251209,91508570,0,101858,A,B,68200,4600,
600015.SH,600015,20251209,91508670,0,102195,A,S,76200,400,
600015.SH,600015,20251209,91508700,0,102347,A,S,69800,9800,
600015.SH,600015,20251209,91508700,0,102351,A,B,69000,9800,
600015.SH,600015,20251209,91508700,0,102486,A,S,70500,2500,
600015.SH,600015,20251209,91508700,0,102537,A,B,68400,5000,
600015.SH,600015,20251209,91508700,0,102545,A,S,70300,1000,
600015.SH,600015,20251209,91508700,0,102546,A,S,70400,1000,
600015.SH,600015,20251209,91508700,0,102554,A,B,68500,79400,
600015.SH,600015,20251209,91508750,0,102906,A,B,68500,1600,
600015.SH,600015,20251209,91508800,0,103136,A,B,69200,15300,
600015.SH,600015,20251209,91508980,0,103654,A,S,72700,2900,
600015.SH,600015,20251209,91508980,0,103724,A,S,76300,2700,
600015.SH,600015,20251209,91509000,0,103817,A,S,70300,4000,
600015.SH,600015,20251209,91509000,0,103818,A,S,70600,4000,
600015.SH,600015,20251209,91509000,0,103820,A,S,70900,4000,
600015.SH,600015,20251209,91509000,0,103873,A,B,68800,100000,
600015.SH,600015,20251209,91509000,0,103887,A,S,71200,4000,
600015.SH,600015,20251209,91509000,0,103889,A,S,71500,4000,
600015.SH,600015,20251209,91509020,0,103949,A,S,71800,4000,
600015.SH,600015,20251209,91509020,0,103968,A,S,71300,3000,
600015.SH,600015,20251209,91509020,0,104001,A,S,72300,1000,
600015.SH,600015,20251209,91509060,0,104058,A,B,69200,15200,
600015.SH,600015,20251209,91509100,0,104284,A,S,70300,14600,
600015.SH,600015,20251209,91509140,0,104341,A,S,70400,6000,
600015.SH,600015,20251209,91509170,0,104411,A,S,71000,500,
600015.SH,600015,20251209,91509170,0,104490,A,S,70300,2000,
600015.SH,600015,20251209,91509190,0,104601,A,S,74000,5000,
600015.SH,600015,20251209,91509190,0,104603,A,S,76300,2000,
600015.SH,600015,20251209,91509220,0,104804,A,S,76000,3000,
600015.SH,600015,20251209,91509220,0,104812,A,S,74400,200,
600015.SH,600015,20251209,91509220,0,104864,A,S,70700,5000,
600015.SH,600015,20251209,91509220,0,104866,A,S,72500,5000,
600015.SH,600015,20251209,91509220,0,104892,A,S,70600,3000,
600015.SH,600015,20251209,91509310,0,105082,A,B,68000,500,
600015.SH,600015,20251209,91509310,0,105118,A,S,72000,500,
600015.SH,600015,20251209,91509330,0,105172,A,S,76200,100,
600015.SH,600015,20251209,91509330,0,105179,A,S,70200,2600,
600015.SH,600015,20251209,91509350,0,105379,A,B,69100,20000,
600015.SH,600015,20251209,91509400,0,105530,A,B,68000,1200,
600015.SH,600015,20251209,91509400,0,105668,A,S,69900,9800,
600015.SH,600015,20251209,91509400,0,105669,A,B,68200,9600,
600015.SH,600015,20251209,91509440,0,105724,A,S,69900,5000,
600015.SH,600015,20251209,91509440,0,105759,A,S,74500,100,
600015.SH,600015,20251209,91509470,0,105814,A,S,76200,300,
600015.SH,600015,20251209,91509470,0,105816,A,S,70500,5000,
600015.SH,600015,20251209,91509470,0,105881,A,S,75500,2000,
600015.SH,600015,20251209,91509510,0,106152,A,S,70400,300,
600015.SH,600015,20251209,91509510,0,106154,A,S,73400,300,
600015.SH,600015,20251209,91509510,0,106155,A,S,74500,300,
600015.SH,600015,20251209,91509510,0,106156,A,S,75500,300,
600015.SH,600015,20251209,91509650,0,106618,A,S,71600,4000,
600015.SH,600015,20251209,91509650,0,106621,A,S,71600,4000,
600015.SH,600015,20251209,91509690,0,106699,A,S,70900,10000,
600015.SH,600015,20251209,91509690,0,106705,A,S,70400,1000,
600015.SH,600015,20251209,91509780,0,107120,A,S,71200,15000,
600015.SH,600015,20251209,91509780,0,107182,A,B,69000,28000,
600015.SH,600015,20251209,91509810,0,107225,A,S,70500,15600,
600015.SH,600015,20251209,91509810,0,107237,A,B,68700,1000,
600015.SH,600015,20251209,91509810,0,107315,A,B,68500,1800,
600015.SH,600015,20251209,91509810,0,107317,A,B,68300,3000,
600015.SH,600015,20251209,91509840,0,107508,A,S,69800,1000,
600015.SH,600015,20251209,91509880,0,107672,A,B,67900,100,
600015.SH,600015,20251209,91509880,0,107713,A,S,71500,20000,
600015.SH,600015,20251209,91510000,0,108040,A,S,70600,5000,
600015.SH,600015,20251209,91510000,0,108077,A,B,67000,3000,
600015.SH,600015,20251209,91510000,0,108120,A,S,72900,5000,
600015.SH,600015,20251209,91510000,0,108129,A,S,76300,6000,
600015.SH,600015,20251209,91510000,0,108206,A,B,63100,4000,
600015.SH,600015,20251209,91510040,0,108253,A,B,69300,900,
600015.SH,600015,20251209,91510040,0,108254,A,B,69100,900,
600015.SH,600015,20251209,91510040,0,108257,A,B,68900,500,
600015.SH,600015,20251209,91510040,0,108258,A,B,68700,500,
600015.SH,600015,20251209,91510040,0,108297,A,B,68500,500,
600015.SH,600015,20251209,91510040,0,108298,A,B,68300,500,
600015.SH,600015,20251209,91510040,0,108301,A,B,68100,500,
600015.SH,600015,20251209,91510060,0,108395,A,S,69900,1000,
600015.SH,600015,20251209,91510060,0,108418,A,B,65600,20000,
600015.SH,600015,20251209,91510190,0,108917,A,S,70200,2000,
600015.SH,600015,20251209,91510190,0,108944,A,B,68200,2000,
600015.SH,600015,20251209,91510190,0,108958,A,B,69200,1500,
600015.SH,600015,20251209,91510190,0,109003,A,S,70500,10000,
600015.SH,600015,20251209,91510230,0,109118,A,B,68600,2000,
600015.SH,600015,20251209,91510230,0,109124,A,B,69400,900,
600015.SH,600015,20251209,91510230,0,109125,A,B,69200,900,
600015.SH,600015,20251209,91510230,0,109126,A,B,69000,900,
600015.SH,600015,20251209,91510230,0,109127,A,B,68800,500,
600015.SH,600015,20251209,91510230,0,109128,A,B,68600,500,
600015.SH,600015,20251209,91510230,0,109129,A,B,68400,500,
600015.SH,600015,20251209,91510310,0,109398,A,B,68200,500,
600015.SH,600015,20251209,91510310,0,109399,A,B,68000,500,
600015.SH,600015,20251209,91510400,0,109669,A,S,70500,52900,
600015.SH,600015,20251209,91510420,0,109730,A,S,73600,5000,
600015.SH,600015,20251209,91510450,0,110024,A,S,70100,7600,
600015.SH,600015,20251209,91510700,0,110928,A,B,68100,2000,
600015.SH,600015,20251209,91510700,0,110929,A,B,67900,2000,
600015.SH,600015,20251209,91510730,0,111003,A,B,69100,4800,
600015.SH,600015,20251209,91510780,0,111431,A,B,68300,1600,
600015.SH,600015,20251209,91510780,0,111438,A,S,70500,2000,
600015.SH,600015,20251209,91510780,0,111485,A,B,69100,46800,
600015.SH,600015,20251209,91510830,0,111652,A,B,69100,1000,
600015.SH,600015,20251209,91510900,0,111835,A,S,73000,1000,
600015.SH,600015,20251209,91511070,0,112535,A,B,62800,10000,
600015.SH,600015,20251209,91511070,0,112586,A,S,71300,31000,
600015.SH,600015,20251209,91511070,0,112611,A,S,74400,2700,
600015.SH,600015,20251209,91511100,0,112795,A,S,69800,400,
600015.SH,600015,20251209,91511180,0,113132,A,B,68300,1000,
600015.SH,600015,20251209,91511180,0,113133,A,B,68100,1000,
600015.SH,600015,20251209,91511180,0,113134,A,B,67700,1000,
600015.SH,600015,20251209,91511180,0,113137,A,B,67100,1000,
600015.SH,600015,20251209,91511180,0,113150,A,B,67600,1500,
600015.SH,600015,20251209,91511180,0,113151,A,B,68800,1100,
600015.SH,600015,20251209,91511180,0,113153,A,B,68600,1100,
600015.SH,600015,20251209,91511220,0,113219,A,S,69500,200,
600015.SH,600015,20251209,91511240,0,113400,A,B,68300,600,
600015.SH,600015,20251209,91511240,0,113401,A,B,67500,600,
600015.SH,600015,20251209,91511240,0,113414,A,B,66600,1600,
600015.SH,600015,20251209,91511240,0,113415,A,B,66900,600,
600015.SH,600015,20251209,91511240,0,113452,A,B,65600,1600,
600015.SH,600015,20251209,91511240,0,113476,A,B,64600,1600,
600015.SH,600015,20251209,91511240,0,113478,A,B,63600,1600,
600015.SH,600015,20251209,91511240,0,113514,A,B,62500,1600,
600015.SH,600015,20251209,91511240,0,113535,A,S,70700,2000,
600015.SH,600015,20251209,91511240,0,113538,A,S,72900,1500,
600015.SH,600015,20251209,91511240,0,113539,A,S,74900,1400,
600015.SH,600015,20251209,91511240,0,113542,A,S,76300,1400,
600015.SH,600015,20251209,91511270,0,113595,A,S,72100,300,
600015.SH,600015,20251209,91511320,0,113940,A,S,73200,800,
600015.SH,600015,20251209,91511400,0,114184,A,B,68600,75000,
600015.SH,600015,20251209,91511400,0,114231,A,S,76200,100,
600015.SH,600015,20251209,91511450,0,114342,A,S,70500,300,
600015.SH,600015,20251209,91511450,0,114503,A,B,69000,1200,
600015.SH,600015,20251209,91511450,0,114539,A,B,68500,10000,
600015.SH,600015,20251209,91511500,0,114713,A,S,72000,3000,
600015.SH,600015,20251209,91511500,0,114761,A,S,69800,300,
600015.SH,600015,20251209,91511550,0,114809,A,S,71300,400,
600015.SH,600015,20251209,91511550,0,114847,A,S,69500,3000,
600015.SH,600015,20251209,91511590,0,115045,A,S,70600,2000,
600015.SH,600015,20251209,91511620,0,115142,A,S,76300,1200,
600015.SH,600015,20251209,91511620,0,115259,A,B,68000,100,
600015.SH,600015,20251209,91511620,0,115269,A,S,70000,50300,
600015.SH,600015,20251209,91511620,0,115270,A,S,70100,50300,
600015.SH,600015,20251209,91511620,0,115280,A,S,69900,50400,
600015.SH,600015,20251209,91511620,0,115281,A,S,69800,50400,
600015.SH,600015,20251209,91511650,0,115362,A,S,70200,3000,
600015.SH,600015,20251209,91511650,0,115363,A,B,68500,3000,
600015.SH,600015,20251209,91511650,0,115507,A,S,70000,5000,
600015.SH,600015,20251209,91511650,0,115508,A,B,68800,12000,
600015.SH,600015,20251209,91511740,0,115684,A,S,74000,1000,
600015.SH,600015,20251209,91511740,0,115695,A,B,68700,12000,
600015.SH,600015,20251209,91511780,0,115723,A,S,70700,2000,
600015.SH,600015,20251209,91511780,0,115724,A,S,71800,2000,
600015.SH,600015,20251209,91511830,0,116132,A,B,68700,100,
600015.SH,600015,20251209,91511910,0,116461,A,B,64000,1000,
600015.SH,600015,20251209,91511990,0,116914,A,S,74800,5000,
600015.SH,600015,20251209,91512160,0,117489,A,S,76300,400,
600015.SH,600015,20251209,91512180,0,117685,A,S,70100,6600,
600015.SH,600015,20251209,91512210,0,117763,A,B,68400,100,
600015.SH,600015,20251209,91512280,0,117934,A,S,70900,3000,
600015.SH,600015,20251209,91512310,0,118213,A,B,67900,2500,
600015.SH,600015,20251209,91512310,0,118214,A,B,67200,2500,
600015.SH,600015,20251209,91512310,0,118219,A,B,66500,2500,
600015.SH,600015,20251209,91512310,0,118248,A,S,70500,600,
600015.SH,600015,20251209,91512340,0,118369,A,B,67400,1900,
600015.SH,600015,20251209,91512340,0,118391,A,S,76200,900,
600015.SH,600015,20251209,91512340,0,118404,A,B,67300,1000,
600015.SH,600015,20251209,91512420,0,118620,A,B,69200,1000,
600015.SH,600015,20251209,91512420,0,118623,A,S,71300,600,
600015.SH,600015,20251209,91512420,0,118632,A,S,71600,600,
600015.SH,600015,20251209,91512420,0,118649,A,B,69000,5000,
600015.SH,600015,20251209,91512460,0,118757,A,S,72600,600,
600015.SH,600015,20251209,91512460,0,118758,A,S,73600,600,
600015.SH,600015,20251209,91512460,0,118759,A,S,74500,600,
600015.SH,600015,20251209,91512460,0,118760,A,S,75500,600,
600015.SH,600015,20251209,91512460,0,118768,A,B,68100,2000,
600015.SH,600015,20251209,91512460,0,118770,A,B,67100,2000,
600015.SH,600015,20251209,91512520,0,118853,A,B,63100,2000,
600015.SH,600015,20251209,91512520,0,118870,A,S,69400,200,
600015.SH,600015,20251209,91512520,0,118873,A,B,62500,2000,
600015.SH,600015,20251209,91512520,0,118916,A,S,73500,3800,
600015.SH,600015,20251209,91512520,0,119027,A,S,71800,2500,
600015.SH,600015,20251209,91512520,0,119028,A,S,72500,2500,
600015.SH,600015,20251209,91512520,0,119055,A,B,68800,10000,
600015.SH,600015,20251209,91512520,0,119068,A,S,73900,1500,
600015.SH,600015,20251209,91512680,0,119637,A,S,69800,6000,
600015.SH,600015,20251209,91512700,0,119679,A,S,69800,10000,
600015.SH,600015,20251209,91512700,0,119720,A,B,69100,1500,
600015.SH,600015,20251209,91512700,0,119722,A,B,68500,1500,
600015.SH,600015,20251209,91512760,0,119898,A,S,70000,2000,
600015.SH,600015,20251209,91512760,0,119953,A,B,67500,2000,
600015.SH,600015,20251209,91512790,0,119995,A,S,71500,2000,
600015.SH,600015,20251209,91512790,0,120009,A,S,73500,200,
600015.SH,600015,20251209,91512790,0,120010,A,S,75800,200,
600015.SH,600015,20251209,91512790,0,120011,A,B,67100,200,
600015.SH,600015,20251209,91512850,0,120159,A,S,70400,1000,
600015.SH,600015,20251209,91512850,0,120166,A,S,74900,5000,
600015.SH,600015,20251209,91512850,0,120335,A,S,71300,2000,
600015.SH,600015,20251209,91512880,0,120438,A,S,71100,2000,
600015.SH,600015,20251209,91512880,0,120441,A,S,70900,2000,
600015.SH,600015,20251209,91512880,0,120445,A,S,70700,2000,
600015.SH,600015,20251209,91512880,0,120450,A,S,70500,2000,
600015.SH,600015,20251209,91512880,0,120458,A,S,70000,2000,
600015.SH,600015,20251209,91512880,0,120485,A,S,69400,9700,
600015.SH,600015,20251209,91512880,0,120559,A,S,76300,2000,
600015.SH,600015,20251209,91512910,0,120684,A,S,70300,10000,
600015.SH,600015,20251209,91512930,0,120728,A,B,69100,3200,
600015.SH,600015,20251209,91512930,0,120729,A,B,69000,3200,
600015.SH,600015,20251209,91512930,0,120748,A,S,76300,1000,
600015.SH,600015,20251209,91512930,0,120756,A,S,75900,1000,
600015.SH,600015,20251209,91512930,0,120757,A,S,74900,1000,
600015.SH,600015,20251209,91512930,0,120759,A,S,73900,1000,
600015.SH,600015,20251209,91512930,0,120760,A,S,72900,1000,
600015.SH,600015,20251209,91512930,0,120761,A,S,71900,1000,
600015.SH,600015,20251209,91512930,0,120815,A,B,69000,24100,
600015.SH,600015,20251209,91512970,0,120872,A,S,70900,1000,
600015.SH,600015,20251209,91512970,0,120873,A,S,70500,900,
600015.SH,600015,20251209,91512970,0,120916,A,B,67700,600,
600015.SH,600015,20251209,91512970,0,120950,A,S,70200,4500,
600015.SH,600015,20251209,91513010,0,121042,A,B,69100,200,
600015.SH,600015,20251209,91513050,0,121125,A,S,76300,1100,
600015.SH,600015,20251209,91513050,0,121226,A,S,73700,500,
600015.SH,600015,20251209,91513290,0,122103,A,S,71500,100,
600015.SH,600015,20251209,91513290,0,122246,A,B,68200,500,
600015.SH,600015,20251209,91513290,0,122248,A,S,70600,3000,
600015.SH,600015,20251209,91513390,0,122592,A,B,67500,400,
600015.SH,600015,20251209,91513430,0,122755,A,B,66000,200,
600015.SH,600015,20251209,91513470,0,122775,A,S,69700,9900,
600015.SH,600015,20251209,91513470,0,122865,A,S,72200,600,
600015.SH,600015,20251209,91513540,0,123051,A,S,69900,12200,
600015.SH,600015,20251209,91513540,0,123054,A,B,68900,13200,
600015.SH,600015,20251209,91513540,0,123081,A,B,62500,500,
600015.SH,600015,20251209,91513540,0,123093,A,S,70000,15900,
600015.SH,600015,20251209,91513540,0,123095,A,S,74100,2900,
600015.SH,600015,20251209,91513540,0,123119,A,B,69100,9900,
600015.SH,600015,20251209,91513540,0,123121,A,S,70600,15900,
600015.SH,600015,20251209,91513540,0,123123,A,S,71200,15900,
600015.SH,600015,20251209,91513570,0,123171,A,S,70400,600,
600015.SH,600015,20251209,91513610,0,123299,A,S,71400,600,
600015.SH,600015,20251209,91513610,0,123300,A,S,71700,600,
600015.SH,600015,20251209,91513610,0,123338,A,S,69800,100,
600015.SH,600015,20251209,91513610,0,123408,A,B,68800,9900,
600015.SH,600015,20251209,91513610,0,123410,A,B,68500,9900,
600015.SH,600015,20251209,91513610,0,123414,A,S,69800,7600,
600015.SH,600015,20251209,91513610,0,123419,A,S,73600,1000,
600015.SH,600015,20251209,91513610,0,123428,A,B,69000,7600,
600015.SH,600015,20251209,91513610,0,123431,A,B,68600,7700,
600015.SH,600015,20251209,91513610,0,123438,A,B,68900,8500,
600015.SH,600015,20251209,91513660,0,123503,A,S,70000,10600,
600015.SH,600015,20251209,91513660,0,123549,A,S,72900,600,
600015.SH,600015,20251209,91513690,0,123676,A,S,74000,600,
600015.SH,600015,20251209,91513760,0,123821,A,S,75800,600,
600015.SH,600015,20251209,91513760,0,123969,A,S,70300,79900,
600015.SH,600015,20251209,91513810,0,124161,A,B,69500,500,
600015.SH,600015,20251209,91513880,0,124349,A,B,68800,300,
600015.SH,600015,20251209,91513940,0,124544,A,S,69700,10400,
600015.SH,600015,20251209,91513940,0,124547,A,S,76100,400,
600015.SH,600015,20251209,91513960,0,124747,A,B,69100,7900,
600015.SH,600015,20251209,91514020,0,124899,A,B,68800,8000,
600015.SH,600015,20251209,91514020,0,124926,A,S,72000,200,
600015.SH,600015,20251209,91514120,0,125200,A,S,73900,200,
600015.SH,600015,20251209,91514120,0,125323,A,B,69400,3400,
600015.SH,600015,20251209,91514160,0,125377,A,S,76300,100,
600015.SH,600015,20251209,91514160,0,125424,A,B,68400,300,
600015.SH,600015,20251209,91514160,0,125443,A,S,69800,14800,
600015.SH,600015,20251209,91514160,0,125448,A,S,70200,14800,
600015.SH,600015,20251209,91514160,0,125449,A,B,69000,13300,
600015.SH,600015,20251209,91514160,0,125451,A,B,68600,13400,
600015.SH,600015,20251209,91514160,0,125452,A,B,68200,13600,
600015.SH,600015,20251209,91514160,0,125479,A,S,72600,3500,
600015.SH,600015,20251209,91514210,0,125684,A,B,67900,300,
600015.SH,600015,20251209,91514210,0,125699,A,B,69200,10000,
600015.SH,600015,20251209,91514210,0,125775,A,B,68200,10000,
600015.SH,600015,20251209,91514240,0,125816,A,B,68900,16700,
600015.SH,600015,20251209,91514240,0,125866,A,S,72800,3600,
600015.SH,600015,20251209,91514240,0,125920,A,S,69900,15400,
600015.SH,600015,20251209,91514240,0,125921,A,S,70400,15400,
600015.SH,600015,20251209,91514310,0,126101,A,S,70000,11500,
600015.SH,600015,20251209,91514370,0,126255,A,S,70200,10000,
600015.SH,600015,20251209,91514370,0,126257,A,S,70000,1000,
600015.SH,600015,20251209,91514370,0,126304,A,S,70600,11500,
600015.SH,600015,20251209,91514390,0,126438,A,B,68800,30000,
600015.SH,600015,20251209,91514390,0,126476,A,B,68200,500,
600015.SH,600015,20251209,91514410,0,126508,A,S,71800,1000,
600015.SH,600015,20251209,91514410,0,126509,A,S,74100,1000,
600015.SH,600015,20251209,91514480,0,126605,A,S,76300,1000,
600015.SH,600015,20251209,91514490,0,126673,A,S,70200,8000,
600015.SH,600015,20251209,91514550,0,126819,A,B,64300,100,
600015.SH,600015,20251209,91514600,0,126984,A,S,76300,6400,
600015.SH,600015,20251209,91514600,0,127117,A,S,70300,4000,
600015.SH,600015,20251209,91514630,0,127201,A,S,71700,1800,
600015.SH,600015,20251209,91514660,0,127228,A,B,69200,300,
600015.SH,600015,20251209,91514660,0,127260,A,S,70000,3000,
600015.SH,600015,20251209,91514690,0,127386,A,B,64400,600,
600015.SH,600015,20251209,91514720,0,127536,A,B,69000,3000,
600015.SH,600015,20251209,91514720,0,127635,A,B,67000,2000,
600015.SH,600015,20251209,91514720,0,127639,A,B,68300,5000,
600015.SH,600015,20251209,91514800,0,127827,A,B,69000,1100,
600015.SH,600015,20251209,91514920,0,128371,A,B,67000,600,
600015.SH,600015,20251209,91514960,0,128427,A,S,71200,10700,
600015.SH,600015,20251209,91514990,0,128539,A,B,63300,800,
600015.SH,600015,20251209,91514990,0,128541,A,B,64400,500,
600015.SH,600015,20251209,91515050,0,128976,A,S,70000,700,
600015.SH,600015,20251209,91515050,0,128981,A,S,69900,300,
600015.SH,600015,20251209,91515050,0,128983,A,S,70600,300,
600015.SH,600015,20251209,91515050,0,128991,A,S,71000,300,
600015.SH,600015,20251209,91515130,0,129229,A,S,75000,2000,
600015.SH,600015,20251209,91515210,0,129682,A,S,73000,1000,
600015.SH,600015,20251209,91515210,0,129715,A,S,69800,700,
600015.SH,600015,20251209,91515340,0,129962,A,S,72800,3100,
600015.SH,600015,20251209,91515360,0,130201,A,S,69800,5000,
600015.SH,600015,20251209,91515360,0,130224,A,B,68300,1000,
600015.SH,600015,20251209,91515360,0,130260,A,S,69300,4300,
600015.SH,600015,20251209,91515360,0,130262,A,B,68800,4700,
600015.SH,600015,20251209,91515390,0,130273,A,B,65100,2000,
600015.SH,600015,20251209,91515390,0,130297,A,S,71300,2000,
600015.SH,600015,20251209,91515390,0,130300,A,S,71900,1500,
600015.SH,600015,20251209,91515390,0,130301,A,S,76300,1500,
600015.SH,600015,20251209,91515550,0,130901,A,S,70100,10000,
600015.SH,600015,20251209,91515590,0,131123,A,S,71900,1000,
600015.SH,600015,20251209,91515730,0,131579,A,S,70400,600,
600015.SH,600015,20251209,91515730,0,131580,A,S,71200,600,
600015.SH,600015,20251209,91515730,0,131583,A,S,71600,600,
600015.SH,600015,20251209,91515760,0,131625,A,S,70300,2000,
600015.SH,600015,20251209,91515760,0,131716,A,S,72600,1500,
600015.SH,600015,20251209,91515760,0,131729,A,S,70200,20000,
600015.SH,600015,20251209,91515760,0,131731,A,S,72600,600,
600015.SH,600015,20251209,91515760,0,131748,A,S,70200,30000,
600015.SH,600015,20251209,91515760,0,131749,A,S,70200,25000,
600015.SH,600015,20251209,91515760,0,131793,A,S,73600,600,
600015.SH,600015,20251209,91515760,0,131795,A,S,74400,600,
600015.SH,600015,20251209,91515760,0,131796,A,S,75700,600,
600015.SH,600015,20251209,91515760,0,131833,A,S,69700,5000,
600015.SH,600015,20251209,91515810,0,131848,A,S,69800,5000,
600015.SH,600015,20251209,91515840,0,131990,A,S,70200,17000,
600015.SH,600015,20251209,91515840,0,131991,A,S,70200,18000,
600015.SH,600015,20251209,91515860,0,132035,A,S,69900,5000,
600015.SH,600015,20251209,91515860,0,132083,A,B,68400,3000,
600015.SH,600015,20251209,91515900,0,132268,A,B,68700,2600,
600015.SH,600015,20251209,91515900,0,132269,A,B,68500,2700,
600015.SH,600015,20251209,91515900,0,132276,A,S,70100,19000,
600015.SH,600015,20251209,91515900,0,132282,A,S,70000,5000,
600015.SH,600015,20251209,91515900,0,132283,A,S,70100,5000,
600015.SH,600015,20251209,91515930,0,132298,A,S,70200,5000,
600015.SH,600015,20251209,91515930,0,132305,A,S,70200,9700,
600015.SH,600015,20251209,91515930,0,132322,A,S,70300,5000,
600015.SH,600015,20251209,91515930,0,132354,A,S,76300,10000,
600015.SH,600015,20251209,91515930,0,132357,A,B,69000,3500,
600015.SH,600015,20251209,91515930,0,132392,A,B,68800,4000,
600015.SH,600015,20251209,91515930,0,132394,A,B,68700,4000,
600015.SH,600015,20251209,91515950,0,132454,A,S,70400,5000,
600015.SH,600015,20251209,91515980,0,132522,A,S,70100,13000,
600015.SH,600015,20251209,91515980,0,132526,A,B,68300,2800,
600015.SH,600015,20251209,91515980,0,132527,A,B,67900,3000,
600015.SH,600015,20251209,91515980,0,132568,A,S,70100,20000,
600015.SH,600015,20251209,91516070,0,132958,A,S,70200,1900,
600015.SH,600015,20251209,91516070,0,132979,A,S,70100,16000,
600015.SH,600015,20251209,91516070,0,132980,A,S,70100,22000,
600015.SH,600015,20251209,91516160,0,133193,A,B,68600,8100,
600015.SH,600015,20251209,91516160,0,133222,A,S,76300,5000,
600015.SH,600015,20251209,91516160,0,133228,A,S,70000,20000,
600015.SH,600015,20251209,91516190,0,133380,A,S,73000,6200,
600015.SH,600015,20251209,91516190,0,133391,A,S,70600,1000,
600015.SH,600015,20251209,91516190,0,133434,A,S,70100,10000,
600015.SH,600015,20251209,91516230,0,133642,A,S,70000,18000,
600015.SH,600015,20251209,91516260,0,133719,A,S,70000,20000,
600015.SH,600015,20251209,91516260,0,133720,A,S,70000,1000,
600015.SH,600015,20251209,91516290,0,133798,A,S,70000,22000,
600015.SH,600015,20251209,91516310,0,133802,A,B,68000,1000,
600015.SH,600015,20251209,91516330,0,133938,A,B,65100,800,
600015.SH,600015,20251209,91516360,0,133954,A,S,72000,3000,
600015.SH,600015,20251209,91516360,0,134015,A,S,70000,20000,
600015.SH,600015,20251209,91516360,0,134016,A,B,69100,50000,
600015.SH,600015,20251209,91516360,0,134017,A,B,69100,50000,
600015.SH,600015,20251209,91516360,0,134018,A,B,69000,100000,
600015.SH,600015,20251209,91516360,0,134019,A,B,69200,50000,
600015.SH,600015,20251209,91516360,0,134129,A,S,69800,6000,
600015.SH,600015,20251209,91516410,0,134135,A,S,72600,2800,
600015.SH,600015,20251209,91516410,0,134140,A,S,69600,1000,
600015.SH,600015,20251209,91516410,0,134193,A,S,70100,1000,
600015.SH,600015,20251209,91516410,0,134194,A,B,69200,1000,
600015.SH,600015,20251209,91516410,0,134195,A,B,68700,1000,
600015.SH,600015,20251209,91516440,0,134301,A,S,70000,1500,
600015.SH,600015,20251209,91516440,0,134303,A,S,71500,1500,
600015.SH,600015,20251209,91516440,0,134391,A,B,69200,50000,
600015.SH,600015,20251209,91516440,0,134392,A,B,69200,80000,
600015.SH,600015,20251209,91516440,0,134393,A,B,69100,50000,
600015.SH,600015,20251209,91516480,0,134520,A,S,72000,1000,
600015.SH,600015,20251209,91516480,0,134532,A,S,70900,2000,
600015.SH,600015,20251209,91516480,0,134595,A,B,68400,30000,
600015.SH,600015,20251209,91516520,0,134698,A,S,72800,100,
600015.SH,600015,20251209,91516520,0,134706,A,S,73500,100,
600015.SH,600015,20251209,91516520,0,134713,A,S,74200,100,
600015.SH,600015,20251209,91516520,0,134729,A,B,67100,1600,
600015.SH,600015,20251209,91516550,0,134861,A,S,70400,1000,
600015.SH,600015,20251209,91516590,0,134909,A,S,74900,100,
600015.SH,600015,20251209,91516630,0,135207,A,B,67900,1000,
600015.SH,600015,20251209,91516740,0,135548,A,B,69700,45100,
600015.SH,600015,20251209,91516950,0,136187,A,B,68400,1000,
600015.SH,600015,20251209,91516950,0,136214,A,B,67200,10000,
600015.SH,600015,20251209,91516950,0,136320,A,B,69100,5200,
600015.SH,600015,20251209,91516950,0,136331,A,B,68800,5300,
600015.SH,600015,20251209,91516950,0,136354,A,B,69200,5000,
600015.SH,600015,20251209,91517000,0,136449,A,B,68900,5000,
600015.SH,600015,20251209,91517000,0,136469,A,S,70900,5000,
600015.SH,600015,20251209,91517000,0,136485,A,B,68700,2000,
600015.SH,600015,20251209,91517000,0,136511,A,S,70400,2000,
600015.SH,600015,20251209,91517000,0,136519,A,S,71000,20000,
600015.SH,600015,20251209,91517040,0,136687,A,B,76300,3000,
600015.SH,600015,20251209,91517040,0,136767,A,B,68000,200,
600015.SH,600015,20251209,91517090,0,136888,A,S,76300,500,
600015.SH,600015,20251209,91517090,0,136963,A,S,73200,1000,
600015.SH,600015,20251209,91517090,0,136965,A,B,63200,1100,
600015.SH,600015,20251209,91517170,0,137144,A,S,72000,600,
600015.SH,600015,20251209,91517170,0,137183,A,B,68300,700,
600015.SH,600015,20251209,91517230,0,137284,A,S,70400,6000,
600015.SH,600015,20251209,91517230,0,137294,A,S,70000,10000,
600015.SH,600015,20251209,91517230,0,137303,A,S,71400,1800,
600015.SH,600015,20251209,91517240,0,137381,A,B,68600,10000,
600015.SH,600015,20251209,91517240,0,137436,A,B,62800,4100,
600015.SH,600015,20251209,91517300,0,137722,A,S,69900,5000,
600015.SH,600015,20251209,91517300,0,137724,A,S,70200,5000,
600015.SH,600015,20251209,91517300,0,137725,A,S,70500,5000,
600015.SH,600015,20251209,91517330,0,137798,A,B,65800,500,
600015.SH,600015,20251209,91517330,0,137834,A,B,76300,3300,
600015.SH,600015,20251209,91517330,0,137873,A,S,76300,1940,
600015.SH,600015,20251209,91517370,0,137953,A,B,68700,2000,
600015.SH,600015,20251209,91517370,0,137974,A,B,68100,2900,
600015.SH,600015,20251209,91517400,0,138061,A,B,69200,1000,
600015.SH,600015,20251209,91517430,0,138146,A,S,71900,25300,
600015.SH,600015,20251209,91517490,0,138356,A,B,68000,4500,
600015.SH,600015,20251209,91517520,0,138460,A,S,71500,600,
600015.SH,600015,20251209,91517570,0,138606,A,B,68400,4500,
600015.SH,600015,20251209,91517570,0,138620,A,S,70300,700,
600015.SH,600015,20251209,91517610,0,138819,A,S,69500,3000,
600015.SH,600015,20251209,91517730,0,139249,A,S,76300,500,
600015.SH,600015,20251209,91517730,0,139333,A,S,76300,1200,
600015.SH,600015,20251209,91517760,0,139376,A,S,71000,1000,
600015.SH,600015,20251209,91517760,0,139451,A,S,72000,1000,
600015.SH,600015,20251209,91517790,0,139501,A,S,69700,5000,
600015.SH,600015,20251209,91517790,0,139502,A,S,69800,5000,
600015.SH,600015,20251209,91517790,0,139503,A,S,69900,5000,
600015.SH,600015,20251209,91517790,0,139504,A,S,70000,5000,
600015.SH,600015,20251209,91517790,0,139505,A,S,70100,5000,
600015.SH,600015,20251209,91517790,0,139506,A,S,70200,5000,
600015.SH,600015,20251209,91517790,0,139507,A,S,70300,5000,
600015.SH,600015,20251209,91517790,0,139508,A,S,70400,5000,
600015.SH,600015,20251209,91517790,0,139599,A,S,70100,2500,
600015.SH,600015,20251209,91517890,0,139763,A,S,70500,5000,
600015.SH,600015,20251209,91517890,0,139767,A,S,70600,5000,
600015.SH,600015,20251209,91517890,0,139863,A,S,72100,3000,
600015.SH,600015,20251209,91518000,0,140183,A,B,69100,700,
600015.SH,600015,20251209,91518000,0,140201,A,S,69900,500,
600015.SH,600015,20251209,91518000,0,140219,A,S,70100,1000,
600015.SH,600015,20251209,91518070,0,140483,A,B,68000,1000,
600015.SH,600015,20251209,91518070,0,140484,A,S,70000,1000,
600015.SH,600015,20251209,91518160,0,140902,A,S,76200,200,
600015.SH,600015,20251209,91518180,0,141023,A,S,75800,200,
600015.SH,600015,20251209,91518200,0,141089,A,S,73000,3800,
600015.SH,600015,20251209,91518270,0,141348,A,S,74800,200,
600015.SH,600015,20251209,91518310,0,141496,A,S,70400,4000,
600015.SH,600015,20251209,91518310,0,141497,A,B,68300,3000,
600015.SH,600015,20251209,91518310,0,141517,A,S,70400,8000,
600015.SH,600015,20251209,91518390,0,141815,A,B,68100,1000,
600015.SH,600015,20251209,91518490,0,141944,A,S,70100,500,
600015.SH,600015,20251209,91518490,0,141945,A,S,70700,1000,
600015.SH,600015,20251209,91518490,0,141954,A,S,76200,2900,
600015.SH,600015,20251209,91518530,0,142121,A,B,65000,100,
600015.SH,600015,20251209,91518530,0,142123,A,S,75000,100,
600015.SH,600015,20251209,91518530,0,142175,A,B,62500,500,
600015.SH,600015,20251209,91518580,0,142294,A,S,72500,500,
600015.SH,600015,20251209,91518580,0,142466,A,S,76200,500,
600015.SH,600015,20251209,91518640,0,142546,A,S,71500,7500,
600015.SH,600015,20251209,91518640,0,142547,A,S,76300,10000,
600015.SH,600015,20251209,91518640,0,142665,A,S,70300,4000,
600015.SH,600015,20251209,91518680,0,142698,A,S,68800,5400,
600015.SH,600015,20251209,91518680,0,142706,A,B,68300,4000,
600015.SH,600015,20251209,91518840,0,143261,A,S,70300,3000,
600015.SH,600015,20251209,91518840,0,143262,A,S,70700,3000,
600015.SH,600015,20251209,91518840,0,143263,A,S,71700,3000,
600015.SH,600015,20251209,91518840,0,143264,A,S,71300,3000,
600015.SH,600015,20251209,91518840,0,143265,A,B,69100,3000,
600015.SH,600015,20251209,91518840,0,143266,A,B,68400,3000,
600015.SH,600015,20251209,91518840,0,143267,A,B,68100,3000,
600015.SH,600015,20251209,91518840,0,143301,A,S,70000,2000,
600015.SH,600015,20251209,91518880,0,143396,A,S,69800,5000,
600015.SH,600015,20251209,91518910,0,143518,A,S,76200,900,
600015.SH,600015,20251209,91518910,0,143581,A,S,70300,10000,
600015.SH,600015,20251209,91518910,0,143682,A,S,70200,2000,
600015.SH,600015,20251209,91518910,0,143692,A,S,76300,3100,
600015.SH,600015,20251209,91518960,0,143816,A,S,76200,1700,
600015.SH,600015,20251209,91519000,0,143876,A,S,73000,3100,
600015.SH,600015,20251209,91519000,0,143885,A,S,76200,500,
600015.SH,600015,20251209,91519000,0,143919,A,S,70500,2000,
600015.SH,600015,20251209,91519050,0,143980,A,S,76200,300,
600015.SH,600015,20251209,91519050,0,144091,A,S,70400,500,
600015.SH,600015,20251209,91519140,0,144348,A,S,70600,200,
600015.SH,600015,20251209,91519140,0,144351,A,B,68800,200,
600015.SH,600015,20251209,91519160,0,144569,A,S,71200,1000,
600015.SH,600015,20251209,91519190,0,144659,A,B,69200,100,
600015.SH,600015,20251209,91519190,0,144664,A,B,69000,100,
600015.SH,600015,20251209,91519190,0,144709,A,B,62600,22400,
600015.SH,600015,20251209,91519240,0,144811,A,S,71200,100,
600015.SH,600015,20251209,91519240,0,144823,A,S,71900,100,
600015.SH,600015,20251209,91519240,0,144824,A,S,72600,100,
600015.SH,600015,20251209,91519240,0,144849,A,B,68800,100,
600015.SH,600015,20251209,91519240,0,144850,A,B,68600,100,
600015.SH,600015,20251209,91519240,0,144859,A,B,68200,4500,
600015.SH,600015,20251209,91519290,0,144990,A,S,69900,1000,
600015.SH,600015,20251209,91519320,0,145025,A,S,70300,1000,
600015.SH,600015,20251209,91519380,0,145336,A,S,71400,2000,
600015.SH,600015,20251209,91519380,0,145346,A,S,71200,2000,
600015.SH,600015,20251209,91519380,0,145347,A,S,71000,2000,
600015.SH,600015,20251209,91519380,0,145348,A,S,70800,2000,
600015.SH,600015,20251209,91519410,0,145371,A,S,70600,2000,
600015.SH,600015,20251209,91519440,0,145460,A,S,70400,2000,
600015.SH,600015,20251209,91519440,0,145483,A,S,70000,2000,
