万得代码,交易所代码,自然日,时间,委托编号,交易所委托号,委托类型,委托代码,委托价格,委托数量,
600064.SH,600064,20251209,91400580,0,0,S,I,0,0,
600064.SH,600064,20251209,91500230,0,791,A,B,82300,1000,
600064.SH,600064,20251209,91500350,0,1897,A,B,80600,1000,
600064.SH,600064,20251209,91500350,0,1901,A,S,87300,1000,
600064.SH,600064,20251209,91500350,0,1908,A,S,93600,1000,
600064.SH,600064,20251209,91500440,0,2786,A,S,85900,8000,
600064.SH,600064,20251209,91500440,0,2801,A,S,85800,8000,
600064.SH,600064,20251209,91501460,0,4574,A,S,86600,400,
600064.SH,600064,20251209,91501670,0,5146,A,S,93600,500,
600064.SH,600064,20251209,91501670,0,5443,A,S,93600,166000,
600064.SH,600064,20251209,91501710,0,5658,A,B,82600,5000,
600064.SH,600064,20251209,91501790,0,7061,A,B,82800,600,
600064.SH,600064,20251209,91501790,0,7766,A,B,81700,300,
600064.SH,600064,20251209,91501860,0,8343,A,S,93600,300,
600064.SH,600064,20251209,91501980,0,10843,A,S,93600,700,
600064.SH,600064,20251209,91501980,0,11410,A,S,89000,15000,
600064.SH,600064,20251209,91502440,0,13574,A,S,89300,1000,
600064.SH,600064,20251209,91502480,0,14156,A,S,86400,500,
600064.SH,600064,20251209,91502480,0,14184,A,S,87300,500,
600064.SH,600064,20251209,91502480,0,14195,A,S,88300,500,
600064.SH,600064,20251209,91502480,0,14239,A,S,89000,500,
600064.SH,600064,20251209,91502480,0,14251,A,S,90400,500,
600064.SH,600064,20251209,91502480,0,14262,A,S,91200,500,
600064.SH,600064,20251209,91502480,0,14272,A,S,91900,500,
600064.SH,600064,20251209,91502480,0,14285,A,S,92900,500,
600064.SH,600064,20251209,91502480,0,14300,A,S,93500,500,
600064.SH,600064,20251209,91502480,0,14559,A,B,84800,500,
600064.SH,600064,20251209,91502480,0,14590,A,B,84100,500,
600064.SH,600064,20251209,91502480,0,14600,A,B,83100,500,
600064.SH,600064,20251209,91502480,0,14628,A,B,82100,500,
600064.SH,600064,20251209,91502480,0,14640,A,B,81100,500,
600064.SH,600064,20251209,91502480,0,14673,A,B,80100,500,
600064.SH,600064,20251209,91502480,0,14684,A,B,79100,500,
600064.SH,600064,20251209,91502480,0,14705,A,B,78100,600,
600064.SH,600064,20251209,91502480,0,14726,A,B,77100,600,
600064.SH,600064,20251209,91502480,0,14994,A,B,84500,5000,
600064.SH,600064,20251209,91502560,0,15213,A,S,85800,2200,
600064.SH,600064,20251209,91502560,0,15221,A,S,86800,3000,
600064.SH,600064,20251209,91502560,0,15298,A,S,87800,5000,
600064.SH,600064,20251209,91502560,0,15541,A,B,84200,4000,
600064.SH,600064,20251209,91502560,0,15851,A,S,93600,1000,
600064.SH,600064,20251209,91502680,0,17613,A,S,87900,2000,
600064.SH,600064,20251209,91502680,0,18874,A,B,83700,1500,
600064.SH,600064,20251209,91502680,0,18882,A,B,83600,1500,
600064.SH,600064,20251209,91502680,0,18892,A,B,83500,1500,
600064.SH,600064,20251209,91502680,0,18900,A,B,83400,1500,
600064.SH,600064,20251209,91502680,0,18925,A,B,83300,1500,
600064.SH,600064,20251209,91502680,0,18949,A,B,83200,1500,
600064.SH,600064,20251209,91502680,0,18973,A,B,83100,1500,
600064.SH,600064,20251209,91502680,0,18990,A,B,83000,1500,
600064.SH,600064,20251209,91502830,0,19008,A,B,82900,1500,
600064.SH,600064,20251209,91502830,0,19027,A,B,82800,1500,
600064.SH,600064,20251209,91502830,0,19045,A,B,82700,1500,
600064.SH,600064,20251209,91502830,0,19062,A,B,82600,1500,
600064.SH,600064,20251209,91502830,0,19080,A,B,82500,1500,
600064.SH,600064,20251209,91502830,0,19102,A,B,82400,1500,
600064.SH,600064,20251209,91502830,0,19118,A,S,85400,500,
600064.SH,600064,20251209,91502830,0,19125,A,B,82300,1500,
600064.SH,600064,20251209,91502830,0,19140,A,S,85600,600,
600064.SH,600064,20251209,91502830,0,19149,A,B,82200,1500,
600064.SH,600064,20251209,91502830,0,19171,A,B,82100,1500,
600064.SH,600064,20251209,91502830,0,19192,A,B,82000,1500,
600064.SH,600064,20251209,91502830,0,19216,A,B,81900,1500,
600064.SH,600064,20251209,91502830,0,19229,A,S,86400,1400,
600064.SH,600064,20251209,91502830,0,19238,A,B,81800,1500,
600064.SH,600064,20251209,91502830,0,19261,A,B,81700,1500,
600064.SH,600064,20251209,91502830,0,19276,A,S,86800,1800,
600064.SH,600064,20251209,91502830,0,19283,A,B,81600,1500,
600064.SH,600064,20251209,91502830,0,19310,A,B,81500,1500,
600064.SH,600064,20251209,91502830,0,19325,A,S,87000,2000,
600064.SH,600064,20251209,91502830,0,19333,A,B,81400,1500,
600064.SH,600064,20251209,91502830,0,19360,A,B,81300,1500,
600064.SH,600064,20251209,91502830,0,19423,A,B,84900,1000,
600064.SH,600064,20251209,91502830,0,19495,A,B,84700,1300,
600064.SH,600064,20251209,91502830,0,19576,A,S,87200,400,
600064.SH,600064,20251209,91502830,0,19847,A,S,88400,200,
600064.SH,600064,20251209,91502830,0,19862,A,S,89000,200,
600064.SH,600064,20251209,91502830,0,20529,A,B,84600,1700,
600064.SH,600064,20251209,91502960,0,21714,A,S,87200,10000,
600064.SH,600064,20251209,91502960,0,21750,A,S,93500,300,
600064.SH,600064,20251209,91502960,0,22134,A,S,86000,2000,
600064.SH,600064,20251209,91502960,0,22152,A,S,87000,2000,
600064.SH,600064,20251209,91502960,0,22167,A,S,88000,2000,
600064.SH,600064,20251209,91502960,0,22185,A,S,89000,2000,
600064.SH,600064,20251209,91502960,0,22197,A,S,90000,2000,
600064.SH,600064,20251209,91502960,0,22209,A,S,91000,2000,
600064.SH,600064,20251209,91502960,0,22219,A,S,92000,2000,
600064.SH,600064,20251209,91502960,0,22229,A,S,93000,2000,
600064.SH,600064,20251209,91502960,0,22237,A,S,93600,2000,
600064.SH,600064,20251209,91502960,0,22383,A,S,88800,12000,
600064.SH,600064,20251209,91502960,0,22394,A,S,88900,12000,
600064.SH,600064,20251209,91502960,0,22404,A,S,93600,30000,
600064.SH,600064,20251209,91502960,0,22436,A,B,85000,8000,
600064.SH,600064,20251209,91502960,0,22496,A,B,84900,8000,
600064.SH,600064,20251209,91503100,0,23551,A,B,84500,500,
600064.SH,600064,20251209,91503100,0,23552,A,B,84600,500,
600064.SH,600064,20251209,91503100,0,23553,A,B,84700,500,
600064.SH,600064,20251209,91503100,0,23573,A,B,84800,500,
600064.SH,600064,20251209,91503100,0,23574,A,B,84900,500,
600064.SH,600064,20251209,91503100,0,23575,A,B,84400,500,
600064.SH,600064,20251209,91503100,0,23609,A,B,85000,500,
600064.SH,600064,20251209,91503100,0,24105,A,B,84700,4000,
600064.SH,600064,20251209,91503100,0,24109,A,B,84100,10000,
600064.SH,600064,20251209,91503230,0,25015,A,S,85700,10000,
600064.SH,600064,20251209,91503230,0,25139,A,S,90000,4000,
600064.SH,600064,20251209,91503350,0,27550,A,B,84500,500,
600064.SH,600064,20251209,91503350,0,27551,A,B,82400,600,
600064.SH,600064,20251209,91503350,0,27648,A,S,89500,400,
600064.SH,600064,20251209,91503350,0,27955,A,S,85800,3000,
600064.SH,600064,20251209,91503350,0,28011,A,B,84300,500,
600064.SH,600064,20251209,91503480,0,29139,A,S,86400,1000,
600064.SH,600064,20251209,91503480,0,29142,A,S,86500,1000,
600064.SH,600064,20251209,91503480,0,29177,A,S,86700,1000,
600064.SH,600064,20251209,91503480,0,29178,A,S,86900,1000,
600064.SH,600064,20251209,91503480,0,29189,A,B,84800,1000,
600064.SH,600064,20251209,91503480,0,29195,A,B,84700,2000,
600064.SH,600064,20251209,91503480,0,29203,A,B,84200,3000,
600064.SH,600064,20251209,91503480,0,29204,A,B,84600,2000,
600064.SH,600064,20251209,91503480,0,29286,A,S,86800,500,
600064.SH,600064,20251209,91503480,0,30128,A,B,80600,600,
600064.SH,600064,20251209,91503610,0,30992,A,B,84100,300,
600064.SH,600064,20251209,91503610,0,30993,A,B,84100,400,
600064.SH,600064,20251209,91503610,0,31450,A,S,85700,700,
600064.SH,600064,20251209,91503610,0,31479,A,S,85800,800,
600064.SH,600064,20251209,91503610,0,31523,A,S,86000,1000,
600064.SH,600064,20251209,91503610,0,31546,A,S,86200,1200,
600064.SH,600064,20251209,91503610,0,31548,A,S,86600,1600,
600064.SH,600064,20251209,91503610,0,31664,A,B,84800,1200,
600064.SH,600064,20251209,91503610,0,31892,A,S,85900,6000,
600064.SH,600064,20251209,91503610,0,32750,A,S,88800,3000,
600064.SH,600064,20251209,91503750,0,33087,A,B,84200,2600,
600064.SH,600064,20251209,91503750,0,33088,A,B,84000,3000,
600064.SH,600064,20251209,91503750,0,33166,A,S,93600,1500,
600064.SH,600064,20251209,91503750,0,33260,A,S,92600,2800,
600064.SH,600064,20251209,91503870,0,35065,A,S,86800,300,
600064.SH,600064,20251209,91503870,0,36401,A,B,84500,600,
600064.SH,600064,20251209,91504000,0,36978,A,S,87500,500,
600064.SH,600064,20251209,91504050,0,37564,A,S,86000,2600,
600064.SH,600064,20251209,91504050,0,37565,A,S,86800,2600,
600064.SH,600064,20251209,91504050,0,37573,A,S,87600,2500,
600064.SH,600064,20251209,91504050,0,37578,A,S,88000,2500,
600064.SH,600064,20251209,91504050,0,37588,A,S,88800,2500,
600064.SH,600064,20251209,91504050,0,37594,A,S,90600,2400,
600064.SH,600064,20251209,91504050,0,37610,A,S,93200,900,
600064.SH,600064,20251209,91504050,0,38389,A,B,82800,2000,
600064.SH,600064,20251209,91504050,0,38722,A,S,86000,200,
600064.SH,600064,20251209,91504050,0,38790,A,S,86400,200,
600064.SH,600064,20251209,91504050,0,38848,A,S,86600,200,
600064.SH,600064,20251209,91504050,0,38926,A,B,84800,200,
600064.SH,600064,20251209,91504180,0,39139,A,S,85600,1200,
600064.SH,600064,20251209,91504180,0,39154,A,S,86200,1200,
600064.SH,600064,20251209,91504180,0,39176,A,S,86000,1200,
600064.SH,600064,20251209,91504180,0,39564,A,S,87800,300,
600064.SH,600064,20251209,91504350,0,41462,A,S,86000,1000,
600064.SH,600064,20251209,91504350,0,41469,A,S,87000,1000,
600064.SH,600064,20251209,91504350,0,42564,A,B,84500,1000,
600064.SH,600064,20251209,91504480,0,43284,A,B,80100,3000,
600064.SH,600064,20251209,91504690,0,44979,A,S,86200,200,
600064.SH,600064,20251209,91504690,0,45096,A,S,87000,300,
600064.SH,600064,20251209,91504690,0,45135,A,B,84700,200,
600064.SH,600064,20251209,91504690,0,45681,A,S,86800,5100,
600064.SH,600064,20251209,91504690,0,46072,A,S,86000,4000,
600064.SH,600064,20251209,91504830,0,47380,A,S,86200,10000,
600064.SH,600064,20251209,91504830,0,47728,A,S,87500,12600,
600064.SH,600064,20251209,91504830,0,48127,A,B,82300,1000,
600064.SH,600064,20251209,91504830,0,48308,A,S,87300,1000,
600064.SH,600064,20251209,91504830,0,48309,A,S,89300,1000,
600064.SH,600064,20251209,91504830,0,48393,A,S,93600,1000,
600064.SH,600064,20251209,91504970,0,50028,A,S,93600,200,
600064.SH,600064,20251209,91505300,0,53570,A,S,93600,50000,
600064.SH,600064,20251209,91505300,0,53620,A,S,85500,500,
600064.SH,600064,20251209,91505300,0,53675,A,S,85900,900,
600064.SH,600064,20251209,91505300,0,53821,A,B,85000,800,
600064.SH,600064,20251209,91505300,0,54557,A,S,93000,400,
600064.SH,600064,20251209,91505300,0,55032,A,B,84400,2200,
600064.SH,600064,20251209,91505300,0,55280,A,S,93500,100,
600064.SH,600064,20251209,91505440,0,57286,A,S,93600,3000,
600064.SH,600064,20251209,91505440,0,57322,A,S,85900,200,
600064.SH,600064,20251209,91505570,0,57550,A,B,84600,200,
600064.SH,600064,20251209,91505570,0,58578,A,S,86800,500,
600064.SH,600064,20251209,91505860,0,61633,A,S,88000,500,
600064.SH,600064,20251209,91505860,0,62788,A,S,85700,1200,
600064.SH,600064,20251209,91505860,0,62839,A,B,84500,1200,
600064.SH,600064,20251209,91505860,0,62855,A,B,84300,1200,
600064.SH,600064,20251209,91505860,0,62870,A,B,84100,1100,
600064.SH,600064,20251209,91505860,0,62889,A,S,85900,5000,
600064.SH,600064,20251209,91505860,0,62912,A,B,84600,1200,
600064.SH,600064,20251209,91505860,0,62924,A,B,84400,1200,
600064.SH,600064,20251209,91505860,0,62970,A,B,84200,1200,
600064.SH,600064,20251209,91505860,0,63000,A,B,84000,1200,
600064.SH,600064,20251209,91505860,0,63016,A,B,84500,1200,
600064.SH,600064,20251209,91505860,0,63030,A,B,84300,1200,
600064.SH,600064,20251209,91505860,0,63042,A,B,84100,1200,
600064.SH,600064,20251209,91505860,0,63055,A,B,83900,1200,
600064.SH,600064,20251209,91505860,0,63071,A,S,85900,1200,
600064.SH,600064,20251209,91505860,0,63086,A,S,86100,1200,
600064.SH,600064,20251209,91505860,0,63100,A,S,86300,1200,
600064.SH,600064,20251209,91505860,0,63113,A,S,86500,1200,
600064.SH,600064,20251209,91505860,0,63130,A,S,86700,1200,
600064.SH,600064,20251209,91505860,0,63203,A,B,80100,100,
600064.SH,600064,20251209,91505860,0,63445,A,S,93600,1100,
600064.SH,600064,20251209,91506000,0,63529,A,S,93500,5000,
600064.SH,600064,20251209,91506000,0,63751,A,S,87600,1000,
600064.SH,600064,20251209,91506000,0,64388,A,S,93600,100000,
600064.SH,600064,20251209,91506170,0,66215,A,B,76600,10000,
600064.SH,600064,20251209,91506170,0,66897,A,S,87500,600,
600064.SH,600064,20251209,91506170,0,66900,A,B,83000,600,
600064.SH,600064,20251209,91506320,0,67911,A,B,84200,800,
600064.SH,600064,20251209,91506320,0,68124,A,S,88800,5000,
600064.SH,600064,20251209,91506320,0,68191,A,S,89900,5000,
600064.SH,600064,20251209,91506320,0,68259,A,S,93300,89300,
600064.SH,600064,20251209,91506320,0,68728,A,S,93600,66800,
600064.SH,600064,20251209,91506320,0,68735,A,S,92800,10000,
600064.SH,600064,20251209,91506470,0,70414,A,S,87200,3000,
600064.SH,600064,20251209,91506470,0,70415,A,S,88000,3000,
600064.SH,600064,20251209,91506470,0,70416,A,S,88800,3000,
600064.SH,600064,20251209,91506470,0,70417,A,S,89600,3000,
600064.SH,600064,20251209,91506470,0,70634,A,S,90400,3000,
600064.SH,600064,20251209,91506470,0,70679,A,S,91200,3000,
600064.SH,600064,20251209,91506470,0,70682,A,S,92000,3000,
600064.SH,600064,20251209,91506470,0,71199,A,S,88000,1500,
600064.SH,600064,20251209,91506620,0,73158,A,B,85200,400,
600064.SH,600064,20251209,91506770,0,73488,A,S,86700,2200,
600064.SH,600064,20251209,91506770,0,73778,A,S,92000,500,
600064.SH,600064,20251209,91506770,0,74227,A,B,83900,2200,
600064.SH,600064,20251209,91506920,0,75769,A,B,84700,4000,
600064.SH,600064,20251209,91506920,0,75787,A,B,84600,6000,
600064.SH,600064,20251209,91506920,0,75822,A,S,85900,11600,
600064.SH,600064,20251209,91506920,0,75823,A,S,86000,10000,
600064.SH,600064,20251209,91506920,0,75852,A,S,85800,5000,
600064.SH,600064,20251209,91506920,0,75872,A,S,86300,15000,
600064.SH,600064,20251209,91506920,0,76510,A,S,93500,800,
600064.SH,600064,20251209,91506920,0,76519,A,S,91800,700,
600064.SH,600064,20251209,91506920,0,76530,A,S,86900,300,
600064.SH,600064,20251209,91506920,0,76537,A,S,88300,400,
600064.SH,600064,20251209,91506920,0,76538,A,S,90000,600,
600064.SH,600064,20251209,91506920,0,76617,A,B,83700,300,
600064.SH,600064,20251209,91506920,0,76626,A,B,82700,300,
600064.SH,600064,20251209,91506920,0,76628,A,B,81700,400,
600064.SH,600064,20251209,91506920,0,76926,A,B,76600,2500,
600064.SH,600064,20251209,91507090,0,78574,A,S,89300,1000,
600064.SH,600064,20251209,91507090,0,78623,A,S,93600,2100,
600064.SH,600064,20251209,91507090,0,78684,A,S,87800,5000,
600064.SH,600064,20251209,91507090,0,78685,A,S,89600,4200,
600064.SH,600064,20251209,91507250,0,79815,A,S,85600,500,
600064.SH,600064,20251209,91507250,0,79816,A,S,85900,500,
600064.SH,600064,20251209,91507250,0,79828,A,S,86300,500,
600064.SH,600064,20251209,91507250,0,79849,A,S,86600,600,
600064.SH,600064,20251209,91507250,0,79850,A,S,86900,600,
600064.SH,600064,20251209,91507250,0,80374,A,S,89900,800,
600064.SH,600064,20251209,91507250,0,80676,A,B,83300,2000,
600064.SH,600064,20251209,91507250,0,81026,A,S,87000,2000,
600064.SH,600064,20251209,91507250,0,81081,A,S,87200,600,
600064.SH,600064,20251209,91507250,0,81082,A,S,87500,600,
600064.SH,600064,20251209,91507390,0,81471,A,S,87800,700,
600064.SH,600064,20251209,91507390,0,81572,A,S,88800,10000,
600064.SH,600064,20251209,91507390,0,81617,A,S,93400,55000,
600064.SH,600064,20251209,91507390,0,82236,A,S,93500,400,
600064.SH,600064,20251209,91507550,0,83320,A,S,85800,2000,
600064.SH,600064,20251209,91507590,0,84075,A,S,93600,100,
600064.SH,600064,20251209,91507590,0,84817,A,S,90900,40000,
600064.SH,600064,20251209,91507860,0,87475,A,S,86100,2000,
600064.SH,600064,20251209,91507860,0,87760,A,S,88100,1800,
600064.SH,600064,20251209,91507860,0,88316,A,B,84700,2400,
600064.SH,600064,20251209,91507860,0,88341,A,B,84700,600,
600064.SH,600064,20251209,91507860,0,88349,A,B,84400,1000,
600064.SH,600064,20251209,91507860,0,88352,A,B,84100,1500,
600064.SH,600064,20251209,91508020,0,90614,A,S,85700,2000,
600064.SH,600064,20251209,91508020,0,90615,A,B,84100,2000,
600064.SH,600064,20251209,91508020,0,91028,A,S,85700,200,
600064.SH,600064,20251209,91508020,0,91029,A,S,86100,200,
600064.SH,600064,20251209,91508020,0,91031,A,B,84900,200,
600064.SH,600064,20251209,91508020,0,91032,A,B,84500,200,
600064.SH,600064,20251209,91508180,0,92094,A,B,84800,10000,
600064.SH,600064,20251209,91508180,0,92307,A,B,84100,500,
600064.SH,600064,20251209,91508180,0,92565,A,B,83000,500,
600064.SH,600064,20251209,91508180,0,92696,A,S,86100,16000,
600064.SH,600064,20251209,91508180,0,92891,A,S,86500,600,
600064.SH,600064,20251209,91508340,0,94262,A,B,84600,2600,
600064.SH,600064,20251209,91508340,0,94425,A,S,87500,900,
600064.SH,600064,20251209,91508340,0,94427,A,S,88500,1000,
600064.SH,600064,20251209,91508340,0,94428,A,S,89500,1000,
600064.SH,600064,20251209,91508340,0,95034,A,S,86400,300,
600064.SH,600064,20251209,91508340,0,95035,A,S,87900,300,
600064.SH,600064,20251209,91508340,0,95036,A,S,88900,300,
600064.SH,600064,20251209,91508340,0,95038,A,S,89900,300,
600064.SH,600064,20251209,91508340,0,95039,A,S,91900,300,
600064.SH,600064,20251209,91508340,0,95040,A,S,92900,300,
600064.SH,600064,20251209,91508340,0,95042,A,S,93600,300,
600064.SH,600064,20251209,91508480,0,95528,A,S,89900,3500,
600064.SH,600064,20251209,91508480,0,95576,A,S,88400,300,
600064.SH,600064,20251209,91508480,0,95577,A,S,93400,400,
600064.SH,600064,20251209,91508480,0,96887,A,S,93500,1000,
600064.SH,600064,20251209,91508630,0,97867,A,S,87000,800,
600064.SH,600064,20251209,91508630,0,97889,A,S,89000,1000,
600064.SH,600064,20251209,91508630,0,98296,A,B,77000,600,
600064.SH,600064,20251209,91508630,0,98364,A,S,88300,500,
600064.SH,600064,20251209,91508630,0,98512,A,S,86500,1000,
600064.SH,600064,20251209,91508630,0,98613,A,B,83500,1000,
600064.SH,600064,20251209,91508630,0,99239,A,S,93600,5400,
600064.SH,600064,20251209,91508780,0,99554,A,S,88900,300,
600064.SH,600064,20251209,91508780,0,99555,A,S,89800,300,
600064.SH,600064,20251209,91508790,0,100658,A,S,93600,2800,
600064.SH,600064,20251209,91508790,0,100822,A,S,93600,600,
600064.SH,600064,20251209,91508980,0,101532,A,S,92800,600,
600064.SH,600064,20251209,91508980,0,101542,A,S,92000,600,
600064.SH,600064,20251209,91508980,0,101547,A,S,91200,600,
600064.SH,600064,20251209,91508980,0,101598,A,S,90400,600,
600064.SH,600064,20251209,91508980,0,101602,A,S,89600,600,
600064.SH,600064,20251209,91509140,0,104467,A,S,87500,500,
600064.SH,600064,20251209,91509140,0,104797,A,S,89900,15700,
600064.SH,600064,20251209,91509140,0,104798,A,S,87900,9700,
600064.SH,600064,20251209,91509140,0,104799,A,S,91700,35900,
600064.SH,600064,20251209,91509310,0,105972,A,B,77600,600,
600064.SH,600064,20251209,91509310,0,30992,D,B,84100,300,
600064.SH,600064,20251209,91509310,0,106890,A,S,85900,2000,
600064.SH,600064,20251209,91509310,0,106924,A,B,84100,2000,
600064.SH,600064,20251209,91509450,0,108357,A,S,93600,3000,
600064.SH,600064,20251209,91509450,0,108358,A,S,86900,1700,
600064.SH,600064,20251209,91509450,0,108359,A,S,89800,1700,
600064.SH,600064,20251209,91509450,0,108487,A,S,85700,6000,
600064.SH,600064,20251209,91509450,0,108490,A,S,85800,9000,
600064.SH,600064,20251209,91509450,0,108617,A,S,92000,5500,
600064.SH,600064,20251209,91509450,0,108778,A,S,86300,2000,
600064.SH,600064,20251209,91509450,0,108794,A,B,84000,400,
600064.SH,600064,20251209,91509760,0,111480,A,S,93600,100,
600064.SH,600064,20251209,91509760,0,111745,A,B,84400,300,
600064.SH,600064,20251209,91509760,0,112998,A,S,88100,1600,
600064.SH,600064,20251209,91509900,0,114326,A,S,93600,600,
600064.SH,600064,20251209,91510070,0,115560,A,B,84200,300,
600064.SH,600064,20251209,91510210,0,117198,A,B,84000,600,
600064.SH,600064,20251209,91510210,0,117598,A,S,87700,5000,
600064.SH,600064,20251209,91510210,0,118359,A,S,86800,200,
600064.SH,600064,20251209,91510360,0,119118,A,S,85800,5500,
600064.SH,600064,20251209,91510360,0,119119,A,S,87300,5500,
600064.SH,600064,20251209,91510520,0,121968,A,S,88900,2100,
600064.SH,600064,20251209,91510520,0,122393,A,S,88600,900,
600064.SH,600064,20251209,91510520,0,122632,A,S,86900,10000,
600064.SH,600064,20251209,91510690,0,123479,A,S,83400,4000,
600064.SH,600064,20251209,91510690,0,124465,A,S,88800,600,
600064.SH,600064,20251209,91510690,0,124538,A,B,84100,400,
600064.SH,600064,20251209,91510690,0,124613,A,S,93500,600,
600064.SH,600064,20251209,91510690,0,124679,A,S,87700,200,
600064.SH,600064,20251209,91510850,0,125683,A,B,85200,200,
600064.SH,600064,20251209,91510850,0,125944,A,S,85900,1000,
600064.SH,600064,20251209,91510850,0,126413,A,S,93500,1000,
600064.SH,600064,20251209,91511010,0,127599,A,S,86200,8000,
600064.SH,600064,20251209,91511010,0,128784,A,S,93600,1700,
600064.SH,600064,20251209,91511170,0,129302,A,S,93600,6000,
600064.SH,600064,20251209,91511170,0,129323,A,S,93500,6000,
600064.SH,600064,20251209,91511170,0,130289,A,B,84200,3000,
600064.SH,600064,20251209,91511170,0,130699,A,B,84600,38800,
600064.SH,600064,20251209,91511330,0,130927,A,B,84800,2000,
600064.SH,600064,20251209,91511330,0,132602,A,B,84900,3800,
600064.SH,600064,20251209,91511500,0,132938,A,S,85500,1100,
600064.SH,600064,20251209,91511500,0,134152,A,S,93600,2100,
600064.SH,600064,20251209,91511500,0,134156,A,S,93000,2100,
600064.SH,600064,20251209,91511500,0,134157,A,S,92500,2100,
600064.SH,600064,20251209,91511500,0,134314,A,B,84900,13800,
600064.SH,600064,20251209,91511500,0,134403,A,S,93600,2000,
600064.SH,600064,20251209,91511500,0,134405,A,S,93500,2000,
600064.SH,600064,20251209,91511500,0,134472,A,B,80000,900,
600064.SH,600064,20251209,91511680,0,134819,A,S,86100,1500,
600064.SH,600064,20251209,91511680,0,134856,A,B,83000,500,
600064.SH,600064,20251209,91511680,0,134857,A,B,82500,500,
600064.SH,600064,20251209,91511680,0,134858,A,B,82000,500,
600064.SH,600064,20251209,91511680,0,135874,A,B,84800,18800,
600064.SH,600064,20251209,91511680,0,135932,A,B,84700,18800,
600064.SH,600064,20251209,91511680,0,136205,A,S,86000,1300,
600064.SH,600064,20251209,91511850,0,136967,A,S,83400,4000,
600064.SH,600064,20251209,91511850,0,137709,A,B,84800,400,
600064.SH,600064,20251209,91511850,0,138373,A,S,88900,900,
600064.SH,600064,20251209,91511850,0,138374,A,S,89800,1000,
600064.SH,600064,20251209,91512030,0,139169,A,S,93600,2000,
600064.SH,600064,20251209,91512030,0,139170,A,S,93500,2000,
600064.SH,600064,20251209,91512030,0,139797,A,S,88600,1500,
600064.SH,600064,20251209,91512190,0,141809,A,S,87500,3000,
600064.SH,600064,20251209,91512330,0,143216,A,S,93600,40000,
600064.SH,600064,20251209,91512330,0,143234,A,S,93600,20000,
600064.SH,600064,20251209,91512530,0,144247,A,S,86000,800,
600064.SH,600064,20251209,91512530,0,144262,A,S,86500,800,
600064.SH,600064,20251209,91512530,0,145059,A,B,84500,68800,
600064.SH,600064,20251209,91512530,0,145166,A,S,88000,1000,
600064.SH,600064,20251209,91512530,0,145796,A,S,90000,1000,
600064.SH,600064,20251209,91512700,0,146292,A,B,79900,500,
600064.SH,600064,20251209,91512860,0,148476,A,S,87400,200,
600064.SH,600064,20251209,91512860,0,149372,A,B,84600,1200,
600064.SH,600064,20251209,91512860,0,149454,A,S,93600,12800,
600064.SH,600064,20251209,91513020,0,150713,A,S,92000,10100,
600064.SH,600064,20251209,91513190,0,152575,A,B,85500,1000,
600064.SH,600064,20251209,91513190,0,153228,A,B,81400,200,
600064.SH,600064,20251209,91513190,0,153266,A,S,87800,5000,
600064.SH,600064,20251209,91513190,0,153285,A,S,86800,5000,
600064.SH,600064,20251209,91513190,0,153286,A,S,90200,16800,
600064.SH,600064,20251209,91513190,0,153304,A,S,86600,5000,
600064.SH,600064,20251209,91513350,0,154239,A,S,86600,3000,
600064.SH,600064,20251209,91513350,0,155454,A,S,85700,600,
600064.SH,600064,20251209,91513350,0,155455,A,S,86000,600,
600064.SH,600064,20251209,91513350,0,155456,A,S,86300,700,
600064.SH,600064,20251209,91513350,0,155457,A,S,86600,700,
600064.SH,600064,20251209,91513350,0,155458,A,S,86900,700,
600064.SH,600064,20251209,91513550,0,157500,A,S,86800,2000,
600064.SH,600064,20251209,91513550,0,157967,A,S,85900,600,
600064.SH,600064,20251209,91513710,0,158763,A,S,86500,10000,
600064.SH,600064,20251209,91513710,0,160053,A,B,83600,10000,
600064.SH,600064,20251209,91513870,0,161752,A,S,93000,100,
600064.SH,600064,20251209,91514050,0,162761,A,B,84400,10000,
600064.SH,600064,20251209,91514050,0,162828,A,B,83600,10000,
600064.SH,600064,20251209,91514150,0,164436,A,S,88900,1200,
600064.SH,600064,20251209,91514150,0,164858,A,S,93600,1400,
600064.SH,600064,20251209,91514150,0,165017,A,S,86500,2000,
600064.SH,600064,20251209,91514310,0,165488,A,S,85600,1100,
600064.SH,600064,20251209,91514310,0,165489,A,S,85800,1200,
600064.SH,600064,20251209,91514310,0,165743,A,S,86600,2000,
600064.SH,600064,20251209,91514470,0,167175,A,S,86000,1200,
600064.SH,600064,20251209,91514470,0,167179,A,S,86200,1200,
600064.SH,600064,20251209,91514470,0,167180,A,S,86400,1500,
600064.SH,600064,20251209,91514470,0,167181,A,S,86600,1500,
600064.SH,600064,20251209,91514470,0,167542,A,S,86800,1500,
600064.SH,600064,20251209,91514470,0,167548,A,S,87000,1500,
600064.SH,600064,20251209,91514470,0,168853,A,S,87500,2000,
600064.SH,600064,20251209,91514470,0,168857,A,S,88500,2000,
600064.SH,600064,20251209,91514470,0,168861,A,S,89500,2000,
600064.SH,600064,20251209,91514680,0,170499,A,S,93600,10000,
600064.SH,600064,20251209,91514680,0,171024,A,S,86900,2000,
600064.SH,600064,20251209,91514850,0,171221,A,S,93600,6000,
600064.SH,600064,20251209,91514850,0,171386,A,S,85100,100,
600064.SH,600064,20251209,91514850,0,171503,A,S,90000,1500,
600064.SH,600064,20251209,91514930,0,172458,A,S,93600,2000,
600064.SH,600064,20251209,91514930,0,172860,A,S,93600,20000,
600064.SH,600064,20251209,91514930,0,172986,A,S,87500,3800,
600064.SH,600064,20251209,91515060,0,173846,A,S,89000,1500,
600064.SH,600064,20251209,91515060,0,173847,A,S,89200,1500,
600064.SH,600064,20251209,91515060,0,173848,A,S,89400,1500,
600064.SH,600064,20251209,91515060,0,173849,A,S,89600,1500,
600064.SH,600064,20251209,91515060,0,173850,A,S,89800,1500,
600064.SH,600064,20251209,91515060,0,173851,A,S,90000,1500,
600064.SH,600064,20251209,91515060,0,173886,A,S,90200,1500,
600064.SH,600064,20251209,91515060,0,173888,A,S,90400,1500,
600064.SH,600064,20251209,91515060,0,173889,A,S,90600,1500,
600064.SH,600064,20251209,91515060,0,173890,A,S,90800,1500,
600064.SH,600064,20251209,91515060,0,173891,A,S,91000,1500,
600064.SH,600064,20251209,91515060,0,173892,A,S,91200,1500,
600064.SH,600064,20251209,91515060,0,173894,A,S,91400,1500,
600064.SH,600064,20251209,91515060,0,173895,A,S,91600,1500,
600064.SH,600064,20251209,91515060,0,173896,A,S,91800,1500,
600064.SH,600064,20251209,91515150,0,174251,A,S,92000,1500,
600064.SH,600064,20251209,91515150,0,174253,A,S,92200,1500,
600064.SH,600064,20251209,91515150,0,174254,A,S,92400,1500,
600064.SH,600064,20251209,91515150,0,174255,A,S,92600,1500,
600064.SH,600064,20251209,91515150,0,174256,A,S,92800,1500,
600064.SH,600064,20251209,91515150,0,174257,A,S,93000,1500,
600064.SH,600064,20251209,91515150,0,174303,A,S,93500,2500,
600064.SH,600064,20251209,91515150,0,174350,A,S,93200,1500,
600064.SH,600064,20251209,91515150,0,174351,A,S,93400,1500,
600064.SH,600064,20251209,91515150,0,174352,A,S,93600,1500,
600064.SH,600064,20251209,91515150,0,175819,A,S,93600,1000,
600064.SH,600064,20251209,91515310,0,176346,A,S,87700,2000,
600064.SH,600064,20251209,91515310,0,176658,A,S,93000,2000,
600064.SH,600064,20251209,91515310,0,176786,A,S,89400,4000,
600064.SH,600064,20251209,91515310,0,176787,A,S,91100,6000,
600064.SH,600064,20251209,91515310,0,176788,A,S,93600,8000,
600064.SH,600064,20251209,91515460,0,177653,A,S,87000,10000,
600064.SH,600064,20251209,91515460,0,177655,A,S,90000,10000,
600064.SH,600064,20251209,91515460,0,177705,A,S,86200,5500,
600064.SH,600064,20251209,91515460,0,178356,A,S,86800,3000,
600064.SH,600064,20251209,91515460,0,178589,A,S,86100,2000,
600064.SH,600064,20251209,91515460,0,179137,A,S,88000,600,
600064.SH,600064,20251209,91515660,0,179453,A,S,87200,600,
600064.SH,600064,20251209,91515660,0,179647,A,S,86400,600,
600064.SH,600064,20251209,91515660,0,179861,A,S,89800,4000,
600064.SH,600064,20251209,91515660,0,180244,A,S,93600,2000,
600064.SH,600064,20251209,91515660,0,180319,A,B,80000,1500,
600064.SH,600064,20251209,91516000,0,184119,A,S,86400,600,
600064.SH,600064,20251209,91516000,0,184225,A,B,84500,1000,
600064.SH,600064,20251209,91516180,0,185221,A,S,85100,100,
600064.SH,600064,20251209,91516180,0,185340,A,S,87600,4000,
600064.SH,600064,20251209,91516180,0,186378,A,B,80100,50000,
600064.SH,600064,20251209,91516520,0,189037,A,B,84200,2000,
600064.SH,600064,20251209,91516520,0,189700,A,S,86800,2700,
600064.SH,600064,20251209,91516520,0,190831,A,B,85000,2800,
600064.SH,600064,20251209,91516690,0,192286,A,S,93600,100,
600064.SH,600064,20251209,91516690,0,192388,A,S,92000,1300,
600064.SH,600064,20251209,91516990,0,194257,A,B,82600,1300,
600064.SH,600064,20251209,91516990,0,194274,A,B,80100,1300,
600064.SH,600064,20251209,91517040,0,194292,A,S,87800,1200,
600064.SH,600064,20251209,91517040,0,194294,A,S,90300,1200,
600064.SH,600064,20251209,91517040,0,194295,A,S,93600,1200,
600064.SH,600064,20251209,91517040,0,194426,A,S,86000,1100,
600064.SH,600064,20251209,91517040,0,195321,A,S,86900,10000,
600064.SH,600064,20251209,91517040,0,195449,A,S,89900,10000,
600064.SH,600064,20251209,91517040,0,195614,A,S,93600,10000,
600064.SH,600064,20251209,91517040,0,195781,A,B,84400,700,
600064.SH,600064,20251209,91517040,0,195783,A,S,87600,1100,
600064.SH,600064,20251209,91517190,0,196253,A,S,91300,10000,
600064.SH,600064,20251209,91517190,0,196323,A,S,89900,1500,
600064.SH,600064,20251209,91517190,0,196538,A,S,93500,10000,
600064.SH,600064,20251209,91517270,0,196701,A,S,86700,1500,
600064.SH,600064,20251209,91517270,0,198216,A,S,89800,200,
600064.SH,600064,20251209,91517430,0,199221,A,S,86500,2000,
600064.SH,600064,20251209,91517430,0,199264,A,S,87400,2000,
600064.SH,600064,20251209,91517430,0,199578,A,S,86000,10000,
600064.SH,600064,20251209,91517430,0,200173,A,S,88000,10000,
600064.SH,600064,20251209,91517430,0,200175,A,S,89000,10000,
600064.SH,600064,20251209,91517690,0,201283,A,S,88300,2000,
600064.SH,600064,20251209,91517690,0,201461,A,B,80600,500,
600064.SH,600064,20251209,91517690,0,201558,A,S,89200,2000,
600064.SH,600064,20251209,91517690,0,201878,A,S,93000,1000,
600064.SH,600064,20251209,91517690,0,202132,A,B,82600,3000,
600064.SH,600064,20251209,91517690,0,202581,A,B,81000,5000,
600064.SH,600064,20251209,91517690,0,202915,A,S,93500,2000,
600064.SH,600064,20251209,91517860,0,203619,A,B,84200,1000,
600064.SH,600064,20251209,91518030,0,205926,A,S,86000,2000,
600064.SH,600064,20251209,91518030,0,206334,A,B,83600,20000,
600064.SH,600064,20251209,91518030,0,206583,A,B,83600,10000,
600064.SH,600064,20251209,91518250,0,208917,A,S,93500,600,
600064.SH,600064,20251209,91518430,0,209895,A,B,83300,200,
600064.SH,600064,20251209,91518530,0,209973,A,S,86100,1000,
600064.SH,600064,20251209,91518530,0,210186,A,S,86100,100,
600064.SH,600064,20251209,91518530,0,210214,A,B,81000,2000,
600064.SH,600064,20251209,91518530,0,210335,A,B,85000,100,
600064.SH,600064,20251209,91518530,0,211789,A,B,85100,200,
600064.SH,600064,20251209,91518710,0,212069,A,S,92800,20100,
600064.SH,600064,20251209,91518850,0,212913,A,B,77100,1300,
600064.SH,600064,20251209,91518850,0,213277,A,S,89300,2000,
600064.SH,600064,20251209,91518850,0,213282,A,B,77200,2000,
600064.SH,600064,20251209,91518850,0,213353,A,S,86300,1100,
600064.SH,600064,20251209,91518920,0,213945,A,S,93600,1000,
600064.SH,600064,20251209,91518920,0,215046,A,B,83400,4000,
600064.SH,600064,20251209,91518920,0,215060,A,S,93600,16000,
600064.SH,600064,20251209,91519110,0,216144,A,S,85900,3100,
600064.SH,600064,20251209,91519410,0,219469,A,S,85500,500,
600064.SH,600064,20251209,91519590,0,220223,A,B,76600,300,
600064.SH,600064,20251209,91519590,0,220225,A,B,78400,300,
600064.SH,600064,20251209,91519590,0,220226,A,B,80200,300,
600064.SH,600064,20251209,91519590,0,220294,A,S,85900,100,
600064.SH,600064,20251209,91519780,0,222622,A,B,83200,1000,
600064.SH,600064,20251209,91519780,0,222716,A,B,84700,600,
600064.SH,600064,20251209,91519780,0,222719,A,B,84400,700,
600064.SH,600064,20251209,91519780,0,222773,A,B,84100,1000,
600064.SH,600064,20251209,91519780,0,223433,A,B,84600,1000,
600064.SH,600064,20251209,91519780,0,223538,A,S,93300,200,
600064.SH,600064,20251209,91520110,0,225100,A,B,82100,300,
600064.SH,600064,20251209,91520110,0,225382,A,B,80100,300,
600064.SH,600064,20251209,91520110,0,225597,A,B,79300,1200,
600064.SH,600064,20251209,91520180,0,225756,A,B,78600,2900,
600064.SH,600064,20251209,91520180,0,226487,A,B,85000,94000,
600064.SH,600064,20251209,91520290,0,227954,A,B,84600,2000,
600064.SH,600064,20251209,91520290,0,228245,A,S,93600,1000,
600064.SH,600064,20251209,91520290,0,228399,A,S,93600,800,
600064.SH,600064,20251209,91520470,0,228564,A,S,85900,2000,
600064.SH,600064,20251209,91520470,0,228582,A,S,86200,2000,
600064.SH,600064,20251209,91520470,0,228742,A,S,86300,2000,
600064.SH,600064,20251209,91520470,0,229165,A,S,86700,3000,
600064.SH,600064,20251209,91520470,0,229263,A,S,85500,5500,
600064.SH,600064,20251209,91520590,0,230186,A,B,84700,1600,
600064.SH,600064,20251209,91520590,0,230461,A,S,93600,9700,
600064.SH,600064,20251209,91520590,0,230879,A,S,86000,2000,
600064.SH,600064,20251209,91520590,0,230938,A,S,86100,2000,
600064.SH,600064,20251209,91520590,0,230976,A,B,83000,500,
600064.SH,600064,20251209,91520590,0,231074,A,S,86400,2000,
600064.SH,600064,20251209,91520590,0,231163,A,S,86500,3000,
600064.SH,600064,20251209,91520760,0,231641,A,B,84300,10000,
600064.SH,600064,20251209,91520760,0,231923,A,B,84500,2000,
600064.SH,600064,20251209,91520760,0,231960,A,B,84100,2000,
600064.SH,600064,20251209,91520760,0,232098,A,S,88100,400,
600064.SH,600064,20251209,91520950,0,234428,A,S,86800,2000,
600064.SH,600064,20251209,91520950,0,234861,A,S,93600,700,
600064.SH,600064,20251209,91520950,0,235256,A,S,86000,100,
600064.SH,600064,20251209,91521130,0,235720,A,S,87900,3200,
600064.SH,600064,20251209,91521130,0,235778,A,S,86100,200,
600064.SH,600064,20251209,91521130,0,235804,A,S,86300,200,
600064.SH,600064,20251209,91521330,0,237133,A,B,84100,300,
600064.SH,600064,20251209,91521330,0,237215,A,B,84100,100,
600064.SH,600064,20251209,91521420,0,237580,A,S,85600,1300,
600064.SH,600064,20251209,91521420,0,237608,A,S,88900,300,
600064.SH,600064,20251209,91521420,0,237923,A,S,89800,300,
600064.SH,600064,20251209,91521420,0,238080,A,S,93000,2800,
600064.SH,600064,20251209,91521420,0,239006,A,B,80000,100,
600064.SH,600064,20251209,91521670,0,240970,A,S,86500,100,
600064.SH,600064,20251209,91521850,0,242586,A,S,93600,1000,
600064.SH,600064,20251209,91521850,0,243047,A,B,84500,200,
600064.SH,600064,20251209,91521990,0,243797,A,S,93600,2200,
600064.SH,600064,20251209,91522160,0,246136,A,S,86300,1500,
600064.SH,600064,20251209,91522160,0,246284,A,B,82100,1200,
600064.SH,600064,20251209,91522330,0,246938,A,B,84900,1500,
600064.SH,600064,20251209,91522330,0,247280,A,S,88000,1600,
600064.SH,600064,20251209,91522510,0,249030,A,B,84300,2000,
600064.SH,600064,20251209,91522510,0,185221,D,S,85100,100,
600064.SH,600064,20251209,91522560,0,249218,A,S,93600,600,
600064.SH,600064,20251209,91522780,0,251494,A,S,93600,20000,
600064.SH,600064,20251209,91522780,0,251946,A,S,93300,1000,
600064.SH,600064,20251209,91522900,0,252294,A,B,84000,10000,
600064.SH,600064,20251209,91527340,0,258300,A,S,85800,200,
600064.SH,600064,20251209,91529320,0,258882,A,S,87900,200,
600064.SH,600064,20251209,91529320,0,258883,A,B,83700,200,
600064.SH,600064,20251209,91531060,0,259323,A,S,85000,100,
600064.SH,600064,20251209,91531160,0,259377,A,B,84500,500,
600064.SH,600064,20251209,91535700,0,260949,A,S,93600,6000,
600064.SH,600064,20251209,91536810,0,261280,A,B,86800,400,
600064.SH,600064,20251209,91544030,0,263724,A,B,84600,500,
600064.SH,600064,20251209,91547900,0,264985,A,S,93600,100,
600064.SH,600064,20251209,91549530,0,265571,A,B,83100,200,
600064.SH,600064,20251209,91556900,0,268078,A,B,84700,500,
600064.SH,600064,20251209,91557500,0,268303,A,S,85800,10000,
600064.SH,600064,20251209,91601320,0,269855,A,S,86400,700,
600064.SH,600064,20251209,91604380,0,271146,A,S,90900,3000,
600064.SH,600064,20251209,91605770,0,271634,A,S,84000,4000,
600064.SH,600064,20251209,91608200,0,272550,A,B,84800,500,
600064.SH,600064,20251209,91617600,0,274233,A,B,84900,500,
600064.SH,600064,20251209,91641920,0,278420,A,B,84700,71700,
600064.SH,600064,20251209,91645540,0,279039,A,B,84700,3000,
600064.SH,600064,20251209,91657360,0,281143,A,B,84800,10000,
600064.SH,600064,20251209,91703040,0,282326,A,S,86300,3000,
600064.SH,600064,20251209,91706980,0,283085,A,B,84700,24100,
600064.SH,600064,20251209,91725570,0,286795,A,B,84700,258700,
600064.SH,600064,20251209,91729260,0,287527,A,B,84500,5000,
600064.SH,600064,20251209,91730540,0,287768,A,B,84500,1000,
600064.SH,600064,20251209,91745690,0,290833,A,S,85400,2000,
600064.SH,600064,20251209,91756610,0,293138,A,B,84800,1800,
600064.SH,600064,20251209,91807730,0,295546,A,S,85600,5000,
600064.SH,600064,20251209,91809040,0,295839,A,B,84900,500,
600064.SH,600064,20251209,91809180,0,295869,A,S,93600,1420,
600064.SH,600064,20251209,91818310,0,297720,A,B,89200,100,
600064.SH,600064,20251209,91818760,0,297807,A,B,84800,500,
600064.SH,600064,20251209,91824190,0,298936,A,S,85600,1500,
600064.SH,600064,20251209,91824460,0,298998,A,S,93600,2000,
600064.SH,600064,20251209,91824660,0,299043,A,B,81300,200,
600064.SH,600064,20251209,91825650,0,299247,A,B,84400,1000,
600064.SH,600064,20251209,91830140,0,300209,A,B,84700,500,
600064.SH,600064,20251209,91830860,0,300361,A,B,80000,200,
600064.SH,600064,20251209,91831050,0,300406,A,S,85800,5000,
600064.SH,600064,20251209,91831590,0,300532,A,S,85300,11800,
600064.SH,600064,20251209,91833060,0,300842,A,B,84800,2000,
600064.SH,600064,20251209,91838340,0,301954,A,S,85600,1500,
600064.SH,600064,20251209,91839520,0,302210,A,B,84600,3000,
600064.SH,600064,20251209,91839940,0,302299,A,B,84600,500,
600064.SH,600064,20251209,91844580,0,303268,A,S,85300,3000,
600064.SH,600064,20251209,91846970,0,303771,A,S,86600,1100,
600064.SH,600064,20251209,91846970,0,303773,A,B,84500,500,
600064.SH,600064,20251209,91855160,0,305501,A,S,93600,500,
600064.SH,600064,20251209,91856230,0,305746,A,B,84400,500,
600064.SH,600064,20251209,91857480,0,306009,A,S,86200,2500,
600064.SH,600064,20251209,91859560,0,306455,A,S,85800,5000,
600064.SH,600064,20251209,91901300,0,306841,A,B,83100,2000,
600064.SH,600064,20251209,91901590,0,306903,A,B,84700,3000,
600064.SH,600064,20251209,91902570,0,307119,A,S,86800,1000,
600064.SH,600064,20251209,91902950,0,307239,A,S,85500,3000,
600064.SH,600064,20251209,91910530,0,308944,A,B,93600,2700,
600064.SH,600064,20251209,91914660,0,309886,A,S,85800,5000,
600064.SH,600064,20251209,91920370,0,311117,A,B,84900,500,
600064.SH,600064,20251209,91926400,0,312422,A,B,84800,500,
600064.SH,600064,20251209,91930840,0,313492,A,S,87200,9200,
600064.SH,600064,20251209,91935270,0,314458,A,B,84700,500,
600064.SH,600064,20251209,91940050,0,315554,A,B,84600,500,
600064.SH,600064,20251209,91940660,0,315699,A,B,84800,20000,
600064.SH,600064,20251209,91948290,0,317539,A,B,85100,34000,
600064.SH,600064,20251209,91949060,0,317721,A,B,84500,500,
600064.SH,600064,20251209,91954220,0,318932,A,B,84400,500,
600064.SH,600064,20251209,91954900,0,319084,A,S,86800,5000,
600064.SH,600064,20251209,91955080,0,319117,A,S,93500,200,
600064.SH,600064,20251209,92001090,0,320690,A,S,80900,100,
600064.SH,600064,20251209,92002130,0,321071,A,B,84300,500,
600064.SH,600064,20251209,92002770,0,321272,A,B,93600,600,
600064.SH,600064,20251209,92007370,0,322699,A,S,77400,4400,
600064.SH,600064,20251209,92007780,0,322797,A,S,93300,200,
600064.SH,600064,20251209,92009470,0,323236,A,B,84200,500,
600064.SH,600064,20251209,92010370,0,323457,A,B,83400,200,
600064.SH,600064,20251209,92010890,0,323596,A,S,86300,5000,
600064.SH,600064,20251209,92012340,0,323982,A,S,89800,3000,
600064.SH,600064,20251209,92014360,0,324473,A,B,84500,300,
600064.SH,600064,20251209,92016000,0,324936,A,S,85600,5400,
600064.SH,600064,20251209,92024110,0,326928,A,B,81300,200,
600064.SH,600064,20251209,92025530,0,327244,A,B,84700,3000,
600064.SH,600064,20251209,92026110,0,327404,A,S,86500,5000,
600064.SH,600064,20251209,92026420,0,327488,A,S,85300,1000,
600064.SH,600064,20251209,92028250,0,327967,A,B,83000,2200,
600064.SH,600064,20251209,92029060,0,328159,A,S,85700,1000,
600064.SH,600064,20251209,92030700,0,328563,A,S,93600,9500,
600064.SH,600064,20251209,92031660,0,328885,A,S,85500,500,
600064.SH,600064,20251209,92032260,0,329039,A,S,93500,5000,
600064.SH,600064,20251209,92033660,0,329382,A,B,80000,200,
600064.SH,600064,20251209,92036750,0,330116,A,S,85800,40000,
600064.SH,600064,20251209,92038560,0,330550,A,S,85500,2000,
600064.SH,600064,20251209,92039480,0,330779,A,S,93600,5000,
600064.SH,600064,20251209,92042500,0,331547,A,B,82100,2300,
600064.SH,600064,20251209,92043730,0,331881,A,B,84700,3000,
600064.SH,600064,20251209,92045120,0,332251,A,B,84800,2000,
600064.SH,600064,20251209,92051470,0,333890,A,B,81100,2300,
600064.SH,600064,20251209,92056460,0,335251,A,S,92300,9900,
600064.SH,600064,20251209,92056930,0,335361,A,S,86400,5500,
600064.SH,600064,20251209,92100080,0,336109,A,B,80000,2300,
600064.SH,600064,20251209,92100710,0,336279,A,B,84700,3000,
600064.SH,600064,20251209,92103810,0,337157,A,S,85800,47000,
600064.SH,600064,20251209,92106140,0,337847,A,S,93600,500,
600064.SH,600064,20251209,92111340,0,339301,A,S,86400,1000,
600064.SH,600064,20251209,92112500,0,339588,A,B,80100,2300,
600064.SH,600064,20251209,92114080,0,340008,A,S,93500,300,
600064.SH,600064,20251209,92116400,0,340598,A,B,84700,2000,
600064.SH,600064,20251209,92116890,0,340740,A,S,86800,1000,
600064.SH,600064,20251209,92121450,0,342003,A,B,84800,1000,
600064.SH,600064,20251209,92123250,0,342514,A,S,86900,1000,
600064.SH,600064,20251209,92125780,0,343199,A,B,84600,3300,
600064.SH,600064,20251209,92131450,0,344774,A,S,87000,1000,
600064.SH,600064,20251209,92134470,0,345580,A,B,84000,1000,
600064.SH,600064,20251209,92137320,0,346393,A,S,87400,1000,
600064.SH,600064,20251209,92137400,0,346434,A,B,85100,1000,
600064.SH,600064,20251209,92139820,0,347115,A,S,91000,6000,
600064.SH,600064,20251209,92142390,0,347868,A,S,92500,200,
600064.SH,600064,20251209,92142570,0,347924,A,S,86600,200,
600064.SH,600064,20251209,92143370,0,348147,A,S,86800,100,
600064.SH,600064,20251209,92144080,0,348354,A,S,85300,500,
600064.SH,600064,20251209,92144200,0,348382,A,S,93600,300,
600064.SH,600064,20251209,92144600,0,348513,A,S,87800,1000,
600064.SH,600064,20251209,92149150,0,349772,A,S,86900,5000,
600064.SH,600064,20251209,92149860,0,349978,A,S,93600,2000,
600064.SH,600064,20251209,92157700,0,352273,A,B,84100,2000,
600064.SH,600064,20251209,92158350,0,352446,A,B,85100,600,
600064.SH,600064,20251209,92200780,0,353195,A,B,93600,100,
600064.SH,600064,20251209,92201890,0,353648,A,B,85100,1300,
600064.SH,600064,20251209,92210160,0,356149,A,S,93500,100,
600064.SH,600064,20251209,92211080,0,356455,A,B,85000,3000,
600064.SH,600064,20251209,92211560,0,356596,A,S,93000,100,
600064.SH,600064,20251209,92230170,0,362220,A,S,85200,61000,
600064.SH,600064,20251209,92232010,0,362824,A,S,85600,800,
600064.SH,600064,20251209,92232690,0,363023,A,S,86800,2000,
600064.SH,600064,20251209,92235980,0,364026,A,S,85900,7000,
600064.SH,600064,20251209,92241290,0,365733,A,S,86100,7000,
600064.SH,600064,20251209,92247390,0,367683,A,S,86300,7000,
600064.SH,600064,20251209,92252070,0,369304,A,S,83600,12300,
600064.SH,600064,20251209,92253120,0,369637,A,S,86500,7000,
600064.SH,600064,20251209,92257860,0,371181,A,S,85700,1200,
600064.SH,600064,20251209,92257950,0,371218,A,S,86700,7000,
600064.SH,600064,20251209,92302520,0,372751,A,S,85400,1700,
600064.SH,600064,20251209,92302670,0,372850,A,S,86900,7000,
600064.SH,600064,20251209,92303820,0,373268,A,S,88200,18600,
600064.SH,600064,20251209,92308080,0,374741,A,S,76600,400,
600064.SH,600064,20251209,92312770,0,376300,A,S,86000,7000,
600064.SH,600064,20251209,92316440,0,377543,A,B,84900,2000,
600064.SH,600064,20251209,92317250,0,377831,A,S,86200,7000,
600064.SH,600064,20251209,92318810,0,378413,A,S,86200,1100,
600064.SH,600064,20251209,92324170,0,380483,A,S,86400,7000,
600064.SH,600064,20251209,92327400,0,381701,A,B,84500,3000,
600064.SH,600064,20251209,92328550,0,382108,A,S,86600,7000,
600064.SH,600064,20251209,92333120,0,383870,A,S,86800,7000,
600064.SH,600064,20251209,92337660,0,385646,A,S,87000,7000,
600064.SH,600064,20251209,92343780,0,388049,A,B,86000,100,
600064.SH,600064,20251209,92343820,0,388079,A,B,86000,100,
600064.SH,600064,20251209,92347250,0,389474,A,S,81700,400,
600064.SH,600064,20251209,92347730,0,389658,A,B,86000,1000,
600064.SH,600064,20251209,92359780,0,394428,A,S,93600,100,
600064.SH,600064,20251209,92404080,0,396485,A,S,89000,1000,
600064.SH,600064,20251209,92405200,0,397030,A,B,89400,700,
600064.SH,600064,20251209,92405560,0,397205,A,S,90000,1000,
600064.SH,600064,20251209,92406940,0,397863,A,S,91000,1000,
600064.SH,600064,20251209,92410530,0,399638,A,B,84600,800,
600064.SH,600064,20251209,92414190,0,401489,A,B,83000,1000,
600064.SH,600064,20251209,92415610,0,402253,A,B,82000,1000,
600064.SH,600064,20251209,92416990,0,403009,A,B,81000,1000,
600064.SH,600064,20251209,92420250,0,404887,A,S,89900,400,
600064.SH,600064,20251209,92423680,0,406822,A,S,88800,200,
600064.SH,600064,20251209,92436460,0,414675,A,S,85600,30000,
600064.SH,600064,20251209,92439190,0,416865,A,S,86800,1000,
600064.SH,600064,20251209,92442320,0,419131,A,S,93600,20000,
600064.SH,600064,20251209,92450140,0,425010,A,B,85100,200,
600064.SH,600064,20251209,92451770,0,426776,A,B,80000,900,
600064.SH,600064,20251209,92452960,0,427912,A,B,85100,400,
600064.SH,600064,20251209,92454630,0,429746,A,S,82500,200,
600064.SH,600064,20251209,92455120,0,430391,A,B,85300,100,
600064.SH,600064,20251209,92455380,0,430851,A,B,85100,100,
600064.SH,600064,20251209,92458800,0,437959,A,S,82500,4500,
600064.SH,600064,20251209,92459210,0,438865,A,S,84300,100,
600064.SH,600064,20251209,92459730,0,440431,A,S,82900,100,
600064.SH,600064,20251209,92501060,0,0,S,O,0,0,
600064.SH,600064,20251209,93000080,0,441661,A,S,86200,8500,
600064.SH,600064,20251209,93001720,0,444347,A,S,85600,3000,
600064.SH,600064,20251209,93002520,0,446313,A,S,85400,2300,
600064.SH,600064,20251209,93002760,0,449289,A,S,86300,400,
600064.SH,600064,20251209,93003190,0,455504,A,S,85100,10300,
600064.SH,600064,20251209,93003350,0,456870,A,S,85900,10000,
600064.SH,600064,20251209,93003500,0,458260,A,S,88800,1000,
600064.SH,600064,20251209,93003500,0,458344,A,B,83500,1000,
600064.SH,600064,20251209,93003640,0,459165,A,S,85800,1000,
600064.SH,600064,20251209,93003640,0,459425,A,S,93600,200,
600064.SH,600064,20251209,93003640,0,459451,A,S,86500,1000,
600064.SH,600064,20251209,93003640,0,460414,A,B,84900,900,
600064.SH,600064,20251209,93003640,0,460496,A,S,85500,10000,
600064.SH,600064,20251209,93003790,0,461590,A,S,87000,3000,
600064.SH,600064,20251209,93003950,0,462961,A,S,85100,8200,
600064.SH,600064,20251209,93003950,0,464050,A,S,93200,500,
600064.SH,600064,20251209,93004110,0,465193,A,S,85300,2000,
600064.SH,600064,20251209,93004260,0,466584,A,B,85000,1000,
600064.SH,600064,20251209,93004260,0,466951,A,S,86500,1000,
600064.SH,600064,20251209,93004260,0,467216,A,B,84900,1000,
600064.SH,600064,20251209,93004420,0,468430,A,B,84600,2000,
600064.SH,600064,20251209,93004870,0,473962,A,B,84800,500,
600064.SH,600064,20251209,93004870,0,474681,A,B,84800,5000,
600064.SH,600064,20251209,93005040,0,476145,A,S,85100,3400,
600064.SH,600064,20251209,93005180,0,477650,A,S,89300,500,
600064.SH,600064,20251209,93005480,0,480949,A,B,82600,2900,
600064.SH,600064,20251209,93005610,0,483769,A,S,85100,300,
600064.SH,600064,20251209,93005610,0,483781,A,S,86800,1800,
600064.SH,600064,20251209,93005770,0,483898,A,S,87200,500,
600064.SH,600064,20251209,93005770,0,303268,D,S,85300,3000,
600064.SH,600064,20251209,93005920,0,486495,A,S,85500,3900,
600064.SH,600064,20251209,93006060,0,488732,A,B,84800,12800,
600064.SH,600064,20251209,93006210,0,489467,A,B,84300,500,
600064.SH,600064,20251209,93006360,0,492240,A,B,84300,1000,
600064.SH,600064,20251209,93006360,0,492304,A,B,84100,1000,
600064.SH,600064,20251209,93006360,0,492386,A,S,86700,10000,
600064.SH,600064,20251209,93006510,0,493759,A,S,86200,500,
600064.SH,600064,20251209,93006640,0,496185,A,B,84800,600,
600064.SH,600064,20251209,93006790,0,497383,A,S,87200,2200,
600064.SH,600064,20251209,93007220,0,502608,A,S,85300,2000,
600064.SH,600064,20251209,93007220,0,502842,A,B,85000,1000,
600064.SH,600064,20251209,93007700,0,507389,A,S,87500,10000,
600064.SH,600064,20251209,93007700,0,507760,A,B,84500,500,
600064.SH,600064,20251209,93007850,0,508678,A,B,84700,500,
600064.SH,600064,20251209,93007850,0,509109,A,S,85500,10000,
600064.SH,600064,20251209,93007850,0,509688,A,S,88300,10000,
600064.SH,600064,20251209,93007990,0,511372,A,S,93200,1000,
600064.SH,600064,20251209,93008440,0,515779,A,S,93600,100,
600064.SH,600064,20251209,93008440,0,515850,A,S,85400,17500,
600064.SH,600064,20251209,93008590,0,517708,A,S,85100,100,
600064.SH,600064,20251209,93008590,0,517964,A,S,85200,900,
600064.SH,600064,20251209,93008590,0,518130,A,B,84800,30000,
600064.SH,600064,20251209,93008720,0,520325,A,S,85100,500,
600064.SH,600064,20251209,93009000,0,522428,A,B,84800,1000,
600064.SH,600064,20251209,93009050,0,522527,A,S,88900,1500,
600064.SH,600064,20251209,93009050,0,522607,A,S,85100,600,
600064.SH,600064,20251209,93009200,0,524433,A,S,85800,13400,
600064.SH,600064,20251209,93009200,0,525291,A,S,85400,8000,
600064.SH,600064,20251209,93009340,0,526883,A,S,85600,9400,
600064.SH,600064,20251209,93009340,0,526939,A,S,85500,9400,
600064.SH,600064,20251209,93009340,0,526999,A,S,85700,10900,
600064.SH,600064,20251209,93009340,0,527535,A,S,85900,1000,
600064.SH,600064,20251209,93009790,0,532120,A,S,85200,1000,
600064.SH,600064,20251209,93009790,0,533025,A,S,85100,100,
600064.SH,600064,20251209,93009790,0,533030,A,B,84700,1000,
600064.SH,600064,20251209,93009790,0,533240,A,S,85100,400,
600064.SH,600064,20251209,93009940,0,533858,A,S,85900,2000,
600064.SH,600064,20251209,93009940,0,534474,A,S,93500,2900,
600064.SH,600064,20251209,93009940,0,534562,A,S,85100,100,
600064.SH,600064,20251209,93010080,0,535350,A,S,85100,100,
600064.SH,600064,20251209,93010230,0,537398,A,S,90200,10000,
600064.SH,600064,20251209,93010230,0,537611,A,S,85500,3800,
600064.SH,600064,20251209,93010230,0,538654,A,S,85100,200,
600064.SH,600064,20251209,93010540,0,541481,A,S,85100,300,
600064.SH,600064,20251209,93010540,0,541483,A,S,85100,100,
600064.SH,600064,20251209,93010540,0,541583,A,S,85100,600,
600064.SH,600064,20251209,93010540,0,541722,A,S,85100,4600,
600064.SH,600064,20251209,93010700,0,543304,A,S,85100,700,
600064.SH,600064,20251209,93010700,0,543631,A,S,85900,5000,
600064.SH,600064,20251209,93011090,0,548689,A,B,84800,6000,
600064.SH,600064,20251209,93011410,0,551498,A,S,85100,200,
600064.SH,600064,20251209,93011410,0,551942,A,S,85100,1000,
600064.SH,600064,20251209,93011410,0,552003,A,S,85100,500,
600064.SH,600064,20251209,93011410,0,552251,A,S,85100,100,
600064.SH,600064,20251209,93011410,0,552701,A,S,86300,4000,
600064.SH,600064,20251209,93011550,0,552823,A,B,85000,1000,
600064.SH,600064,20251209,93011550,0,554456,A,S,85900,2000,
600064.SH,600064,20251209,93011700,0,554861,A,S,85900,3000,
600064.SH,600064,20251209,93011770,0,555602,A,S,85700,100,
600064.SH,600064,20251209,93011770,0,556883,A,S,85100,2200,
600064.SH,600064,20251209,93011920,0,557917,A,S,85100,1200,
600064.SH,600064,20251209,93012210,0,562699,A,S,93600,200,
600064.SH,600064,20251209,93012370,0,563151,A,S,85400,1700,
600064.SH,600064,20251209,93012370,0,564458,A,S,85700,50000,
600064.SH,600064,20251209,93012530,0,565206,A,B,76600,1700,
600064.SH,600064,20251209,93012530,0,565630,A,B,84900,300,
600064.SH,600064,20251209,93012890,0,570444,A,S,85600,5000,
600064.SH,600064,20251209,93013040,0,571169,A,S,85800,3000,
600064.SH,600064,20251209,93013040,0,571583,A,S,85100,100,
600064.SH,600064,20251209,93013190,0,573715,A,S,85600,5300,
600064.SH,600064,20251209,93013340,0,574638,A,B,84900,1000,
600064.SH,600064,20251209,93013340,0,53821,D,B,85000,800,
600064.SH,600064,20251209,93013800,0,581169,A,B,84900,800,
600064.SH,600064,20251209,93013970,0,582127,A,S,85600,9100,
600064.SH,600064,20251209,93013970,0,582401,A,S,93600,400,
600064.SH,600064,20251209,93014120,0,584029,A,B,84800,5000,
600064.SH,600064,20251209,93014120,0,584232,A,S,86000,500,
600064.SH,600064,20251209,93014120,0,584266,A,S,85100,2000,
600064.SH,600064,20251209,93014120,0,584986,A,S,85100,2600,
600064.SH,600064,20251209,93014280,0,585713,A,S,85100,2300,
600064.SH,600064,20251209,93014280,0,585747,A,S,85100,400,
600064.SH,600064,20251209,93014280,0,585793,A,B,85000,400,
600064.SH,600064,20251209,93014280,0,585881,A,S,85100,700,
600064.SH,600064,20251209,93014280,0,586511,A,S,85100,3600,
600064.SH,600064,20251209,93014430,0,587013,A,S,85100,1200,
600064.SH,600064,20251209,93014430,0,587478,A,S,86900,5000,
600064.SH,600064,20251209,93014430,0,587558,A,S,85100,700,
600064.SH,600064,20251209,93014880,0,592854,A,B,85000,600,
600064.SH,600064,20251209,93015020,0,595423,A,B,84900,100,
600064.SH,600064,20251209,93015320,0,598596,A,B,84900,2500,
600064.SH,600064,20251209,93015320,0,599292,A,S,93000,2000,
600064.SH,600064,20251209,93015460,0,599883,A,S,85100,500,
600064.SH,600064,20251209,93015460,0,600194,A,S,85400,5000,
600064.SH,600064,20251209,93015460,0,19423,D,B,84900,1000,
600064.SH,600064,20251209,93015560,0,600499,A,B,84900,100,
600064.SH,600064,20251209,93015700,0,603031,A,B,84800,6800,
600064.SH,600064,20251209,93016010,0,607454,A,S,85100,1900,
600064.SH,600064,20251209,93016160,0,609010,A,B,84900,10000,
600064.SH,600064,20251209,93016310,0,610339,A,B,84900,100,
600064.SH,600064,20251209,93016310,0,610513,A,S,85100,1400,
600064.SH,600064,20251209,93016460,0,611813,A,S,85200,500,
600064.SH,600064,20251209,93016460,0,612661,A,S,85500,3800,
600064.SH,600064,20251209,93016630,0,613403,A,B,84800,22700,
600064.SH,600064,20251209,93016630,0,613514,A,B,84900,100,
600064.SH,600064,20251209,93016630,0,614049,A,S,85600,800,
600064.SH,600064,20251209,93016630,0,614521,A,S,85100,100,
600064.SH,600064,20251209,93016790,0,615703,A,B,85000,100,
600064.SH,600064,20251209,93016790,0,615986,A,S,85500,3900,
600064.SH,600064,20251209,93016940,0,617177,A,S,85100,400,
600064.SH,600064,20251209,93017090,0,618535,A,B,85000,200,
600064.SH,600064,20251209,93017090,0,618786,A,B,84700,5000,
600064.SH,600064,20251209,93017090,0,618841,A,S,85100,900,
600064.SH,600064,20251209,93017140,0,619034,A,B,84800,10000,
600064.SH,600064,20251209,93017300,0,620794,A,S,87000,2000,
600064.SH,600064,20251209,93017300,0,621480,A,S,85200,1000,
600064.SH,600064,20251209,93017300,0,622044,A,S,85100,100,
600064.SH,600064,20251209,93017300,0,622082,A,S,85100,300,
600064.SH,600064,20251209,93017410,0,623074,A,S,85100,500,
600064.SH,600064,20251209,93017410,0,623313,A,S,85100,400,
600064.SH,600064,20251209,93017560,0,624075,A,B,84800,500,
600064.SH,600064,20251209,93017560,0,624127,A,S,85100,2600,
600064.SH,600064,20251209,93017610,0,625362,A,S,93600,3700,
600064.SH,600064,20251209,93017920,0,628861,A,S,85100,700,
600064.SH,600064,20251209,93017920,0,629085,A,S,85900,30000,
600064.SH,600064,20251209,93018120,0,24109,D,B,84100,10000,
600064.SH,600064,20251209,93018260,0,631302,A,B,84900,100,
600064.SH,600064,20251209,93018260,0,631538,A,S,85200,100,
600064.SH,600064,20251209,93018260,0,631540,A,S,85100,100,
600064.SH,600064,20251209,93018260,0,631787,A,S,85700,22200,
600064.SH,600064,20251209,93018260,0,632175,A,S,85200,100,
600064.SH,600064,20251209,93018260,0,632876,A,S,85100,1800,
600064.SH,600064,20251209,93018440,0,634752,A,S,85100,300,
600064.SH,600064,20251209,93018590,0,634894,A,S,85100,1000,
600064.SH,600064,20251209,93018790,0,637089,A,S,85100,400,
600064.SH,600064,20251209,93018790,0,638197,A,B,84900,100,
600064.SH,600064,20251209,93018950,0,639664,A,S,85100,400,
600064.SH,600064,20251209,93019090,0,640190,A,B,84500,500,
600064.SH,600064,20251209,93019160,0,641570,A,S,85100,2900,
600064.SH,600064,20251209,93019260,0,642013,A,S,85800,2800,
600064.SH,600064,20251209,93019260,0,642704,A,S,88000,600,
600064.SH,600064,20251209,93019400,0,644448,A,S,85100,200,
600064.SH,600064,20251209,93019560,0,645357,A,S,85700,10000,
600064.SH,600064,20251209,93019560,0,645609,A,S,92500,125000,
600064.SH,600064,20251209,93019690,0,647895,A,B,83000,5000,
600064.SH,600064,20251209,93020050,0,650236,A,S,85200,13000,
600064.SH,600064,20251209,93020050,0,651393,A,S,85100,6600,
600064.SH,600064,20251209,93020400,0,653908,A,S,85100,500,
600064.SH,600064,20251209,93020690,0,657515,A,S,85900,25000,
600064.SH,600064,20251209,93020690,0,657601,A,S,85100,300,
600064.SH,600064,20251209,93020760,0,657978,A,S,85200,100,
600064.SH,600064,20251209,93020800,0,659753,A,S,85100,500,
600064.SH,600064,20251209,93020940,0,660861,A,S,85100,200,
600064.SH,600064,20251209,93020940,0,661165,A,S,85100,100,
600064.SH,600064,20251209,93021090,0,661864,A,S,85100,200,
600064.SH,600064,20251209,93021090,0,662322,A,S,85100,1000,
600064.SH,600064,20251209,93021090,0,662376,A,S,85100,100,
600064.SH,600064,20251209,93021240,0,663084,A,S,85100,100,
600064.SH,600064,20251209,93021280,0,663805,A,S,85100,1200,
600064.SH,600064,20251209,93021280,0,663807,A,S,85900,1400,
600064.SH,600064,20251209,93021280,0,664913,A,S,85100,100,
600064.SH,600064,20251209,93021280,0,665049,A,S,85100,100,
600064.SH,600064,20251209,93021440,0,666468,A,S,85100,100,
600064.SH,600064,20251209,93021440,0,666625,A,S,85100,100,
600064.SH,600064,20251209,93021590,0,667208,A,B,85000,100,
600064.SH,600064,20251209,93021590,0,667863,A,B,83800,300,
600064.SH,600064,20251209,93021590,0,668418,A,B,84900,100,
600064.SH,600064,20251209,93021590,0,668420,A,B,84900,300,
600064.SH,600064,20251209,93021730,0,668904,A,S,85400,10000,
600064.SH,600064,20251209,93022010,0,672345,A,S,85100,100,
600064.SH,600064,20251209,93022110,0,673067,A,B,84400,5600,
600064.SH,600064,20251209,93022210,0,673951,A,S,85200,200,
600064.SH,600064,20251209,93022980,0,682262,A,S,85100,400,
600064.SH,600064,20251209,93023070,0,682904,A,S,85100,400,
600064.SH,600064,20251209,93023070,0,682911,A,S,85100,500,
600064.SH,600064,20251209,93023070,0,682912,A,S,85100,200,
600064.SH,600064,20251209,93023070,0,683113,A,S,85300,500,
600064.SH,600064,20251209,93023300,0,685276,A,S,85100,400,
600064.SH,600064,20251209,93023300,0,685277,A,S,85100,300,
600064.SH,600064,20251209,93023420,0,687759,A,S,85100,100,
600064.SH,600064,20251209,93023420,0,687760,A,S,85100,100,
600064.SH,600064,20251209,93023420,0,687761,A,S,85100,100,
600064.SH,600064,20251209,93023420,0,687762,A,S,85100,100,
600064.SH,600064,20251209,93023420,0,687775,A,S,85100,100,
600064.SH,600064,20251209,93023420,0,687905,A,S,85100,100,
600064.SH,600064,20251209,93023770,0,690178,A,S,86800,2000,
600064.SH,600064,20251209,93024420,0,698378,A,S,93600,300,
600064.SH,600064,20251209,93024580,0,699462,A,S,87000,2000,
600064.SH,600064,20251209,93024580,0,699750,A,B,85000,100,
600064.SH,600064,20251209,93024740,0,700195,A,B,84900,400,
600064.SH,600064,20251209,93024880,0,703373,A,B,84900,100,
600064.SH,600064,20251209,93025170,0,705584,A,S,85500,1000,
600064.SH,600064,20251209,93025170,0,706584,A,S,88800,2000,
600064.SH,600064,20251209,93025470,0,708608,A,S,85100,100,
600064.SH,600064,20251209,93025470,0,708739,A,S,87800,1400,
600064.SH,600064,20251209,93025590,0,710067,A,S,85100,200,
600064.SH,600064,20251209,93025670,0,710343,A,S,85100,100,
600064.SH,600064,20251209,93025670,0,711052,A,B,85000,400,
600064.SH,600064,20251209,93025670,0,711922,A,B,85000,300,
600064.SH,600064,20251209,93025830,0,712427,A,S,85400,2000,
600064.SH,600064,20251209,93025970,0,714446,A,S,89800,2000,
600064.SH,600064,20251209,93025970,0,714980,A,B,84600,1000,
600064.SH,600064,20251209,93026170,0,716279,A,B,84900,100,
600064.SH,600064,20251209,93026470,0,718727,A,B,84700,4000,
600064.SH,600064,20251209,93026670,0,720544,A,B,85100,1200,
600064.SH,600064,20251209,93026760,0,721629,A,B,84700,1000,
600064.SH,600064,20251209,93026950,0,724325,A,S,85100,400,
600064.SH,600064,20251209,93027090,0,724740,A,S,85100,100,
600064.SH,600064,20251209,93027130,0,725107,A,S,85100,1500,
600064.SH,600064,20251209,93027130,0,725733,A,B,84900,100,
600064.SH,600064,20251209,93027280,0,727194,A,S,93600,3000,
600064.SH,600064,20251209,93027360,0,728165,A,B,85000,100,
600064.SH,600064,20251209,93027360,0,728592,A,B,84900,100,
600064.SH,600064,20251209,93027510,0,729230,A,B,84900,400,
600064.SH,600064,20251209,93027510,0,729383,A,B,85000,100,
600064.SH,600064,20251209,93027650,0,730676,A,S,85100,2200,
600064.SH,600064,20251209,93028040,0,734517,A,S,85100,100,
600064.SH,600064,20251209,93028340,0,738202,A,S,85100,100,
600064.SH,600064,20251209,93028340,0,738256,A,B,85000,800,
600064.SH,600064,20251209,93028500,0,739991,A,S,85100,2900,
600064.SH,600064,20251209,93028500,0,739995,A,S,85100,3900,
600064.SH,600064,20251209,93028500,0,740152,A,S,85100,1600,
600064.SH,600064,20251209,93028500,0,740175,A,S,85100,400,
600064.SH,600064,20251209,93028500,0,740202,A,S,85100,600,
600064.SH,600064,20251209,93028500,0,740241,A,B,84500,1000,
600064.SH,600064,20251209,93028630,0,741224,A,S,85100,600,
600064.SH,600064,20251209,93028630,0,741564,A,S,85100,200,
600064.SH,600064,20251209,93028860,0,744092,A,B,84700,15000,
600064.SH,600064,20251209,93028970,0,744395,A,S,85100,700,
600064.SH,600064,20251209,93028970,0,745524,A,S,85100,100,
600064.SH,600064,20251209,93029120,0,745749,A,S,85100,100,
600064.SH,600064,20251209,93029120,0,745751,A,S,85100,100,
600064.SH,600064,20251209,93029260,0,747412,A,B,84900,100,
600064.SH,600064,20251209,93029770,0,753002,A,S,85100,100,
600064.SH,600064,20251209,93029770,0,753024,A,S,85100,100,
600064.SH,600064,20251209,93029770,0,753025,A,S,85100,100,
600064.SH,600064,20251209,93029770,0,753105,A,S,85100,100,
600064.SH,600064,20251209,93029770,0,753221,A,B,85000,20000,
600064.SH,600064,20251209,93030050,0,756784,A,B,84900,30000,
600064.SH,600064,20251209,93030050,0,757008,A,B,85000,100,
600064.SH,600064,20251209,93030570,0,760738,A,B,84400,4000,
600064.SH,600064,20251209,93030570,0,761176,A,B,85000,700,
600064.SH,600064,20251209,93030980,0,765147,A,B,84900,100,
600064.SH,600064,20251209,93030980,0,765477,A,S,85100,300,
600064.SH,600064,20251209,93031250,0,768785,A,B,84900,400,
600064.SH,600064,20251209,93031670,0,773534,A,B,85000,100,
600064.SH,600064,20251209,93032160,0,777122,A,S,86800,1300,
600064.SH,600064,20251209,93032160,0,777478,A,S,85400,2000,
600064.SH,600064,20251209,93032160,0,778022,A,B,85000,100,
600064.SH,600064,20251209,93032160,0,778256,A,S,85100,500,
600064.SH,600064,20251209,93032300,0,779386,A,B,84900,100,
600064.SH,600064,20251209,93032430,0,780984,A,B,84900,100,
600064.SH,600064,20251209,93032580,0,782211,A,B,85000,100,
600064.SH,600064,20251209,93032720,0,783524,A,B,84900,500,
600064.SH,600064,20251209,93032720,0,783697,A,B,84900,100,
600064.SH,600064,20251209,93032840,0,784571,A,S,89300,400,
600064.SH,600064,20251209,93033250,0,789380,A,B,84900,500,
600064.SH,600064,20251209,93033390,0,790832,A,S,85000,700,
600064.SH,600064,20251209,93033390,0,791053,A,S,85000,1500,
600064.SH,600064,20251209,93033540,0,791753,A,S,85100,100,
600064.SH,600064,20251209,93033540,0,791976,A,S,85100,100,
600064.SH,600064,20251209,93033540,0,792034,A,S,85000,200,
600064.SH,600064,20251209,93033540,0,792287,A,S,85000,100,
600064.SH,600064,20251209,93033670,0,793284,A,S,85000,100,
600064.SH,600064,20251209,93033870,0,796114,A,S,85000,1500,
600064.SH,600064,20251209,93033870,0,796167,A,S,85000,1500,
600064.SH,600064,20251209,93034020,0,796947,A,S,91100,500,
600064.SH,600064,20251209,93034020,0,797129,A,S,85000,900,
600064.SH,600064,20251209,93034020,0,797225,A,S,85000,5600,
600064.SH,600064,20251209,93034020,0,797239,A,S,85000,700,
600064.SH,600064,20251209,93034150,0,798761,A,S,85000,200,
600064.SH,600064,20251209,93034580,0,802956,A,S,85000,700,
600064.SH,600064,20251209,93034580,0,803237,A,S,85000,2600,
600064.SH,600064,20251209,93034710,0,804270,A,S,85000,100,
600064.SH,600064,20251209,93034840,0,806005,A,S,85100,2600,
600064.SH,600064,20251209,93034990,0,806736,A,S,85000,1200,
600064.SH,600064,20251209,93034990,0,806824,A,S,85000,1800,
600064.SH,600064,20251209,93035130,0,808608,A,S,85000,1200,
600064.SH,600064,20251209,93035130,0,611813,D,S,85200,500,
600064.SH,600064,20251209,93035380,0,811660,A,S,85000,300,
600064.SH,600064,20251209,93035490,0,812791,A,S,85100,100,
600064.SH,600064,20251209,93035490,0,813709,A,S,90900,500,
600064.SH,600064,20251209,93035620,0,813831,A,S,85000,2700,
600064.SH,600064,20251209,93035620,0,814923,A,B,84800,400,
600064.SH,600064,20251209,93035770,0,816249,A,S,85000,100,
600064.SH,600064,20251209,93035770,0,816294,A,S,85000,100,
600064.SH,600064,20251209,93036330,0,822328,A,S,85000,800,
600064.SH,600064,20251209,93036330,0,822742,A,S,85100,100,
600064.SH,600064,20251209,93036460,0,823210,A,B,84800,1000,
600064.SH,600064,20251209,93036600,0,825418,A,S,85000,400,
600064.SH,600064,20251209,93037010,0,829560,A,B,84900,600,
600064.SH,600064,20251209,93037280,0,832534,A,S,85100,500,
600064.SH,600064,20251209,93037280,0,832685,A,S,85100,100,
600064.SH,600064,20251209,93037280,0,832864,A,S,85000,24700,
600064.SH,600064,20251209,93037410,0,833240,A,S,85000,100,
600064.SH,600064,20251209,93037560,0,834410,A,S,85000,100,
600064.SH,600064,20251209,93037560,0,834428,A,B,84900,100,
600064.SH,600064,20251209,93037560,0,834440,A,S,85200,1100,
600064.SH,600064,20251209,93037560,0,802956,D,S,85000,700,
600064.SH,600064,20251209,93037710,0,811660,D,S,85000,300,
600064.SH,600064,20251209,93037830,0,837644,A,S,85000,200,
600064.SH,600064,20251209,93037830,0,837649,A,S,85000,100,
600064.SH,600064,20251209,93037830,0,837781,A,S,85000,100,
600064.SH,600064,20251209,93037830,0,837932,A,S,85100,300,
600064.SH,600064,20251209,93038260,0,842145,A,S,85000,100,
600064.SH,600064,20251209,93038260,0,842164,A,S,85000,100,
600064.SH,600064,20251209,93038260,0,843054,A,S,85300,500,
600064.SH,600064,20251209,93038420,0,843942,A,S,85100,100,
600064.SH,600064,20251209,93038540,0,845301,A,S,86000,3100,
600064.SH,600064,20251209,93038540,0,845840,A,S,85000,400,
600064.SH,600064,20251209,93038540,0,845871,A,S,85000,400,
600064.SH,600064,20251209,93038540,0,845981,A,S,85100,100,
600064.SH,600064,20251209,93038540,0,632175,D,S,85200,100,
600064.SH,600064,20251209,93038820,0,848654,A,S,85000,500,
600064.SH,600064,20251209,93038820,0,848850,A,S,85100,1900,
600064.SH,600064,20251209,93038820,0,848878,A,S,85000,300,
600064.SH,600064,20251209,93038940,0,850084,A,S,85000,500,
600064.SH,600064,20251209,93039060,0,851457,A,S,85100,100,
600064.SH,600064,20251209,93039200,0,852952,A,S,85100,100,
600064.SH,600064,20251209,93039330,0,854230,A,B,84900,100,
600064.SH,600064,20251209,93039480,0,834440,D,S,85200,1100,
600064.SH,600064,20251209,93039480,0,856669,A,B,84900,200,
600064.SH,600064,20251209,93039630,0,857145,A,S,85000,100,
600064.SH,600064,20251209,93039630,0,857540,A,S,85000,1600,
600064.SH,600064,20251209,93039630,0,857542,A,S,85000,600,
600064.SH,600064,20251209,93039630,0,857749,A,S,85100,100,
600064.SH,600064,20251209,93039910,0,859974,A,S,85200,100,
600064.SH,600064,20251209,93039910,0,860155,A,S,85100,100,
600064.SH,600064,20251209,93039910,0,860617,A,S,85000,100,
600064.SH,600064,20251209,93039910,0,860619,A,S,85000,100,
600064.SH,600064,20251209,93040490,0,864221,A,S,85000,3900,
600064.SH,600064,20251209,93040750,0,866870,A,S,85100,200,
600064.SH,600064,20251209,93041140,0,348354,D,S,85300,500,
600064.SH,600064,20251209,93041240,0,848850,D,S,85100,1900,
600064.SH,600064,20251209,93041960,0,875493,A,S,85000,600,
600064.SH,600064,20251209,93041990,0,875671,A,S,85100,100,
600064.SH,600064,20251209,93042360,0,878221,A,S,85000,1100,
600064.SH,600064,20251209,93042470,0,879101,A,S,85000,1900,
600064.SH,600064,20251209,93042950,0,881791,A,B,84200,5000,
600064.SH,600064,20251209,93043190,0,883507,A,S,85100,200,
600064.SH,600064,20251209,93043260,0,883790,A,S,85100,100,
600064.SH,600064,20251209,93043260,0,883899,A,S,85100,14000,
600064.SH,600064,20251209,93043350,0,884503,A,S,85100,3300,
600064.SH,600064,20251209,93043520,0,885390,A,S,85100,200,
600064.SH,600064,20251209,93043690,0,886151,A,S,85800,1000,
600064.SH,600064,20251209,93044140,0,889296,A,S,93600,500,
600064.SH,600064,20251209,93044140,0,889309,A,S,85000,1200,
600064.SH,600064,20251209,93044780,0,657978,D,S,85200,100,
600064.SH,600064,20251209,93044950,0,893947,A,S,85000,600,
600064.SH,600064,20251209,93045070,0,894480,A,S,85000,7400,
600064.SH,600064,20251209,93045070,0,894497,A,S,85000,3200,
600064.SH,600064,20251209,93045530,0,897233,A,S,85000,1300,
600064.SH,600064,20251209,93045600,0,897684,A,S,85100,100,
600064.SH,600064,20251209,93045650,0,897882,A,S,85100,100,
600064.SH,600064,20251209,93046130,0,900653,A,S,85100,100,
600064.SH,600064,20251209,93046190,0,901137,A,S,85000,10200,
600064.SH,600064,20251209,93046270,0,901613,A,S,85000,44900,
600064.SH,600064,20251209,93046940,0,843942,D,S,85100,100,
600064.SH,600064,20251209,93047450,0,808608,D,S,85000,1200,
600064.SH,600064,20251209,93047710,0,875671,D,S,85100,100,
600064.SH,600064,20251209,93047710,0,909927,A,S,86500,2000,
600064.SH,600064,20251209,93047760,0,883899,D,S,85100,14000,
600064.SH,600064,20251209,93047860,0,897882,D,S,85100,100,
600064.SH,600064,20251209,93047940,0,911376,A,S,85000,100,
600064.SH,600064,20251209,93048010,0,894480,D,S,85000,7400,
600064.SH,600064,20251209,93048010,0,894497,D,S,85000,3200,
600064.SH,600064,20251209,93048160,0,864221,D,S,85000,3900,
600064.SH,600064,20251209,93048160,0,912552,A,S,85000,100,
600064.SH,600064,20251209,93048250,0,901137,D,S,85000,10200,
600064.SH,600064,20251209,93048290,0,901613,D,S,85000,44900,
600064.SH,600064,20251209,93048330,0,834410,D,S,85000,100,
600064.SH,600064,20251209,93048450,0,914035,A,B,84900,200,
600064.SH,600064,20251209,93048990,0,889309,D,S,85000,1200,
600064.SH,600064,20251209,93050170,0,922487,A,S,85000,700,
600064.SH,600064,20251209,93050170,0,922522,A,S,85000,100,
600064.SH,600064,20251209,93050170,0,922538,A,S,85000,100,
600064.SH,600064,20251209,93050170,0,834428,D,B,84900,100,
600064.SH,600064,20251209,93050350,0,806736,D,S,85000,1200,
600064.SH,600064,20251209,93050590,0,806824,D,S,85000,1800,
600064.SH,600064,20251209,93050610,0,813831,D,S,85000,2700,
600064.SH,600064,20251209,93051540,0,928622,A,B,84900,1800,
600064.SH,600064,20251209,93052010,0,930448,A,B,84900,2000,
600064.SH,600064,20251209,93052350,0,931923,A,B,84900,200,
600064.SH,600064,20251209,93052850,0,934232,A,S,85000,100,
600064.SH,600064,20251209,93053090,0,935275,A,S,85000,300,
600064.SH,600064,20251209,93055530,0,945339,A,B,84900,200,
600064.SH,600064,20251209,93055670,0,945762,A,S,85000,500,
600064.SH,600064,20251209,93056080,0,947700,A,B,84900,1000,
600064.SH,600064,20251209,93056120,0,857749,D,S,85100,100,
600064.SH,600064,20251209,93056120,0,812791,D,S,85100,100,
600064.SH,600064,20251209,93056120,0,947770,A,B,84900,300,
600064.SH,600064,20251209,93056120,0,947779,A,S,85000,2300,
600064.SH,600064,20251209,93056160,0,947951,A,B,84900,500,
600064.SH,600064,20251209,93056690,0,950318,A,B,84900,5000,
600064.SH,600064,20251209,93056790,0,837644,D,S,85000,200,
600064.SH,600064,20251209,93056790,0,837649,D,S,85000,100,
600064.SH,600064,20251209,93056790,0,837781,D,S,85000,100,
600064.SH,600064,20251209,93057360,0,842145,D,S,85000,100,
600064.SH,600064,20251209,93057360,0,842164,D,S,85000,100,
600064.SH,600064,20251209,93057550,0,953800,A,S,84900,44900,
600064.SH,600064,20251209,93057910,0,845981,D,S,85100,100,
600064.SH,600064,20251209,93058260,0,956754,A,S,84900,500,
600064.SH,600064,20251209,93058290,0,957013,A,S,85100,200,
600064.SH,600064,20251209,93058370,0,957247,A,S,85100,200,
600064.SH,600064,20251209,93058370,0,957261,A,S,85100,100,
600064.SH,600064,20251209,93058580,0,958206,A,S,85100,100,
600064.SH,600064,20251209,93058800,0,953800,D,S,84900,44800,
600064.SH,600064,20251209,93058890,0,959548,A,B,80500,500,
600064.SH,600064,20251209,93059120,0,825418,D,S,85000,400,
600064.SH,600064,20251209,93059120,0,798761,D,S,85000,200,
600064.SH,600064,20251209,93059120,0,563151,D,S,85400,1700,
600064.SH,600064,20251209,93059120,0,791753,D,S,85100,100,
600064.SH,600064,20251209,93059150,0,791976,D,S,85100,100,
600064.SH,600064,20251209,93059150,0,960587,A,S,84900,100,
600064.SH,600064,20251209,93059150,0,960594,A,S,84900,100,
600064.SH,600064,20251209,93059150,0,852952,D,S,85100,100,
600064.SH,600064,20251209,93059150,0,822742,D,S,85100,100,
600064.SH,600064,20251209,93059150,0,851457,D,S,85100,100,
600064.SH,600064,20251209,93059150,0,745524,D,S,85100,100,
600064.SH,600064,20251209,93059150,0,734517,D,S,85100,100,
600064.SH,600064,20251209,93059150,0,753105,D,S,85100,100,
600064.SH,600064,20251209,93059150,0,753002,D,S,85100,100,
600064.SH,600064,20251209,93059150,0,745749,D,S,85100,100,
600064.SH,600064,20251209,93059150,0,753025,D,S,85100,100,
600064.SH,600064,20251209,93059150,0,753024,D,S,85100,100,
600064.SH,600064,20251209,93059150,0,745751,D,S,85100,100,
600064.SH,600064,20251209,93059150,0,960612,A,S,84900,200,
600064.SH,600064,20251209,93059150,0,960613,A,S,84900,100,
600064.SH,600064,20251209,93059150,0,738202,D,S,85100,100,
600064.SH,600064,20251209,93059150,0,884503,D,S,85100,3300,
600064.SH,600064,20251209,93059150,0,922522,D,S,85000,100,
600064.SH,600064,20251209,93059150,0,960701,A,S,84900,100,
600064.SH,600064,20251209,93059150,0,922538,D,S,85000,100,
600064.SH,600064,20251209,93059230,0,897233,D,S,85000,1300,
600064.SH,600064,20251209,93059270,0,845840,D,S,85000,400,
600064.SH,600064,20251209,93059270,0,804270,D,S,85000,100,
600064.SH,600064,20251209,93059270,0,845871,D,S,85000,400,
600064.SH,600064,20251209,93059270,0,848878,D,S,85000,300,
600064.SH,600064,20251209,93059270,0,816249,D,S,85000,100,
600064.SH,600064,20251209,93059270,0,822328,D,S,85000,800,
600064.SH,600064,20251209,93059270,0,816294,D,S,85000,100,
600064.SH,600064,20251209,93059310,0,778256,D,S,85100,500,
600064.SH,600064,20251209,93059540,0,744395,D,S,85100,700,
600064.SH,600064,20251209,93059590,0,962514,A,B,84800,60000,
600064.SH,600064,20251209,93059700,0,900653,D,S,85100,100,
600064.SH,600064,20251209,93059890,0,860619,D,S,85000,100,
600064.SH,600064,20251209,93059890,0,860617,D,S,85000,100,
600064.SH,600064,20251209,93100030,0,964292,A,S,84900,7800,
600064.SH,600064,20251209,93100120,0,912552,D,S,85000,100,
600064.SH,600064,20251209,93100220,0,965423,A,S,84900,100,
600064.SH,600064,20251209,93100310,0,966073,A,B,84800,200,
600064.SH,600064,20251209,93100430,0,966744,A,S,84900,20700,
600064.SH,600064,20251209,93100610,0,967827,A,S,84900,100,
600064.SH,600064,20251209,93100610,0,967829,A,S,84900,200,
600064.SH,600064,20251209,93100610,0,967837,A,S,84900,100,
600064.SH,600064,20251209,93100610,0,967840,A,S,84900,100,
600064.SH,600064,20251209,93100610,0,967848,A,S,84900,100,
600064.SH,600064,20251209,93100610,0,967863,A,S,84900,100,
600064.SH,600064,20251209,93100610,0,967866,A,S,84900,100,
600064.SH,600064,20251209,93100610,0,967867,A,S,84900,100,
600064.SH,600064,20251209,93100610,0,967906,A,S,84900,300,
600064.SH,600064,20251209,93100610,0,967907,A,S,84900,100,
600064.SH,600064,20251209,93100610,0,967913,A,S,84900,100,
600064.SH,600064,20251209,93100940,0,970131,A,S,84900,1200,
600064.SH,600064,20251209,93101620,0,966744,D,S,84900,20700,
600064.SH,600064,20251209,93101750,0,974632,A,B,84800,200,
600064.SH,600064,20251209,93101810,0,673951,D,S,85200,200,
600064.SH,600064,20251209,93101870,0,860155,D,S,85100,100,
600064.SH,600064,20251209,93101870,0,859974,D,S,85200,100,
600064.SH,600064,20251209,93101870,0,975364,A,S,85000,100,
600064.SH,600064,20251209,93101870,0,975394,A,S,84900,200,
600064.SH,600064,20251209,93102110,0,976248,A,S,84900,100,
600064.SH,600064,20251209,93102110,0,976259,A,S,84900,100,
600064.SH,600064,20251209,93102110,0,976263,A,S,84900,100,
600064.SH,600064,20251209,93102110,0,976265,A,S,84900,100,
600064.SH,600064,20251209,93102110,0,976267,A,S,84900,100,
600064.SH,600064,20251209,93102110,0,976273,A,S,84900,100,
600064.SH,600064,20251209,93102110,0,976275,A,S,84900,100,
600064.SH,600064,20251209,93102110,0,976276,A,S,84900,100,
600064.SH,600064,20251209,93102110,0,976279,A,S,84900,100,
600064.SH,600064,20251209,93102110,0,976283,A,S,84900,100,
600064.SH,600064,20251209,93102110,0,976284,A,S,84900,100,
600064.SH,600064,20251209,93102110,0,976285,A,S,84900,100,
600064.SH,600064,20251209,93102110,0,976286,A,S,84900,100,
600064.SH,600064,20251209,93102110,0,976323,A,S,84900,100,
600064.SH,600064,20251209,93102110,0,832685,D,S,85100,100,
600064.SH,600064,20251209,93102110,0,976401,A,S,85000,700,
600064.SH,600064,20251209,93102150,0,976418,A,S,84900,100,
600064.SH,600064,20251209,93102150,0,976434,A,B,84800,300,
600064.SH,600064,20251209,93102150,0,976498,A,S,84900,500,
600064.SH,600064,20251209,93102190,0,976703,A,B,84900,22400,
600064.SH,600064,20251209,93102370,0,977478,A,B,84900,3000,
600064.SH,600064,20251209,93103490,0,983610,A,B,84900,22600,
600064.SH,600064,20251209,93103730,0,985136,A,B,84900,2000,
600064.SH,600064,20251209,93104780,0,990171,A,B,84700,600,
600064.SH,600064,20251209,93104780,0,990224,A,B,84800,1300,
600064.SH,600064,20251209,93105100,0,991676,A,S,85000,900,
600064.SH,600064,20251209,93105110,0,991785,A,S,85000,100,
600064.SH,600064,20251209,93105270,0,992564,A,S,85000,500,
600064.SH,600064,20251209,93105870,0,996061,A,B,84800,100000,
600064.SH,600064,20251209,93106110,0,631538,D,S,85200,100,
600064.SH,600064,20251209,93106110,0,997048,A,S,85100,100,
600064.SH,600064,20251209,93106110,0,997086,A,S,85000,200,
600064.SH,600064,20251209,93106230,0,997763,A,S,85000,700,
600064.SH,600064,20251209,93106420,0,998811,A,B,84900,100,
600064.SH,600064,20251209,93107510,0,1003961,A,B,84900,200,
600064.SH,600064,20251209,93107930,0,1005909,A,B,84900,300,
600064.SH,600064,20251209,93108140,0,1006711,A,S,85000,1500,
600064.SH,600064,20251209,93108140,0,1006739,A,S,85000,5100,
600064.SH,600064,20251209,93108280,0,957247,D,S,85100,200,
600064.SH,600064,20251209,93108340,0,957261,D,S,85100,100,
600064.SH,600064,20251209,93108360,0,958206,D,S,85100,100,
600064.SH,600064,20251209,93108360,0,883507,D,S,85100,200,
600064.SH,600064,20251209,93108380,0,957013,D,S,85100,200,
600064.SH,600064,20251209,93108530,0,1008606,A,S,85000,300,
600064.SH,600064,20251209,93108570,0,1008765,A,S,85000,100,
600064.SH,600064,20251209,93108570,0,1008777,A,S,85000,1900,
600064.SH,600064,20251209,93108570,0,1008779,A,S,85000,2600,
600064.SH,600064,20251209,93108610,0,1009175,A,S,85000,300,
600064.SH,600064,20251209,93108630,0,1009292,A,S,85000,200,
600064.SH,600064,20251209,93108650,0,1009467,A,S,85000,200,
600064.SH,600064,20251209,93109980,0,1015615,A,S,85000,200,
600064.SH,600064,20251209,93110390,0,1017241,A,S,85000,6600,
600064.SH,600064,20251209,93111080,0,1020714,A,S,85000,6100,
600064.SH,600064,20251209,93111120,0,1020800,A,S,85000,1700,
600064.SH,600064,20251209,93111160,0,1020930,A,B,84300,3000,
600064.SH,600064,20251209,93111160,0,1020932,A,S,85000,100,
600064.SH,600064,20251209,93111160,0,975364,D,S,85000,100,
600064.SH,600064,20251209,93111580,0,1022892,A,S,85000,900,
600064.SH,600064,20251209,93111960,0,1024469,A,S,85300,500,
600064.SH,600064,20251209,93112220,0,1026030,A,B,84900,100,
600064.SH,600064,20251209,93112690,0,718727,D,B,84700,4000,
600064.SH,600064,20251209,93112690,0,1028006,A,S,85000,100,
600064.SH,600064,20251209,93113750,0,1032632,A,S,85600,5000,
600064.SH,600064,20251209,93114090,0,1033939,A,S,85000,1800,
600064.SH,600064,20251209,93114120,0,1034013,A,B,84900,900,
600064.SH,600064,20251209,93114120,0,1034018,A,S,85000,300,
600064.SH,600064,20251209,93115060,0,1038003,A,S,84900,6500,
600064.SH,600064,20251209,93115540,0,1040322,A,B,84800,500,
600064.SH,600064,20251209,93116250,0,1038003,D,S,84900,6400,
600064.SH,600064,20251209,93117080,0,1047080,A,S,85600,1500,
600064.SH,600064,20251209,93117110,0,1047190,A,B,84900,600,
600064.SH,600064,20251209,93117110,0,1047194,A,B,84900,700,
600064.SH,600064,20251209,93117110,0,1047205,A,B,84900,1000,
600064.SH,600064,20251209,93117110,0,1047235,A,B,84900,2300,
600064.SH,600064,20251209,93117150,0,1047273,A,S,85000,500,
600064.SH,600064,20251209,93117150,0,1047316,A,S,85000,2400,
600064.SH,600064,20251209,93117150,0,1047334,A,S,85000,5600,
600064.SH,600064,20251209,93117150,0,1047336,A,S,85000,1100,
600064.SH,600064,20251209,93117150,0,1047341,A,S,85000,8700,
600064.SH,600064,20251209,93117150,0,1047376,A,S,85000,600,
600064.SH,600064,20251209,93117220,0,1047667,A,B,84900,900,
600064.SH,600064,20251209,93117260,0,1017241,D,S,85000,6600,
600064.SH,600064,20251209,93117260,0,1008779,D,S,85000,2600,
600064.SH,600064,20251209,93117260,0,1008777,D,S,85000,1900,
600064.SH,600064,20251209,93117260,0,1009175,D,S,85000,300,
600064.SH,600064,20251209,93118260,0,1009467,D,S,85000,200,
600064.SH,600064,20251209,93118260,0,1008765,D,S,85000,100,
600064.SH,600064,20251209,93118260,0,1008606,D,S,85000,300,
600064.SH,600064,20251209,93118330,0,1009292,D,S,85000,200,
600064.SH,600064,20251209,93118400,0,1052568,A,S,85100,200,
600064.SH,600064,20251209,93118440,0,1052778,A,S,85100,300,
600064.SH,600064,20251209,93118480,0,1052815,A,S,85100,100,
600064.SH,600064,20251209,93118560,0,1053359,A,S,85100,200,
600064.SH,600064,20251209,93118720,0,1053980,A,S,85600,200,
600064.SH,600064,20251209,93119230,0,1056127,A,B,84900,100,
600064.SH,600064,20251209,93120220,0,1060218,A,S,85000,2600,
600064.SH,600064,20251209,93120220,0,1060219,A,S,85000,1900,
600064.SH,600064,20251209,93120260,0,1060449,A,S,85000,300,
600064.SH,600064,20251209,93123090,0,1047190,D,B,84900,400,
600064.SH,600064,20251209,93123090,0,1047194,D,B,84900,700,
600064.SH,600064,20251209,93123090,0,1047205,D,B,84900,1000,
600064.SH,600064,20251209,93123120,0,1047235,D,B,84900,2300,
600064.SH,600064,20251209,93123120,0,1072287,A,S,85000,100,
600064.SH,600064,20251209,93123940,0,1075473,A,B,84800,1000,
600064.SH,600064,20251209,93125030,0,1079794,A,B,84900,600,
600064.SH,600064,20251209,93125230,0,1080567,A,B,83000,2000,
600064.SH,600064,20251209,93125340,0,1081023,A,B,84900,600,
600064.SH,600064,20251209,93125590,0,1082272,A,B,84900,800,
600064.SH,600064,20251209,93126080,0,1084285,A,B,84900,300,
600064.SH,600064,20251209,93126120,0,1084401,A,S,85000,100,
600064.SH,600064,20251209,93126430,0,1085706,A,B,84900,9100,
600064.SH,600064,20251209,93127460,0,1089936,A,S,85000,200,
600064.SH,600064,20251209,93127940,0,1091778,A,S,85200,2000,
600064.SH,600064,20251209,93128480,0,1094036,A,B,84800,1000,
600064.SH,600064,20251209,93129060,0,1096422,A,B,84600,2000,
600064.SH,600064,20251209,93129100,0,1096600,A,B,84900,300,
600064.SH,600064,20251209,93129100,0,1096601,A,B,84900,300,
600064.SH,600064,20251209,93129100,0,1096604,A,B,84900,300,
600064.SH,600064,20251209,93129100,0,1096605,A,B,84900,300,
600064.SH,600064,20251209,93129100,0,1096606,A,B,84900,300,
600064.SH,600064,20251209,93129100,0,1096607,A,B,84900,300,
600064.SH,600064,20251209,93129100,0,1096608,A,B,84900,300,
600064.SH,600064,20251209,93129100,0,1096609,A,B,84900,300,
600064.SH,600064,20251209,93129100,0,1096610,A,B,84900,300,
600064.SH,600064,20251209,93129100,0,1096611,A,B,84900,900,
600064.SH,600064,20251209,93129100,0,1096612,A,B,84900,300,
600064.SH,600064,20251209,93129100,0,1096615,A,B,84900,300,
600064.SH,600064,20251209,93129100,0,1096617,A,B,84900,300,
600064.SH,600064,20251209,93129100,0,1096620,A,B,84900,300,
600064.SH,600064,20251209,93129100,0,1096623,A,B,84900,200,
600064.SH,600064,20251209,93129100,0,1096625,A,B,84900,300,
600064.SH,600064,20251209,93129100,0,1096627,A,B,84900,300,
600064.SH,600064,20251209,93129100,0,1096628,A,B,84900,300,
600064.SH,600064,20251209,93129100,0,1096629,A,B,84900,300,
600064.SH,600064,20251209,93129100,0,1096637,A,B,84900,300,
600064.SH,600064,20251209,93129100,0,1096638,A,B,84900,300,
600064.SH,600064,20251209,93129100,0,1096651,A,B,84900,300,
600064.SH,600064,20251209,93129100,0,1096659,A,B,84900,300,
600064.SH,600064,20251209,93129100,0,1096671,A,B,84900,300,
600064.SH,600064,20251209,93129100,0,1096676,A,B,84900,300,
600064.SH,600064,20251209,93129100,0,1096715,A,B,84900,300,
600064.SH,600064,20251209,93129100,0,1096727,A,B,84900,300,
600064.SH,600064,20251209,93129100,0,1096728,A,B,84900,300,
600064.SH,600064,20251209,93129100,0,1096729,A,B,84900,300,
600064.SH,600064,20251209,93129100,0,1096752,A,B,84900,300,
600064.SH,600064,20251209,93129140,0,1096772,A,B,84900,100,
600064.SH,600064,20251209,93129140,0,1096774,A,B,84900,300,
600064.SH,600064,20251209,93129140,0,1096812,A,B,84900,300,
600064.SH,600064,20251209,93129140,0,1096863,A,B,84900,300,
600064.SH,600064,20251209,93129140,0,1096866,A,B,84900,300,
600064.SH,600064,20251209,93129180,0,1096928,A,B,84900,300,
600064.SH,600064,20251209,93129280,0,1097385,A,B,84900,300,
600064.SH,600064,20251209,93129440,0,1098114,A,B,84900,600,
600064.SH,600064,20251209,93129520,0,1098481,A,B,84900,300,
600064.SH,600064,20251209,93129660,0,1098997,A,B,84900,2000,
600064.SH,600064,20251209,93131110,0,1104616,A,S,85000,300,
600064.SH,600064,20251209,93131520,0,1106238,A,B,84900,3000,
600064.SH,600064,20251209,93131600,0,1106541,A,B,84200,1500,
600064.SH,600064,20251209,93132110,0,1108598,A,B,84900,27200,
600064.SH,600064,20251209,93132110,0,1108620,A,B,84900,8600,
600064.SH,600064,20251209,93132110,0,1108639,A,S,85000,100,
600064.SH,600064,20251209,93132540,0,1110220,A,B,84800,2000,
600064.SH,600064,20251209,93133270,0,897684,D,S,85100,100,
600064.SH,600064,20251209,93133390,0,1113393,A,B,84900,1000,
600064.SH,600064,20251209,93133860,0,24105,D,B,84700,4000,
600064.SH,600064,20251209,93134400,0,1117207,A,B,84800,2000,
600064.SH,600064,20251209,93134440,0,1117279,A,S,85000,300,
600064.SH,600064,20251209,93135170,0,1120334,A,S,85000,500,
600064.SH,600064,20251209,93135410,0,1121386,A,B,84800,2000,
600064.SH,600064,20251209,93135640,0,1122426,A,S,85100,100,
600064.SH,600064,20251209,93135670,0,1075473,D,B,84800,1000,
600064.SH,600064,20251209,93135810,0,1122957,A,S,85100,20000,
600064.SH,600064,20251209,93136740,0,1126902,A,S,85100,10000,
600064.SH,600064,20251209,93138130,0,1132854,A,S,85000,100,
600064.SH,600064,20251209,93139200,0,1137352,A,B,84900,500,
600064.SH,600064,20251209,93139400,0,1138365,A,S,85900,5200,
600064.SH,600064,20251209,93139430,0,1138582,A,S,85600,4000,
600064.SH,600064,20251209,93139840,0,1140787,A,B,84800,500,
600064.SH,600064,20251209,93142890,0,1155428,A,B,84400,5000,
600064.SH,600064,20251209,93144130,0,1162285,A,S,85000,100,
600064.SH,600064,20251209,93145150,0,1167121,A,S,85200,20000,
600064.SH,600064,20251209,93145150,0,1167145,A,B,84900,1000,
600064.SH,600064,20251209,93145350,0,1168230,A,B,84800,5000,
600064.SH,600064,20251209,93147160,0,1177013,A,B,84900,5000,
600064.SH,600064,20251209,93147890,0,1179970,A,S,85300,500,
600064.SH,600064,20251209,93150500,0,1192316,A,B,84900,400,
600064.SH,600064,20251209,93151030,0,1194810,A,B,84900,600,
600064.SH,600064,20251209,93151900,0,1198755,A,S,85300,30000,
600064.SH,600064,20251209,93153130,0,1203992,A,S,85000,200,
600064.SH,600064,20251209,93153630,0,1206174,A,S,85600,5000,
600064.SH,600064,20251209,93154230,0,1208704,A,S,85000,100,
600064.SH,600064,20251209,93154860,0,1211353,A,B,84900,3200,
600064.SH,600064,20251209,93154990,0,1212177,A,B,84900,200,
600064.SH,600064,20251209,93156140,0,1217364,A,S,85000,200,
600064.SH,600064,20251209,93156590,0,1219045,A,S,85000,200,
600064.SH,600064,20251209,93156880,0,1096601,D,B,84900,300,
600064.SH,600064,20251209,93158580,0,1227463,A,B,84800,2000,
600064.SH,600064,20251209,93158720,0,1228191,A,B,84800,500,
600064.SH,600064,20251209,93159120,0,1229714,A,S,85000,700,
600064.SH,600064,20251209,93159410,0,1096928,D,B,84900,300,
600064.SH,600064,20251209,93200220,0,33088,D,B,84000,3000,
600064.SH,600064,20251209,93200300,0,1052568,D,S,85100,200,
600064.SH,600064,20251209,93200300,0,1053359,D,S,85100,200,
600064.SH,600064,20251209,93200300,0,1052778,D,S,85100,300,
600064.SH,600064,20251209,93200340,0,1052815,D,S,85100,100,
600064.SH,600064,20251209,93200500,0,1236074,A,S,85000,300,
600064.SH,600064,20251209,93200500,0,1236075,A,S,85000,200,
600064.SH,600064,20251209,93200500,0,1236106,A,S,85000,200,
600064.SH,600064,20251209,93200540,0,1236349,A,S,85000,100,
600064.SH,600064,20251209,93200560,0,1236507,A,S,85400,40000,
600064.SH,600064,20251209,93200950,0,1238658,A,S,84900,4972,
600064.SH,600064,20251209,93200950,0,1238768,A,B,84800,3000,
600064.SH,600064,20251209,93201190,0,1006711,D,S,85000,1500,
600064.SH,600064,20251209,93201190,0,1006739,D,S,85000,5100,
600064.SH,600064,20251209,93201220,0,1239983,A,S,84900,100,
600064.SH,600064,20251209,93201220,0,1240068,A,S,84900,100,
600064.SH,600064,20251209,93201220,0,1240082,A,S,84900,200,
600064.SH,600064,20251209,93201220,0,1240085,A,S,84900,100,
600064.SH,600064,20251209,93201220,0,1240176,A,S,84900,600,
600064.SH,600064,20251209,93201220,0,806005,D,S,85100,2600,
600064.SH,600064,20251209,93201260,0,1240220,A,S,84900,100,
600064.SH,600064,20251209,93201410,0,1020714,D,S,85000,6100,
600064.SH,600064,20251209,93201480,0,645357,D,S,85700,10000,
600064.SH,600064,20251209,93201480,0,991785,D,S,85000,100,
600064.SH,600064,20251209,93201690,0,1242458,A,B,84800,200,
600064.SH,600064,20251209,93201930,0,1243532,A,S,84900,6500,
600064.SH,600064,20251209,93202060,0,1244128,A,S,85000,100,
600064.SH,600064,20251209,93202160,0,1244721,A,S,84900,100,
600064.SH,600064,20251209,93202160,0,1047273,D,S,85000,500,
600064.SH,600064,20251209,93202200,0,1132854,D,S,85000,100,
600064.SH,600064,20251209,93202200,0,1108639,D,S,85000,100,
600064.SH,600064,20251209,93202200,0,1020932,D,S,85000,100,
600064.SH,600064,20251209,93202200,0,1162285,D,S,85000,100,
600064.SH,600064,20251209,93202200,0,1244886,A,S,84900,600,
600064.SH,600064,20251209,93202200,0,1084401,D,S,85000,100,
600064.SH,600064,20251209,93202240,0,1245050,A,S,84900,600,
600064.SH,600064,20251209,93202240,0,1245092,A,S,84900,400,
600064.SH,600064,20251209,93202290,0,23575,D,B,84400,500,
600064.SH,600064,20251209,93202290,0,1245283,A,S,84900,600,
600064.SH,600064,20251209,93202330,0,1245456,A,S,84900,700,
600064.SH,600064,20251209,93202370,0,1245511,A,S,84900,400,
600064.SH,600064,20251209,93202370,0,1245689,A,S,84900,1000,
600064.SH,600064,20251209,93202440,0,1246124,A,S,84900,1500,
600064.SH,600064,20251209,93202630,0,1246884,A,B,84800,500,
600064.SH,600064,20251209,93203490,0,1250667,A,S,84900,1200,
600064.SH,600064,20251209,93203670,0,1033939,D,S,85000,1800,
600064.SH,600064,20251209,93203790,0,1252075,A,S,84900,200,
600064.SH,600064,20251209,93204080,0,1253389,A,S,84900,600,
600064.SH,600064,20251209,93204150,0,1253754,A,S,84900,1500,
600064.SH,600064,20251209,93204370,0,1254908,A,S,84900,2000,
600064.SH,600064,20251209,93204540,0,1255582,A,S,84900,20000,
600064.SH,600064,20251209,93204740,0,1256474,A,S,84900,6600,
600064.SH,600064,20251209,93204820,0,1256756,A,S,84900,2600,
600064.SH,600064,20251209,93205120,0,1258133,A,S,84900,200,
600064.SH,600064,20251209,93205120,0,1258237,A,S,84900,300,
600064.SH,600064,20251209,93205280,0,997763,D,S,85000,700,
600064.SH,600064,20251209,93205320,0,1259157,A,B,84800,10000,
600064.SH,600064,20251209,93205400,0,1259632,A,S,84900,700,
600064.SH,600064,20251209,93206230,0,1208704,D,S,85000,100,
600064.SH,600064,20251209,93206370,0,832534,D,S,85100,500,
600064.SH,600064,20251209,93206440,0,1264559,A,S,84900,700,
600064.SH,600064,20251209,93207530,0,1269031,A,S,84900,100,
600064.SH,600064,20251209,93207620,0,1269220,A,B,84800,400,
600064.SH,600064,20251209,93207700,0,1269738,A,B,84800,2000,
600064.SH,600064,20251209,93208330,0,1272491,A,B,84800,100,
600064.SH,600064,20251209,93208590,0,1273713,A,S,86000,1000,
600064.SH,600064,20251209,93209110,0,1275668,A,B,84800,200,
600064.SH,600064,20251209,93209600,0,1277678,A,S,84900,2100,
600064.SH,600064,20251209,93209630,0,1277724,A,S,84900,600,
600064.SH,600064,20251209,93209630,0,1277725,A,S,84900,400,
600064.SH,600064,20251209,93209630,0,1277726,A,S,84900,400,
600064.SH,600064,20251209,93209630,0,1277727,A,S,84900,300,
600064.SH,600064,20251209,93209630,0,1277728,A,S,84900,500,
600064.SH,600064,20251209,93209630,0,1277729,A,S,84900,400,
600064.SH,600064,20251209,93209630,0,1277730,A,S,84900,300,
600064.SH,600064,20251209,93209630,0,1277731,A,S,84900,800,
600064.SH,600064,20251209,93209630,0,1277734,A,S,84900,500,
600064.SH,600064,20251209,93209630,0,1277735,A,S,84900,300,
600064.SH,600064,20251209,93209630,0,1277737,A,S,84900,500,
600064.SH,600064,20251209,93209630,0,1277738,A,S,84900,800,
600064.SH,600064,20251209,93209630,0,1277739,A,S,84900,300,
600064.SH,600064,20251209,93209630,0,1277740,A,S,84900,800,
600064.SH,600064,20251209,93209630,0,1277743,A,S,84900,100,
600064.SH,600064,20251209,93209630,0,1277745,A,S,84900,500,
600064.SH,600064,20251209,93209630,0,1277746,A,S,84900,300,
600064.SH,600064,20251209,93209630,0,1277747,A,S,84900,100,
600064.SH,600064,20251209,93209630,0,1277750,A,S,84900,900,
600064.SH,600064,20251209,93209630,0,1277751,A,S,84900,100,
600064.SH,600064,20251209,93209630,0,1277772,A,S,84900,900,
600064.SH,600064,20251209,93209630,0,1277773,A,S,84900,300,
600064.SH,600064,20251209,93209630,0,1277782,A,S,84900,300,
600064.SH,600064,20251209,93209630,0,1277783,A,S,84900,400,
600064.SH,600064,20251209,93209630,0,1277785,A,S,84900,800,
600064.SH,600064,20251209,93209630,0,1277892,A,S,84900,500,
600064.SH,600064,20251209,93209670,0,1277963,A,S,84900,7000,
600064.SH,600064,20251209,93210170,0,1280261,A,S,84900,1000,
600064.SH,600064,20251209,93210170,0,1280284,A,S,86800,5000,
600064.SH,600064,20251209,93210620,0,1282091,A,B,84500,3000,
600064.SH,600064,20251209,93210770,0,1282857,A,S,85800,1500,
600064.SH,600064,20251209,93211100,0,1284216,A,S,84900,100,
600064.SH,600064,20251209,93211250,0,992564,D,S,85000,500,
600064.SH,600064,20251209,93213160,0,1293867,A,S,85000,2000,
600064.SH,600064,20251209,93213740,0,1297369,A,B,84700,500,
600064.SH,600064,20251209,93213880,0,1298268,A,S,85000,100,
600064.SH,600064,20251209,93214100,0,1299719,A,S,84900,1300,
600064.SH,600064,20251209,93214230,0,1300699,A,S,84900,500,
600064.SH,600064,20251209,93214320,0,1301052,A,B,84800,600,
600064.SH,600064,20251209,93214370,0,1301343,A,B,84800,1000,
600064.SH,600064,20251209,93214450,0,1179970,D,S,85300,500,
600064.SH,600064,20251209,93214470,0,1117279,D,S,85000,300,
600064.SH,600064,20251209,93214570,0,1302774,A,S,85100,500,
600064.SH,600064,20251209,93215270,0,1306532,A,B,84600,1000,
600064.SH,600064,20251209,93215760,0,878221,D,S,85000,1100,
600064.SH,600064,20251209,93215760,0,879101,D,S,85000,1900,
600064.SH,600064,20251209,93215820,0,1122426,D,S,85100,100,
600064.SH,600064,20251209,93215920,0,1309918,A,S,84900,100,
600064.SH,600064,20251209,93216120,0,1022892,D,S,85000,900,
600064.SH,600064,20251209,93216240,0,1311568,A,B,84200,1400,
600064.SH,600064,20251209,93216680,0,1314027,A,S,84900,3000,
600064.SH,600064,20251209,93216970,0,1315994,A,S,84900,800,
600064.SH,600064,20251209,93217650,0,1319411,A,B,84800,400,
600064.SH,600064,20251209,93218490,0,683113,D,S,85300,500,
600064.SH,600064,20251209,93218490,0,1323534,A,S,85200,400,
600064.SH,600064,20251209,93218560,0,1323909,A,S,85100,500,
600064.SH,600064,20251209,93219000,0,857145,D,S,85000,100,
600064.SH,600064,20251209,93219490,0,1328237,A,S,84900,100,
600064.SH,600064,20251209,93219570,0,1328666,A,B,84000,3000,
600064.SH,600064,20251209,93220050,0,1330787,A,B,84800,300,
600064.SH,600064,20251209,93221340,0,1336411,A,S,85000,500,
600064.SH,600064,20251209,93221810,0,1338355,A,S,93600,20000,
600064.SH,600064,20251209,93222560,0,642013,D,S,85800,2800,
600064.SH,600064,20251209,93222950,0,517964,D,S,85200,900,
600064.SH,600064,20251209,93223110,0,1343976,A,B,84500,1000,
600064.SH,600064,20251209,93223190,0,1219045,D,S,85000,200,
600064.SH,600064,20251209,93223220,0,1344519,A,S,84900,900,
600064.SH,600064,20251209,93223340,0,1345046,A,S,84900,900,
600064.SH,600064,20251209,93224560,0,1350050,A,B,84700,500,
600064.SH,600064,20251209,93226110,0,1355965,A,S,84900,100,
600064.SH,600064,20251209,93227320,0,1236349,D,S,85000,100,
600064.SH,600064,20251209,93227320,0,1236075,D,S,85000,200,
600064.SH,600064,20251209,93227360,0,1236074,D,S,85000,300,
600064.SH,600064,20251209,93227430,0,1236106,D,S,85000,200,
600064.SH,600064,20251209,93227500,0,1361212,A,S,84900,300,
600064.SH,600064,20251209,93227500,0,1361217,A,S,84900,200,
600064.SH,600064,20251209,93227530,0,1361389,A,S,84900,100,
600064.SH,600064,20251209,93227690,0,33087,D,B,84200,2600,
600064.SH,600064,20251209,93227720,0,1362150,A,S,84900,200,
600064.SH,600064,20251209,93229330,0,1368236,A,S,85800,6300,
600064.SH,600064,20251209,93229480,0,1089936,D,S,85000,200,
600064.SH,600064,20251209,93229570,0,1369133,A,S,84900,800,
600064.SH,600064,20251209,93229680,0,1314027,D,S,84900,3000,
600064.SH,600064,20251209,93229720,0,1369698,A,B,84700,2000,
600064.SH,600064,20251209,93230100,0,1104616,D,S,85000,300,
600064.SH,600064,20251209,93231280,0,1015615,D,S,85000,200,
600064.SH,600064,20251209,93231860,0,1378230,A,S,84900,100,
600064.SH,600064,20251209,93231880,0,1244128,D,S,85000,100,
600064.SH,600064,20251209,93232870,0,1382036,A,B,84700,4100,
600064.SH,600064,20251209,93234640,0,1388770,A,S,84900,2800,
600064.SH,600064,20251209,93234860,0,1389682,A,B,84000,900,
600064.SH,600064,20251209,93235060,0,1110220,D,B,84800,2000,
600064.SH,600064,20251209,93235230,0,1361212,D,S,84900,300,
600064.SH,600064,20251209,93235260,0,1361217,D,S,84900,200,
600064.SH,600064,20251209,93235260,0,1361389,D,S,84900,100,
600064.SH,600064,20251209,93235260,0,1362150,D,S,84900,200,
600064.SH,600064,20251209,93235400,0,1391580,A,S,85000,200,
600064.SH,600064,20251209,93235440,0,1391691,A,S,85000,300,
600064.SH,600064,20251209,93235560,0,1392102,A,S,85000,200,
600064.SH,600064,20251209,93235620,0,1392321,A,S,85000,100,
600064.SH,600064,20251209,93235970,0,1393659,A,S,85800,5000,
600064.SH,600064,20251209,93236200,0,1394492,A,B,84800,200,
600064.SH,600064,20251209,93236230,0,1394606,A,S,84900,900,
600064.SH,600064,20251209,93238130,0,1401710,A,S,84900,100,
600064.SH,600064,20251209,93238510,0,1403213,A,B,83500,100,
600064.SH,600064,20251209,93239890,0,1408331,A,B,84600,500,
600064.SH,600064,20251209,93240920,0,1412128,A,S,85000,1400,
600064.SH,600064,20251209,93240960,0,1412210,A,S,84900,100,
600064.SH,600064,20251209,93240960,0,1412217,A,S,84900,100,
600064.SH,600064,20251209,93240960,0,1412219,A,S,84900,100,
600064.SH,600064,20251209,93240960,0,1412223,A,S,84900,100,
600064.SH,600064,20251209,93240960,0,1412224,A,S,84900,100,
600064.SH,600064,20251209,93240960,0,1412227,A,S,84900,100,
600064.SH,600064,20251209,93240960,0,1412228,A,S,84900,100,
600064.SH,600064,20251209,93240960,0,1412230,A,S,84900,100,
600064.SH,600064,20251209,93240960,0,1412232,A,S,84900,100,
600064.SH,600064,20251209,93240960,0,1412234,A,S,84900,100,
600064.SH,600064,20251209,93240960,0,1412236,A,S,84900,100,
600064.SH,600064,20251209,93240960,0,1412245,A,S,84900,100,
600064.SH,600064,20251209,93240960,0,1412246,A,S,84900,100,
600064.SH,600064,20251209,93240960,0,1412343,A,S,84900,100,
600064.SH,600064,20251209,93240960,0,1412344,A,S,84900,100,
600064.SH,600064,20251209,93240960,0,1412354,A,S,84900,100,
600064.SH,600064,20251209,93240960,0,1412408,A,S,84900,100,
600064.SH,600064,20251209,93241000,0,1238658,D,S,84900,3172,
600064.SH,600064,20251209,93241140,0,1412960,A,S,85000,1400,
600064.SH,600064,20251209,93241140,0,1413018,A,S,84900,3200,
600064.SH,600064,20251209,93241280,0,741564,D,S,85100,200,
600064.SH,600064,20251209,93241420,0,1414094,A,S,84900,100,
600064.SH,600064,20251209,93241440,0,1414216,A,S,84900,300,
600064.SH,600064,20251209,93241440,0,1414308,A,S,84900,1300,
600064.SH,600064,20251209,93242700,0,1028006,D,S,85000,100,
600064.SH,600064,20251209,93242950,0,1420334,A,B,83000,1000,
600064.SH,600064,20251209,93243400,0,1422060,A,B,84200,2600,
600064.SH,600064,20251209,93243700,0,1423341,A,S,86700,2000,
