万得代码,交易所代码,自然日,时间,成交价,成交量,成交额,成交笔数,IOPV,成交标志,BS标志,当日累计成交量,当日成交额,最高价,最低价,开盘价,前收盘,申卖价1,申卖价2,申卖价3,申卖价4,申卖价5,申卖价6,申卖价7,申卖价8,申卖价9,申卖价10,申卖量1,申卖量2,申卖量3,申卖量4,申卖量5,申卖量6,申卖量7,申卖量8,申卖量9,申卖量10,申买价1,申买价2,申买价3,申买价4,申买价5,申买价6,申买价7,申买价8,申买价9,申买价10,申买量1,申买量2,申买量3,申买量4,申买量5,申买量6,申买量7,申买量8,申买量9,申买量10,加权平均叫卖价,加权平均叫买价,叫卖总量,叫买总量,不加权指数,品种总数,上涨品种数,下跌品种数,持平品种数,
000061.SZ,000061,20251209,81615000,0,0,0,0,0,,,0,0,0,0,0,93300,0,0,0,0,0,0,0,0,0,0,0,0,0,0,0,0,0,0,0,0,0,0,0,0,0,0,0,0,0,0,0,0,0,0,0,0,0,0,0,0,0,0,0,0,0,0,0,0,0,
000061.SZ,000061,20251209,91500000,0,0,0,0,0,,,0,0,0,0,0,93300,0,0,0,0,0,0,0,0,0,0,0,0,0,0,0,0,0,0,0,0,0,0,0,0,0,0,0,0,0,0,0,0,0,0,0,0,0,0,0,0,0,0,0,0,0,0,0,0,0,
000061.SZ,000061,20251209,91509000,0,0,0,0,0,,,0,0,0,0,0,93300,92000,0,0,0,0,0,0,0,0,0,25200,6600,0,0,0,0,0,0,0,0,92000,0,0,0,0,0,0,0,0,0,25200,0,0,0,0,0,0,0,0,0,0,0,0,0,0,0,0,0,0,
000061.SZ,000061,20251209,91518000,0,0,0,0,0,,,0,0,0,0,0,93300,92000,0,0,0,0,0,0,0,0,0,25200,6900,0,0,0,0,0,0,0,0,92000,0,0,0,0,0,0,0,0,0,25200,0,0,0,0,0,0,0,0,0,0,0,0,0,0,0,0,0,0,
000061.SZ,000061,20251209,91545000,0,0,0,0,0,,,0,0,0,0,0,93300,92000,0,0,0,0,0,0,0,0,0,25400,6600,0,0,0,0,0,0,0,0,92000,0,0,0,0,0,0,0,0,0,25400,0,0,0,0,0,0,0,0,0,0,0,0,0,0,0,0,0,0,
000061.SZ,000061,20251209,91603000,0,0,0,0,0,,,0,0,0,0,0,93300,92000,0,0,0,0,0,0,0,0,0,26000,6000,0,0,0,0,0,0,0,0,92000,0,0,0,0,0,0,0,0,0,26000,0,0,0,0,0,0,0,0,0,0,0,0,0,0,0,0,0,0,
000061.SZ,000061,20251209,91630000,0,0,0,0,0,,,0,0,0,0,0,93300,92000,0,0,0,0,0,0,0,0,0,26600,5400,0,0,0,0,0,0,0,0,92000,0,0,0,0,0,0,0,0,0,26600,0,0,0,0,0,0,0,0,0,0,0,0,0,0,0,0,0,0,
000061.SZ,000061,20251209,91706000,0,0,0,0,0,,,0,0,0,0,0,93300,92000,0,0,0,0,0,0,0,0,0,27600,19700,0,0,0,0,0,0,0,0,92000,0,0,0,0,0,0,0,0,0,27600,0,0,0,0,0,0,0,0,0,0,0,0,0,0,0,0,0,0,
000061.SZ,000061,20251209,91715000,0,0,0,0,0,,,0,0,0,0,0,93300,92000,0,0,0,0,0,0,0,0,0,27600,4400,0,0,0,0,0,0,0,0,92000,0,0,0,0,0,0,0,0,0,27600,0,0,0,0,0,0,0,0,0,0,0,0,0,0,0,0,0,0,
000061.SZ,000061,20251209,91733000,0,0,0,0,0,,,0,0,0,0,0,93300,92000,0,0,0,0,0,0,0,0,0,27600,4700,0,0,0,0,0,0,0,0,92000,0,0,0,0,0,0,0,0,0,27600,0,0,0,0,0,0,0,0,0,0,0,0,0,0,0,0,0,0,
000061.SZ,000061,20251209,91742000,0,0,0,0,0,,,0,0,0,0,0,93300,92000,0,0,0,0,0,0,0,0,0,29100,3200,0,0,0,0,0,0,0,0,92000,0,0,0,0,0,0,0,0,0,29100,0,0,0,0,0,0,0,0,0,0,0,0,0,0,0,0,0,0,
000061.SZ,000061,20251209,91800000,0,0,0,0,0,,,0,0,0,0,0,93300,92000,0,0,0,0,0,0,0,0,0,32100,200,0,0,0,0,0,0,0,0,92000,0,0,0,0,0,0,0,0,0,32100,0,0,0,0,0,0,0,0,0,0,0,0,0,0,0,0,0,0,
000061.SZ,000061,20251209,91818000,0,0,0,0,0,,,0,0,0,0,0,93300,92000,0,0,0,0,0,0,0,0,0,32300,0,0,0,0,0,0,0,0,0,92000,0,0,0,0,0,0,0,0,0,32300,100,0,0,0,0,0,0,0,0,0,0,0,0,0,0,0,0,0,
000061.SZ,000061,20251209,91827000,0,0,0,0,0,,,0,0,0,0,0,93300,92000,0,0,0,0,0,0,0,0,0,32300,0,0,0,0,0,0,0,0,0,92000,0,0,0,0,0,0,0,0,0,32300,5900,0,0,0,0,0,0,0,0,0,0,0,0,0,0,0,0,0,
000061.SZ,000061,20251209,91921000,0,0,0,0,0,,,0,0,0,0,0,93300,92000,0,0,0,0,0,0,0,0,0,32300,0,0,0,0,0,0,0,0,0,92000,0,0,0,0,0,0,0,0,0,32300,6400,0,0,0,0,0,0,0,0,0,0,0,0,0,0,0,0,0,
000061.SZ,000061,20251209,91948000,0,0,0,0,0,,,0,0,0,0,0,93300,92000,0,0,0,0,0,0,0,0,0,32300,0,0,0,0,0,0,0,0,0,92000,0,0,0,0,0,0,0,0,0,32300,7900,0,0,0,0,0,0,0,0,0,0,0,0,0,0,0,0,0,
000061.SZ,000061,20251209,92009000,0,0,0,0,0,,,0,0,0,0,0,93300,92000,0,0,0,0,0,0,0,0,0,32600,0,0,0,0,0,0,0,0,0,92000,0,0,0,0,0,0,0,0,0,32600,7800,0,0,0,0,0,0,0,0,0,0,0,0,0,0,0,0,0,
000061.SZ,000061,20251209,92018000,0,0,0,0,0,,,0,0,0,0,0,93300,92000,0,0,0,0,0,0,0,0,0,32600,0,0,0,0,0,0,0,0,0,92000,0,0,0,0,0,0,0,0,0,32600,11000,0,0,0,0,0,0,0,0,0,0,0,0,0,0,0,0,0,
000061.SZ,000061,20251209,92045000,0,0,0,0,0,,,0,0,0,0,0,93300,92000,0,0,0,0,0,0,0,0,0,32600,0,0,0,0,0,0,0,0,0,92000,0,0,0,0,0,0,0,0,0,32600,12000,0,0,0,0,0,0,0,0,0,0,0,0,0,0,0,0,0,
000061.SZ,000061,20251209,92103000,0,0,0,0,0,,,0,0,0,0,0,93300,92000,0,0,0,0,0,0,0,0,0,32600,0,0,0,0,0,0,0,0,0,92000,0,0,0,0,0,0,0,0,0,32600,12600,0,0,0,0,0,0,0,0,0,0,0,0,0,0,0,0,0,
000061.SZ,000061,20251209,92130000,0,0,0,0,0,,,0,0,0,0,0,93300,92000,0,0,0,0,0,0,0,0,0,33600,0,0,0,0,0,0,0,0,0,92000,0,0,0,0,0,0,0,0,0,33600,16800,0,0,0,0,0,0,0,0,0,0,0,0,0,0,0,0,0,
000061.SZ,000061,20251209,92139000,0,0,0,0,0,,,0,0,0,0,0,93300,92000,0,0,0,0,0,0,0,0,0,33600,0,0,0,0,0,0,0,0,0,92000,0,0,0,0,0,0,0,0,0,33600,18800,0,0,0,0,0,0,0,0,0,0,0,0,0,0,0,0,0,
000061.SZ,000061,20251209,92148000,0,0,0,0,0,,,0,0,0,0,0,93300,92000,0,0,0,0,0,0,0,0,0,33600,0,0,0,0,0,0,0,0,0,92000,0,0,0,0,0,0,0,0,0,33600,19300,0,0,0,0,0,0,0,0,0,0,0,0,0,0,0,0,0,
000061.SZ,000061,20251209,92157000,0,0,0,0,0,,,0,0,0,0,0,93300,92000,0,0,0,0,0,0,0,0,0,33600,0,0,0,0,0,0,0,0,0,92000,0,0,0,0,0,0,0,0,0,33600,20100,0,0,0,0,0,0,0,0,0,0,0,0,0,0,0,0,0,
000061.SZ,000061,20251209,92206000,0,0,0,0,0,,,0,0,0,0,0,93300,92000,0,0,0,0,0,0,0,0,0,33600,0,0,0,0,0,0,0,0,0,92000,0,0,0,0,0,0,0,0,0,33600,21200,0,0,0,0,0,0,0,0,0,0,0,0,0,0,0,0,0,
000061.SZ,000061,20251209,92215000,0,0,0,0,0,,,0,0,0,0,0,93300,92000,0,0,0,0,0,0,0,0,0,33600,0,0,0,0,0,0,0,0,0,92000,0,0,0,0,0,0,0,0,0,33600,27200,0,0,0,0,0,0,0,0,0,0,0,0,0,0,0,0,0,
000061.SZ,000061,20251209,92224000,0,0,0,0,0,,,0,0,0,0,0,93300,92000,0,0,0,0,0,0,0,0,0,33600,0,0,0,0,0,0,0,0,0,92000,0,0,0,0,0,0,0,0,0,33600,29400,0,0,0,0,0,0,0,0,0,0,0,0,0,0,0,0,0,
000061.SZ,000061,20251209,92242000,0,0,0,0,0,,,0,0,0,0,0,93300,92000,0,0,0,0,0,0,0,0,0,33600,0,0,0,0,0,0,0,0,0,92000,0,0,0,0,0,0,0,0,0,33600,29500,0,0,0,0,0,0,0,0,0,0,0,0,0,0,0,0,0,
000061.SZ,000061,20251209,92300000,0,0,0,0,0,,,0,0,0,0,0,93300,92000,0,0,0,0,0,0,0,0,0,34600,0,0,0,0,0,0,0,0,0,92000,0,0,0,0,0,0,0,0,0,34600,28500,0,0,0,0,0,0,0,0,0,0,0,0,0,0,0,0,0,
000061.SZ,000061,20251209,92309000,0,0,0,0,0,,,0,0,0,0,0,93300,92000,0,0,0,0,0,0,0,0,0,34700,0,0,0,0,0,0,0,0,0,92000,0,0,0,0,0,0,0,0,0,34700,49000,0,0,0,0,0,0,0,0,0,0,0,0,0,0,0,0,0,
000061.SZ,000061,20251209,92318000,0,0,0,0,0,,,0,0,0,0,0,93300,92000,0,0,0,0,0,0,0,0,0,38700,0,0,0,0,0,0,0,0,0,92000,0,0,0,0,0,0,0,0,0,38700,45300,0,0,0,0,0,0,0,0,0,0,0,0,0,0,0,0,0,
000061.SZ,000061,20251209,92345000,0,0,0,0,0,,,0,0,0,0,0,93300,92000,0,0,0,0,0,0,0,0,0,40300,0,0,0,0,0,0,0,0,0,92000,0,0,0,0,0,0,0,0,0,40300,43700,0,0,0,0,0,0,0,0,0,0,0,0,0,0,0,0,0,
000061.SZ,000061,20251209,92354000,0,0,0,0,0,,,0,0,0,0,0,93300,92000,0,0,0,0,0,0,0,0,0,40300,0,0,0,0,0,0,0,0,0,92000,0,0,0,0,0,0,0,0,0,40300,44200,0,0,0,0,0,0,0,0,0,0,0,0,0,0,0,0,0,
000061.SZ,000061,20251209,92403000,0,0,0,0,0,,,0,0,0,0,0,93300,92000,0,0,0,0,0,0,0,0,0,40300,0,0,0,0,0,0,0,0,0,92000,0,0,0,0,0,0,0,0,0,40300,45200,0,0,0,0,0,0,0,0,0,0,0,0,0,0,0,0,0,
000061.SZ,000061,20251209,92412000,0,0,0,0,0,,,0,0,0,0,0,93300,92000,0,0,0,0,0,0,0,0,0,40600,0,0,0,0,0,0,0,0,0,92000,0,0,0,0,0,0,0,0,0,40600,45400,0,0,0,0,0,0,0,0,0,0,0,0,0,0,0,0,0,
000061.SZ,000061,20251209,92430000,0,0,0,0,0,,,0,0,0,0,0,93300,92000,0,0,0,0,0,0,0,0,0,41600,0,0,0,0,0,0,0,0,0,92000,0,0,0,0,0,0,0,0,0,41600,47100,0,0,0,0,0,0,0,0,0,0,0,0,0,0,0,0,0,
000061.SZ,000061,20251209,92439000,0,0,0,0,0,,,0,0,0,0,0,93300,92000,0,0,0,0,0,0,0,0,0,42600,0,0,0,0,0,0,0,0,0,92000,0,0,0,0,0,0,0,0,0,42600,59700,0,0,0,0,0,0,0,0,0,0,0,0,0,0,0,0,0,
000061.SZ,000061,20251209,92448000,0,0,0,0,0,,,0,0,0,0,0,93300,92200,0,0,0,0,0,0,0,0,0,42600,0,0,0,0,0,0,0,0,0,92200,0,0,0,0,0,0,0,0,0,42600,15400,0,0,0,0,0,0,0,0,0,0,0,0,0,0,0,0,0,
000061.SZ,000061,20251209,92457000,0,0,0,0,0,,,0,0,0,0,0,93300,92400,0,0,0,0,0,0,0,0,0,43600,0,0,0,0,0,0,0,0,0,92400,0,0,0,0,0,0,0,0,0,43600,4900,0,0,0,0,0,0,0,0,0,0,0,0,0,0,0,0,0,
000061.SZ,000061,20251209,92500000,93200,52100,485572,56,0,,,52100,485572,93200,93200,93200,93300,93300,93500,93700,93800,93900,94000,94200,94300,94400,94500,4500,1000,16500,3000,21900,3000,4800,5600,3000,10100,93200,93000,92900,92800,92700,92600,92400,92300,92200,92100,1200,38100,2400,3600,500,5000,7300,5200,28800,19800,97800,91200,380700,358700,0,0,0,0,0,
000061.SZ,000061,20251209,93000000,93200,12100,112827,65,0,,,64200,598399,93300,93200,93200,93300,93500,93600,93700,93800,93900,94000,94200,94300,94400,94500,1000,4900,16500,3000,21900,6300,4800,5600,3000,12100,93300,93200,93100,93000,92900,92800,92700,92600,92500,92400,1000,3400,1000,7900,2400,3600,500,5000,2200,7300,97800,91100,386400,327000,0,0,0,0,0,
000061.SZ,000061,20251209,93003000,93300,44500,415244,99,0,,,108700,1013643,93600,93200,93200,93300,93400,93500,93600,93700,93800,93900,94000,94200,94300,94400,3600,13300,5900,16500,11600,82900,6300,75300,9700,4800,93300,93200,93100,93000,92900,92800,92700,92600,92500,92400,24200,20900,12400,9000,7400,5000,500,5000,3800,7300,96200,91300,940600,423500,0,0,0,0,0,
000061.SZ,000061,20251209,93006000,93300,5600,52249,105,0,,,114300,1065892,93600,93200,93200,93300,93400,93500,93600,93700,93800,93900,94000,94200,94300,94400,4000,19800,11300,23500,12400,82900,6400,75300,9700,4800,93300,93200,93100,93000,92900,92800,92700,92600,92500,92400,31100,21400,12400,9300,7400,15900,500,5000,6800,7300,96200,91400,970500,446100,0,0,0,0,0,
000061.SZ,000061,20251209,93009000,93400,2000,18675,115,0,,,116300,1084567,93600,93200,93200,93300,93400,93500,93600,93700,93800,93900,94000,94100,94200,94300,4800,19900,7800,30500,12400,82900,32600,2400,75300,9700,93300,93200,93100,93000,92900,92800,92700,92600,92500,92400,38900,22400,12400,9300,7400,15900,500,5000,6800,7300,96100,91400,1006900,457200,0,0,0,0,0,
000061.SZ,000061,20251209,93012000,93500,6100,56984,134,0,,,122400,1141551,93600,93200,93200,93300,93500,93600,93700,93800,93900,94000,94100,94200,94300,94400,19300,7800,30500,12400,82900,32600,2400,75300,9700,4800,93400,93300,93200,93100,93000,92900,92800,92700,92600,92500,2900,39600,23100,12400,9300,7400,15900,500,5000,8800,96100,91400,1001700,458700,0,0,0,0,0,
000061.SZ,000061,20251209,93015000,93500,10200,95267,153,0,,,132600,1236818,93600,93200,93200,93300,93500,93600,93700,93800,93900,94000,94100,94200,94300,94400,17100,7900,30500,12400,82900,32600,2400,75300,9700,4800,93300,93200,93100,93000,92900,92800,92700,92600,92500,92400,36900,23100,12400,9300,7400,16600,500,5000,8800,7300,96100,91400,999600,453500,0,0,0,0,0,
000061.SZ,000061,20251209,93018000,93500,16400,153307,192,0,,,149000,1390125,93600,93200,93200,93300,93600,93700,93800,93900,94000,94100,94200,94300,94400,94500,8300,30500,12400,82900,32600,2400,75300,9700,4800,23900,93500,93300,93200,93100,93000,92900,92800,92700,92600,92500,47300,34700,34300,12400,10300,7400,16600,500,5000,8800,96200,91600,993800,510800,0,0,0,0,0,
000061.SZ,000061,20251209,93021000,93600,1600,14975,194,0,,,150600,1405100,93600,93200,93200,93300,93600,93700,93800,93900,94000,94100,94200,94300,94400,94500,7000,31500,12400,82900,32600,2400,75300,4700,4800,23900,93500,93400,93300,93200,93100,93000,92900,92800,92700,92600,47500,1000,34700,23300,12000,10300,7400,16600,500,5000,96200,91600,988500,500600,0,0,0,0,0,
000061.SZ,000061,20251209,93024000,93600,800,7487,196,0,,,151400,1412587,93600,93200,93200,93300,93600,93700,93800,93900,94000,94100,94200,94300,94400,94500,6400,33800,12400,92900,32600,2400,75300,4700,6800,23900,93500,93400,93300,93200,93100,93000,92900,92800,92700,92600,47200,1000,34700,23300,12000,10300,7400,16600,500,5000,96200,91600,1002200,500300,0,0,0,0,0,
000061.SZ,000061,20251209,93027000,93600,100,936,197,0,,,151500,1413523,93600,93200,93200,93300,93600,93700,93800,93900,94000,94100,94200,94300,94400,94500,12300,34400,12400,92900,32600,2400,75300,4700,6800,34000,93500,93300,93200,93100,93000,92900,92800,92700,92600,92500,49700,34700,23200,12000,10300,5000,16600,500,5000,8800,96200,91600,1019300,498100,0,0,0,0,0,
000061.SZ,000061,20251209,93030000,93600,49200,460054,220,0,,,200700,1873577,93600,93200,93200,93300,93600,93700,93800,93900,94000,94100,94200,94300,94400,94500,14200,34400,12400,93900,32600,2400,75300,4700,6800,34000,93500,93300,93200,93100,93000,92900,92800,92700,92600,92500,3900,34700,23200,12000,10300,5000,16600,500,5000,8800,96200,91400,1022400,451100,0,0,0,0,0,
000061.SZ,000061,20251209,93033000,93600,29700,277906,257,0,,,230400,2151483,93600,93200,93200,93300,93700,93800,93900,94000,94100,94200,94300,94400,94500,94600,29600,12400,93900,32600,2400,75300,4700,6800,34000,14500,93600,93400,93300,93200,93100,93000,92900,92800,92700,92600,6500,3200,37500,23200,12000,10300,5000,16600,500,5000,96200,91400,1005500,463700,0,0,0,0,0,
000061.SZ,000061,20251209,93036000,93600,11400,106689,276,0,,,241800,2258172,93600,93200,93200,93300,93700,93800,93900,94000,94100,94200,94300,94400,94500,94600,29600,12500,93900,32600,2400,75300,4700,6800,34000,14500,93600,93500,93400,93300,93200,93100,93000,92900,92800,92700,2800,10700,3200,37500,11400,12000,10300,5000,16600,500,96200,91400,1021400,458100,0,0,0,0,0,
000061.SZ,000061,20251209,93039000,93600,31800,297944,307,0,,,273600,2556116,93700,93200,93200,93300,93700,93800,93900,94000,94100,94200,94300,94400,94500,94600,400,12500,93900,32600,2400,75300,4700,6800,34000,14500,93600,93500,93400,93300,93200,93100,93000,92900,92800,92700,1000,10700,3200,38500,11400,12000,10300,5000,16600,500,96300,91400,999900,457000,0,0,0,0,0,
000061.SZ,000061,20251209,93042000,93600,14300,134137,323,0,,,287900,2690253,93900,93200,93200,93300,93900,94000,94100,94200,94300,94400,94500,94600,94800,94900,92900,32600,2400,75300,4700,6800,34000,14500,25700,159800,93800,93700,93600,93500,93400,93300,93200,93100,93000,92900,7700,600,9200,10700,3200,36900,11400,12000,10300,5000,96300,91500,986000,471900,0,0,0,0,0,
000061.SZ,000061,20251209,93045000,93900,10300,96646,335,0,,,298200,2786899,93900,93200,93200,93300,93900,94000,94100,94200,94300,94400,94500,94600,94800,94900,89700,32700,2400,75300,5200,6800,34000,14500,25700,159800,93800,93700,93600,93500,93400,93300,93200,93100,93000,92900,10500,1200,9900,400,3200,36900,11400,12000,10300,5000,96400,91500,983400,466700,0,0,0,0,0,
000061.SZ,000061,20251209,93048000,93800,8700,81648,343,0,,,306900,2868547,93900,93200,93200,93300,93900,94000,94100,94200,94300,94400,94500,94600,94800,94900,85600,33400,2400,75300,5200,6800,34000,14500,25700,159800,93800,93700,93600,93500,93400,93300,93200,93100,93000,92900,6000,1200,9900,400,3200,36900,11700,12000,10300,5000,96400,91400,980000,463000,0,0,0,0,0,
000061.SZ,000061,20251209,93051000,93700,9100,85345,358,0,,,316000,2953892,93900,93200,93200,93300,93800,93900,94000,94100,94200,94300,94400,94500,94600,94800,400,84700,33400,8500,75300,5200,6800,34000,14500,25700,93700,93600,93400,93300,93200,93100,93000,92900,92800,92700,300,9900,3200,36800,11700,12000,10300,5000,17100,500,96300,91400,987600,451400,0,0,0,0,0,
000061.SZ,000061,20251209,93054000,93800,3500,32830,362,0,,,319500,2986722,93900,93200,93200,93300,93800,93900,94000,94100,94200,94300,94400,94500,94600,94800,2900,85200,33400,8500,75300,1100,6800,40700,19500,25700,93700,93600,93400,93300,93200,93100,93000,92900,92800,92700,300,9800,3200,36800,11700,12000,10300,5000,17100,500,96300,91400,1002700,451300,0,0,0,0,0,
000061.SZ,000061,20251209,93057000,93900,5100,47858,368,0,,,324600,3034580,93900,93200,93200,93300,93800,93900,94000,94100,94200,94300,94400,94500,94600,94800,10000,83200,32700,8500,77500,1100,6800,40700,19500,25700,93700,93600,93400,93300,93200,93100,93000,92900,92800,92700,300,9800,3200,36800,11700,12000,10300,5000,17100,500,96300,91400,1009300,451600,0,0,0,0,0,
000061.SZ,000061,20251209,93100000,93700,2300,21552,372,0,,,326900,3056132,93900,93200,93200,93300,93800,93900,94000,94100,94200,94300,94400,94500,94600,94800,10900,83200,32700,8500,77500,1100,6800,40700,19500,25700,93600,93400,93300,93200,93100,93000,92900,92800,92700,92600,10000,3200,36800,13700,12000,10300,5000,17100,500,5000,96300,91400,1010200,436200,0,0,0,0,0,
000061.SZ,000061,20251209,93103000,93800,800,7504,374,0,,,327700,3063636,93900,93200,93200,93300,93800,93900,94000,94100,94200,94300,94400,94500,94600,94800,3800,83200,33100,8500,77500,1100,6800,40700,19500,25700,93600,93400,93300,93200,93100,93000,92900,92800,92700,92600,10000,3200,36800,13800,12000,10300,5000,17100,500,5000,96400,91400,1014200,436300,0,0,0,0,0,
000061.SZ,000061,20251209,93106000,93700,300,2810,376,0,,,328000,3066446,93900,93200,93200,93300,93700,93800,93900,94000,94100,94200,94300,94400,94500,94600,1300,3800,85400,34300,8500,77500,1100,6800,40700,33400,93600,93400,93300,93200,93100,93000,92900,92800,92700,92600,9900,3200,36800,13800,12000,10300,5000,17100,500,5000,96400,91400,1034800,439500,0,0,0,0,0,
000061.SZ,000061,20251209,93109000,93600,2200,20592,381,0,,,330200,3087038,93900,93200,93200,93300,93700,93800,93900,94000,94100,94200,94300,94400,94500,94600,3300,6700,85400,54300,8500,77500,1100,6800,40700,33400,93600,93500,93400,93300,93200,93100,93000,92900,92800,92700,7700,600,3200,36200,14800,9000,10300,5000,17100,500,96300,91400,1059700,436300,0,0,0,0,0,
000061.SZ,000061,20251209,93112000,93700,3800,35606,386,0,,,334000,3122644,93900,93200,93200,93300,93700,93800,93900,94000,94100,94200,94300,94400,94500,94600,700,7600,85400,54300,8500,77700,1100,6800,40700,33400,93600,93500,93400,93300,93200,93100,93000,92900,92800,92700,7500,600,3200,36200,14300,9000,10300,5000,17100,500,96300,91400,1058200,435600,0,0,0,0,0,
000061.SZ,000061,20251209,93115000,93900,16000,149995,403,0,,,350000,3272639,93900,93200,93200,93300,93900,94000,94100,94200,94300,94400,94500,94600,94800,94900,82600,54300,8500,77700,1100,6800,40700,33400,25700,159800,93600,93500,93400,93300,93200,93100,93000,92900,92800,92700,6300,600,3200,36200,14300,9000,10300,5000,17100,500,96300,91300,1047100,434400,0,0,0,0,0,
000061.SZ,000061,20251209,93118000,93600,1400,13106,406,0,,,351400,3285745,93900,93200,93200,93300,93700,93900,94000,94100,94200,94300,94400,94500,94600,94800,300,82600,54300,8500,77800,1100,6000,75100,33400,25700,93600,93500,93400,93300,93200,93100,93000,92900,92800,92700,6700,600,3200,36200,16200,9000,10300,5000,17100,500,96300,91400,1093200,436700,0,0,0,0,0,
000061.SZ,000061,20251209,93121000,93600,0,0,406,0,,,351400,3285745,93900,93200,93200,93300,93700,93900,94000,94100,94200,94300,94400,94500,94600,94800,300,88800,58300,8500,77800,1100,6000,75100,33400,25700,93600,93500,93400,93300,93200,93100,93000,92900,92800,92700,8400,600,3200,36200,16200,9000,10300,5000,17100,500,96300,91400,1103400,438400,0,0,0,0,0,
000061.SZ,000061,20251209,93124000,93600,9600,89873,419,0,,,361000,3375618,93900,93200,93200,93300,93600,93800,93900,94000,94100,94200,94300,94400,94500,94600,2000,2700,89200,58300,8500,78900,1100,6000,75100,33400,93500,93400,93300,93200,93100,93000,92900,92800,92700,92600,600,3200,36200,16200,6000,10300,5000,17100,500,5000,96300,91300,1109300,427000,0,0,0,0,0,
000061.SZ,000061,20251209,93127000,93600,2000,18720,422,0,,,363000,3394338,93900,93200,93200,93300,93800,93900,94000,94100,94200,94300,94400,94500,94600,94800,2000,90000,58900,8500,78900,1100,6000,75100,33400,25700,93600,93500,93400,93300,93200,93100,93000,92900,92800,92700,200,1700,3200,36200,16200,6000,10300,5000,17100,500,96300,91300,1108000,428300,0,0,0,0,0,
000061.SZ,000061,20251209,93130000,93700,100,937,423,0,,,363100,3395275,93900,93200,93200,93300,93800,93900,94000,94100,94200,94300,94400,94500,94600,94800,4100,90000,58900,3500,78900,1100,6000,75100,33400,25700,93700,93600,93500,93400,93300,93200,93100,93000,92900,92800,700,2300,1700,3200,36200,16200,6000,12300,5000,17100,96300,91300,1105100,433300,0,0,0,0,0,
000061.SZ,000061,20251209,93133000,93700,0,0,423,0,,,363100,3395275,93900,93200,93200,93300,93800,93900,94000,94100,94200,94300,94400,94500,94600,94800,14100,90000,58900,3500,78900,1100,6000,75100,33400,25700,93700,93600,93500,93400,93300,93200,93100,93000,92900,92800,700,2800,1600,3200,36200,16200,6000,12300,5000,17100,96300,91300,1115100,433700,0,0,0,0,0,
000061.SZ,000061,20251209,93136000,93700,0,0,423,0,,,363100,3395275,93900,93200,93200,93300,93800,93900,94000,94100,94200,94300,94400,94500,94600,94800,21600,91000,58900,3500,78900,1100,6000,75100,33400,25700,93700,93600,93500,93400,93300,93200,93100,93000,92900,92800,1900,2800,1600,3200,36200,16200,6000,12300,5000,17100,96200,91300,1122800,434900,0,0,0,0,0,
000061.SZ,000061,20251209,93139000,93700,2900,27173,429,0,,,366000,3422448,93900,93200,93200,93300,93700,93800,93900,94000,94100,94200,94300,94400,94500,94600,2300,21600,91000,58900,3500,78900,1100,6000,75100,33400,93600,93500,93400,93300,93200,93100,93000,92900,92800,92700,2800,1600,3200,36200,16200,6000,12300,5000,17100,500,96300,91300,1130800,433000,0,0,0,0,0,
000061.SZ,000061,20251209,93142000,93700,0,0,429,0,,,366000,3422448,93900,93200,93200,93300,93700,93800,93900,94000,94100,94200,94300,94400,94500,94600,2300,23600,91000,58900,3500,78900,1100,6000,75100,33400,93600,93500,93400,93300,93200,93100,93000,92900,92800,92700,2800,1600,3200,36200,16200,5000,12300,5000,17100,500,96300,91300,1148600,432000,0,0,0,0,0,
000061.SZ,000061,20251209,93145000,93700,2000,18740,430,0,,,368000,3441188,93900,93200,93200,93300,93700,93800,93900,94000,94100,94200,94300,94400,94500,94600,1700,23600,92900,58900,3500,78900,1100,6000,75100,33400,93600,93500,93400,93300,93200,93100,93000,92900,92800,92700,3000,1600,3200,36200,16200,5000,12300,5000,17100,500,96300,91300,1149900,431700,0,0,0,0,0,
000061.SZ,000061,20251209,93148000,93800,20000,187573,440,0,,,388000,3628761,93900,93200,93200,93300,93800,93900,94000,94100,94200,94300,94400,94500,94600,94800,16300,92900,58900,3500,78900,1100,6000,75100,33400,25700,93600,93500,93400,93300,93200,93100,93000,92900,92800,92700,3000,1600,6000,36200,16200,5000,12300,5000,22100,500,96300,91400,1142900,439500,0,0,0,0,0,
000061.SZ,000061,20251209,93151000,93800,1900,17822,441,0,,,389900,3646583,93900,93200,93200,93300,93800,93900,94000,94100,94200,94300,94400,94500,94600,94800,14400,92900,58900,3500,78900,1100,6000,75100,33400,25700,93700,93600,93500,93400,93300,93200,93100,93000,92900,92800,5400,4100,1600,6000,36200,16200,5000,12300,5000,22100,96300,91400,1142600,445500,0,0,0,0,0,
000061.SZ,000061,20251209,93154000,93600,15000,140472,462,0,,,404900,3787055,93900,93200,93200,93300,93800,93900,94000,94100,94200,94300,94400,94500,94600,94800,15000,91900,58900,3500,78900,5100,6000,75100,33400,25700,93700,93600,93500,93400,93300,93200,93100,93000,92900,92800,1400,2500,2200,6000,36200,16300,5000,12300,5000,22100,96300,91400,1146200,450900,0,0,0,0,0,
000061.SZ,000061,20251209,93157000,93700,2100,19692,464,0,,,407000,3806747,93900,93200,93200,93300,93800,93900,94000,94100,94200,94300,94400,94500,94600,94800,18600,91900,58900,3500,78900,5100,6000,75100,33400,25700,93700,93600,93500,93400,93300,93200,93100,93000,92900,92800,3800,2500,2200,6000,36200,16300,5000,12300,5000,22100,96300,91400,1151000,453700,0,0,0,0,0,
000061.SZ,000061,20251209,93200000,93700,3800,35606,470,0,,,410800,3842353,93900,93200,93200,93300,93800,93900,94000,94100,94200,94300,94400,94500,94600,94800,21200,91900,68900,8500,78900,5100,6000,75100,33400,25700,93600,93500,93400,93300,93200,93100,93000,92900,92800,92700,2800,2200,6000,36200,16300,2100,12300,5000,22100,500,96200,91300,1168600,447300,0,0,0,0,0,
000061.SZ,000061,20251209,93203000,93900,29500,276773,527,0,,,440300,4119126,93900,93200,93200,93300,93900,94000,94100,94200,94300,94400,94500,94600,94800,94900,84300,68300,8500,78900,5100,6000,75100,33400,25700,159800,93700,93600,93500,93400,93300,93200,93100,93000,92900,92800,26400,4300,2000,6000,36200,16300,2100,12300,5000,22100,96300,91500,1139200,475000,0,0,0,0,0,
000061.SZ,000061,20251209,93206000,93800,5400,50688,537,0,,,445700,4169814,93900,93200,93200,93300,93900,94000,94100,94200,94300,94400,94500,94600,94800,94900,80400,64400,8500,78900,5100,6000,75100,33400,25700,159800,93800,93700,93600,93500,93400,93300,93200,93100,93000,92900,7000,27300,4300,7000,6000,36200,20300,2100,12300,5000,96300,91600,1131400,491900,0,0,0,0,0,
000061.SZ,000061,20251209,93209000,93900,18200,170898,543,0,,,463900,4340712,93900,93200,93200,93300,93900,94000,94100,94200,94300,94400,94500,94600,94800,94900,62200,64400,8500,78900,5100,6000,75100,33400,25700,159800,93800,93700,93600,93500,93400,93300,93200,93100,93000,92900,7000,1100,4300,7000,10500,33400,20300,2100,12300,5000,96400,91400,1113800,467400,0,0,0,0,0,
000061.SZ,000061,20251209,93212000,93800,24400,228756,560,0,,,488300,4569468,93900,93200,93200,93300,93900,94000,94100,94200,94300,94400,94500,94600,94800,94900,59900,64400,8500,78900,5100,6000,75100,33400,25700,159800,93800,93700,93600,93500,93400,93300,93200,93100,93000,92900,7200,16400,4500,6400,10500,33400,20300,2100,12300,5000,96400,91500,1111500,482500,0,0,0,0,0,
000061.SZ,000061,20251209,93215000,93800,8400,78815,565,0,,,496700,4648283,93900,93200,93200,93300,93900,94000,94100,94200,94300,94400,94500,94600,94800,94900,58000,64400,8500,78900,5100,6000,75100,33400,25700,159800,93800,93700,93600,93500,93400,93300,93200,93100,93000,92900,1100,12800,4500,6400,10500,33400,20300,2100,12300,5000,96400,91500,1107200,472800,0,0,0,0,0,
000061.SZ,000061,20251209,93218000,93800,1700,15953,568,0,,,498400,4664236,93900,93200,93200,93300,93900,94000,94100,94200,94300,94400,94500,94600,94800,94900,57300,64400,8500,79900,5100,6000,78100,33400,25700,159800,93800,93700,93600,93500,93400,93300,93200,93100,93000,92900,1100,12800,4400,6400,10500,33400,20300,2100,12300,5000,96400,91500,1116400,472700,0,0,0,0,0,
000061.SZ,000061,20251209,93221000,93800,0,0,568,0,,,498400,4664236,93900,93200,93200,93300,93900,94000,94100,94200,94300,94400,94500,94600,94800,94900,59300,64400,8600,79900,5100,6000,78100,33400,30700,159800,93800,93700,93600,93500,93400,93300,93200,93100,93000,92900,16100,12800,7200,6400,10500,33400,20300,2100,12300,5000,96400,91500,1123500,490500,0,0,0,0,0,
000061.SZ,000061,20251209,93224000,94000,74400,698763,598,0,,,572800,5362999,94000,93200,93200,93300,94000,94100,94200,94300,94400,94500,94600,94800,94900,95000,49600,8600,79900,5200,6000,78100,35400,30700,159800,14600,93900,93800,93700,93600,93500,93400,93300,93200,93100,93000,11500,16000,12800,4700,6400,10500,33400,20300,2100,12300,96500,91600,1051500,499400,0,0,0,0,0,
000061.SZ,000061,20251209,93227000,94000,47400,445492,624,0,,,620200,5808491,94000,93200,93200,93300,94000,94100,94200,94300,94400,94500,94600,94800,94900,95000,11600,8600,79900,5200,6000,78100,35400,30700,159800,14600,93900,93800,93700,93600,93500,93400,93300,93200,93100,93000,9100,16000,3000,4700,5900,7300,32900,20300,2100,12300,96600,91500,1013500,483000,0,0,0,0,0,
000061.SZ,000061,20251209,93230000,94000,7000,65789,628,0,,,627200,5874280,94000,93200,93200,93300,94000,94100,94200,94300,94400,94500,94600,94800,94900,95000,5900,8600,79900,5200,6000,78100,35400,30700,159800,14600,93900,93800,93700,93600,93500,93400,93300,93200,93100,93000,12100,16000,3000,1900,5900,7300,32900,20300,2100,12300,96600,91500,1008100,483200,0,0,0,0,0,
000061.SZ,000061,20251209,93233000,94000,2900,27260,634,0,,,630100,5901540,94000,93200,93200,93300,94000,94100,94200,94300,94400,94500,94600,94800,94900,95000,3000,10700,79900,5200,6000,78100,35400,30700,159800,14600,93900,93800,93700,93600,93500,93400,93300,93200,93100,93000,12100,16000,3000,2000,10500,7300,32900,20300,2100,12300,96600,91500,1007300,488300,0,0,0,0,0,
000061.SZ,000061,20251209,93236000,93900,16600,156025,648,0,,,646700,6057565,94100,93200,93200,93300,94100,94200,94300,94400,94500,94600,94800,94900,95000,95200,2200,79900,1200,6000,78100,35400,30700,159800,14600,3400,93900,93800,93700,93600,93500,93400,93300,93200,93100,93000,7000,16000,3000,2000,10500,7300,32900,20300,2100,12300,96700,91500,991800,475200,0,0,0,0,0,
000061.SZ,000061,20251209,93239000,94000,23800,224108,660,0,,,670500,6281673,94200,93200,93200,93300,94200,94300,94400,94500,94600,94800,94900,95000,95200,95300,63200,1200,6000,78100,35400,30700,159800,15600,3400,200,94000,93900,93800,93700,93600,93500,93400,93300,93200,93100,700,11300,16000,3000,4000,60500,9300,32900,20300,2100,96700,91700,973900,534200,0,0,0,0,0,
000061.SZ,000061,20251209,93242000,94200,41500,390910,671,0,,,712000,6672583,94200,93200,93200,93300,94200,94300,94400,94500,94600,94800,94900,95000,95200,95300,23700,1200,6000,78100,35400,30700,159800,15600,3400,200,94100,94000,93900,93800,93700,93600,93500,93400,93300,93200,3400,2200,11300,16000,3000,3800,60100,9300,32900,20300,96800,91800,934400,538500,0,0,0,0,0,
000061.SZ,000061,20251209,93245000,94200,25900,243990,714,0,,,737900,6916573,94300,93200,93200,93300,94400,94500,94600,94800,94900,95000,95200,95300,95400,95500,8500,78100,35400,30700,159800,16500,3400,200,3100,100900,94200,94100,94000,93900,93800,93700,93600,93500,93400,93300,3100,9200,2000,11300,17000,3000,3700,60100,9300,32900,96900,91800,912900,548100,0,0,0,0,0,
000061.SZ,000061,20251209,93248000,94100,9200,86702,731,0,,,747100,7003275,94400,93200,93200,93300,94400,94500,94600,94700,94800,94900,95000,95200,95300,95400,10200,78100,35400,100,30700,159800,16500,3400,200,3100,94300,94200,94100,94000,93900,93800,93700,93600,93500,93400,1400,5000,6400,2800,9600,17000,3000,3700,60100,9300,96900,91800,914700,547700,0,0,0,0,0,
000061.SZ,000061,20251209,93251000,94400,14000,132160,739,0,,,761100,7135435,94400,93200,93200,93300,94400,94500,94600,94700,94800,94900,95000,95200,95300,95400,1300,78100,35400,100,30700,159800,16500,3400,200,3100,94300,94200,94100,94000,93900,93800,93700,93600,93500,93400,5700,5000,6400,5000,9600,17000,3000,3700,60100,10300,96900,91800,905800,555200,0,0,0,0,0,
000061.SZ,000061,20251209,93254000,94500,9900,93482,748,0,,,771000,7228917,94500,93200,93200,93300,94500,94600,94700,94800,94900,95000,95200,95300,95400,95500,72500,36600,8100,30700,159800,16500,3400,200,3100,100900,94400,94300,94200,94100,94000,93900,93800,93700,93600,93500,4900,3600,5000,6400,5000,9600,17000,3000,3700,65100,96900,91900,908100,563000,0,0,0,0,0,
000061.SZ,000061,20251209,93257000,94500,8900,84045,755,0,,,779900,7312962,94500,93200,93200,93300,94500,94600,94700,94800,94900,95000,95200,95300,95400,95500,66600,36600,8000,30700,160100,16500,4100,200,3100,100900,94400,94300,94200,94100,94000,93900,93800,93700,93600,93500,5700,2600,5700,6400,5300,9600,17000,3000,3700,65100,96900,91900,897200,563800,0,0,0,0,0,
000061.SZ,000061,20251209,93300000,94400,17700,167094,766,0,,,797600,7480056,94500,93200,93200,93300,94400,94500,94600,94700,94800,94900,95000,95200,95300,95400,2100,66500,36600,8000,30600,160300,16500,4100,200,3100,94300,94200,94100,94000,93900,93800,93700,93600,93500,93400,600,10700,6400,5300,6500,17000,3000,4700,60500,5800,96900,91800,899300,549900,0,0,0,0,0,
000061.SZ,000061,20251209,93303000,94400,14700,138823,781,0,,,812300,7618879,94500,93200,93200,93300,94400,94500,94600,94700,94800,94900,95000,95200,95300,95400,5900,62000,41500,8000,30600,160300,16500,4100,200,3100,94300,94200,94100,94000,93900,93800,93700,93600,93500,93400,600,10000,6400,5300,6500,17000,3000,4700,90500,5800,96900,91900,903500,579200,0,0,0,0,0,
000061.SZ,000061,20251209,93306000,94300,2600,24537,786,0,,,814900,7643416,94500,93200,93200,93300,94300,94400,94500,94600,94700,94800,94900,95000,95200,95300,12000,4300,62100,41500,8000,31200,166300,16500,4100,200,94200,94100,94000,93900,93800,93700,93600,93500,93400,93300,5000,6400,5300,6500,18000,3000,4700,90500,5800,32900,96900,91900,920600,574600,0,0,0,0,0,
000061.SZ,000061,20251209,93309000,94300,7800,73554,791,0,,,822700,7716970,94500,93200,93200,93300,94300,94400,94500,94600,94700,94800,94900,95000,95200,95300,9000,17300,62100,41500,13500,33700,166500,16500,4100,200,94200,94100,94000,93900,93800,93700,93600,93500,93400,93300,5000,6400,5300,9300,18000,3000,4700,90500,5800,32900,96800,91900,943300,578900,0,0,0,0,0,
000061.SZ,000061,20251209,93312000,94400,12500,117910,799,0,,,835200,7834880,94500,93200,93200,93300,94400,94500,94600,94700,94800,94900,95000,95200,95300,95400,14000,63200,42600,13500,33700,166500,17500,4100,200,3100,94300,94200,94100,94000,93900,93800,93700,93600,93500,93400,81400,5000,6500,5200,9300,18000,3000,4700,90500,5800,96900,92200,934200,660300,0,0,0,0,0,
000061.SZ,000061,20251209,93315000,94300,7500,70790,817,0,,,842700,7905670,94500,93200,93200,93300,94400,94500,94600,94700,94800,94900,95000,95200,95300,95400,7600,72200,42600,13500,31700,166500,17600,4100,200,3100,94300,94200,94100,94000,93900,93800,93700,93600,93500,93400,83800,9600,6500,5200,9300,18000,3000,4700,90500,5800,96900,92200,935700,667200,0,0,0,0,0,
000061.SZ,000061,20251209,93318000,94400,18700,176463,833,0,,,861400,8082133,94500,93200,93200,93300,94500,94600,94700,94800,94900,95000,95200,95300,95400,95500,86400,42700,13500,32700,166500,17600,4100,200,3100,100900,94300,94200,94100,94000,93900,93800,93700,93600,93500,93400,86400,9600,6500,5200,9300,18000,3000,4700,90500,5800,96900,92200,949300,669800,0,0,0,0,0,
000061.SZ,000061,20251209,93321000,94500,3800,35903,837,0,,,865200,8118036,94500,93200,93200,93300,94500,94600,94700,94800,94900,95000,95200,95300,95400,95500,83600,42700,14500,30200,166500,17600,4100,200,3100,100900,94400,94300,94200,94100,94000,93900,93800,93700,93600,93500,400,86800,9600,6500,5200,9300,18000,3000,6700,90500,96900,92200,950500,668800,0,0,0,0,0,
000061.SZ,000061,20251209,93324000,94700,168700,1595745,910,0,,,1033900,9713781,94800,93200,93200,93300,94800,94900,95000,95200,95300,95400,95500,95600,95800,95900,4300,166500,17600,4100,200,3100,100900,2500,5700,22300,94700,94600,94500,94400,94300,94200,94100,94000,93900,93800,14100,3200,53500,6600,83600,9600,6500,5200,7400,20000,97400,92500,786800,742400,0,0,0,0,0,
000061.SZ,000061,20251209,93327000,94800,12700,120462,920,0,,,1046600,9834243,94900,93200,93200,93300,94900,95000,95200,95300,95400,95500,95600,95800,95900,96000,159900,17600,4100,3700,3100,100900,2500,5700,22300,36800,94800,94700,94600,94500,94400,94300,94200,94100,94000,93900,32300,100,3200,34900,10800,81200,9600,6500,5200,7400,97400,92500,779400,742500,0,0,0,0,0,
000061.SZ,000061,20251209,93330000,94900,17300,164006,932,0,,,1063900,9998249,94900,93200,93200,93300,94900,95000,95200,95300,95400,95500,95600,95800,95900,96000,168200,17600,4100,3700,3100,100900,2500,5700,22300,36800,94800,94700,94600,94500,94400,94300,94200,94100,94000,93900,15200,100,3200,34900,10800,82800,9600,6500,3000,4600,97400,92400,798700,711000,0,0,0,0,0,
000061.SZ,000061,20251209,93333000,94800,19600,185809,967,0,,,1083500,10184058,94900,93200,93200,93300,94800,94900,95000,95200,95300,95400,95500,95600,95800,95900,200,168300,21500,4100,3700,3100,100900,2500,5700,22300,94700,94600,94500,94400,94300,94200,94100,94000,93900,93800,1000,1100,34700,10800,5000,9600,6500,2000,4600,22000,97400,92100,789000,611600,0,0,0,0,0,
000061.SZ,000061,20251209,93336000,95000,196400,1863902,1026,0,,,1279900,12047960,95000,93200,93200,93300,95200,95300,95400,95500,95600,95800,95900,96000,96100,96200,4300,3700,3100,100900,3000,5700,22300,22900,500,4500,94900,94800,94700,94600,94500,94400,94300,94200,94100,94000,7100,4000,3900,1100,34700,10800,1200,9600,6500,2000,98200,92200,600200,621800,0,0,0,0,0,
000061.SZ,000061,20251209,93339000,95200,1700,16164,1029,0,,,1281600,12064124,95200,93200,93200,93300,95200,95300,95400,95500,95600,95800,95900,96000,96100,96200,9600,3700,3100,100900,3000,7700,22300,22900,500,4500,95100,95000,94900,94800,94700,94600,94500,94400,94300,94200,2100,9100,1000,4500,6700,1200,34700,8200,1200,5000,98200,92200,611000,623100,0,0,0,0,0,
000061.SZ,000061,20251209,93342000,95100,6200,59005,1045,0,,,1287800,12123129,95200,93200,93200,93300,95200,95300,95400,95500,95600,95800,95900,96000,96100,96200,10800,3700,3100,100900,3000,7700,22300,22900,500,4500,95100,95000,94900,94800,94700,94600,94500,94400,94300,94200,900,9900,1000,4900,6700,1100,34700,4800,1200,5000,98200,92200,612200,619600,0,0,0,0,0,
000061.SZ,000061,20251209,93345000,95100,21900,208486,1057,0,,,1309700,12331615,95200,93200,93200,93300,95300,95400,95500,95600,95800,95900,96000,96100,96200,96400,5300,3100,100900,3000,7700,22300,22900,500,4500,1000,95200,95100,95000,94900,94800,94700,94600,94500,94400,94300,75600,3800,9900,1000,4900,3900,1100,22900,4800,1200,98200,92500,609800,685200,0,0,0,0,0,
000061.SZ,000061,20251209,93348000,95200,13500,128725,1073,0,,,1323200,12460340,95400,93200,93200,93300,95400,95500,95600,95800,95900,96000,96100,96200,96400,96500,5000,101400,3000,18100,22300,26500,500,4500,1000,16900,95300,95200,95100,95000,94900,94800,94700,94600,94500,94400,7500,85900,6700,9900,1000,2500,3800,1100,22300,4800,98200,92500,645000,702800,0,0,0,0,0,
000061.SZ,000061,20251209,93351000,95400,36200,345149,1090,0,,,1359400,12805489,95400,93200,93200,93300,95500,95600,95800,95900,96000,96100,96200,96400,96500,96600,104500,3000,18100,24300,26500,500,4500,1000,16900,5900,95400,95200,95100,95000,94900,94800,94700,94600,94500,94400,31900,89900,6700,9900,1000,500,700,1100,22300,4800,98200,92600,645100,725700,0,0,0,0,0,
000061.SZ,000061,20251209,93354000,95400,83900,800815,1129,0,,,1443300,13606304,95500,93200,93200,93300,95500,95600,95800,95900,96000,96100,96200,96400,96500,96600,64000,3000,18100,24300,26500,500,4500,1000,16900,5900,95400,95300,95200,95100,95000,94900,94800,94700,94600,94500,3400,3300,89600,4700,11800,1000,500,700,1400,22300,98400,92500,605600,702600,0,0,0,0,0,
000061.SZ,000061,20251209,93357000,95400,22700,216643,1147,0,,,1466000,13822947,95500,93200,93200,93300,95500,95600,95800,95900,96000,96100,96200,96400,96500,96600,55300,3000,18100,24300,26600,500,4500,1000,16900,5900,95400,95300,95200,95100,95000,94900,94800,94700,94600,94500,8300,2600,17300,3600,11800,1000,500,700,1400,22300,98600,92300,625400,633400,0,0,0,0,0,
000061.SZ,000061,20251209,93400000,95400,23100,220420,1168,0,,,1489100,14043367,95500,93200,93200,93300,95400,95500,95600,95800,95900,96000,96100,96200,96400,96500,10200,47600,3100,18100,24300,27800,500,4500,1000,16900,95300,95200,95100,95000,94900,94800,94700,94600,94500,94400,2500,17800,3600,11800,1000,500,700,1400,22300,4800,98600,92200,630200,622800,0,0,0,0,0,
000061.SZ,000061,20251209,93403000,95500,68900,657650,1184,0,,,1558000,14701017,95500,93200,93200,93300,95400,95500,95600,95800,95900,96000,96100,96200,96400,96500,8000,12300,2800,17600,24300,27800,500,4500,1000,16900,95200,95100,95000,94900,94800,94700,94600,94500,94400,94300,9200,3600,16400,1000,500,700,1400,22300,4800,1200,98800,92200,591900,616300,0,0,0,0,0,
000061.SZ,000061,20251209,93406000,95300,15000,142958,1195,0,,,1573000,14843975,95500,93200,93200,93300,95300,95400,95500,95600,95800,95900,96000,96100,96200,96400,400,19900,12100,2800,17600,24300,27800,500,4500,1000,95200,95100,95000,94900,94800,94700,94600,94500,94400,94300,8100,600,16900,1000,500,700,1400,22300,6800,1200,98800,92200,613000,614600,0,0,0,0,0,
000061.SZ,000061,20251209,93409000,95300,21600,205946,1219,0,,,1594600,15049921,95500,93200,93200,93300,95300,95400,95500,95600,95800,95900,96000,96100,96200,96400,4200,10700,22100,3800,19600,25400,28300,500,4500,1000,95200,95100,95000,94900,94800,94700,94600,94500,94400,94300,4500,600,16900,1000,1500,700,1400,22300,6800,1200,98800,92200,625000,612000,0,0,0,0,0,
000061.SZ,000061,20251209,93412000,95300,14000,133390,1238,0,,,1608600,15183311,95500,93200,93200,93300,95300,95400,95500,95600,95800,95900,96000,96100,96200,96400,1300,13900,22100,3800,19600,25400,28300,500,4500,1000,95200,95100,95000,94900,94800,94700,94600,94500,94400,94300,6700,900,16900,1000,1500,700,1100,22300,6800,600,98800,92200,623300,605600,0,0,0,0,0,
000061.SZ,000061,20251209,93415000,95200,20200,192539,1262,0,,,1628800,15375850,95500,93200,93200,93300,95300,95400,95500,95600,95800,95900,96000,96100,96200,96400,2500,12000,23700,3800,29600,25400,30300,500,4500,1000,95200,95100,95000,94900,94800,94700,94600,94500,94400,94300,6900,900,16900,1000,1500,700,1100,22300,106800,600,98700,92500,637200,705800,0,0,0,0,0,
000061.SZ,000061,20251209,93418000,95300,3000,28590,1277,0,,,1631800,15404440,95500,93200,93200,93300,95400,95500,95600,95800,95900,96000,96100,96200,96400,96500,10700,33600,3800,29600,28600,30400,800,4500,1000,16900,95300,95200,95100,95000,94900,94800,94700,94600,94500,94400,16000,12400,500,16900,1000,1500,700,1100,23300,106800,98700,92600,647400,727900,0,0,0,0,0,
000061.SZ,000061,20251209,93421000,95300,59300,565700,1407,0,,,1691100,15970140,95500,93200,93200,93300,95500,95600,95800,95900,96000,96100,96200,96400,96500,96600,30100,3800,29600,28600,30900,800,4500,1000,16900,2900,95300,95200,95100,95000,94900,94800,94700,94600,94500,94400,9600,14000,300,8000,1000,1500,700,3100,23300,106800,98800,92600,635600,715200,0,0,0,0,0,
000061.SZ,000061,20251209,93424000,95400,2400,22877,1414,0,,,1693500,15993017,95500,93200,93200,93300,95400,95500,95600,95800,95900,96000,96100,96200,96400,96500,13300,33500,3800,29600,28600,30900,800,4500,1000,16900,95300,95200,95100,95000,94900,94800,94700,94600,94500,94400,8800,14200,800,8000,1000,1500,700,3100,23300,106800,98700,92600,654500,715100,0,0,0,0,0,
000061.SZ,000061,20251209,93427000,95300,12600,120072,1436,0,,,1706100,16113089,95500,93200,93200,93300,95300,95400,95500,95600,95800,95900,96000,96100,96200,96400,16800,16500,33500,3800,30600,28700,30900,800,4500,1000,95200,95100,95000,94900,94800,94700,94600,94500,94400,94300,8100,1500,8000,1000,1500,700,3100,23300,102200,600,98600,92500,678100,696300,0,0,0,0,0,
000061.SZ,000061,20251209,93430000,95200,13400,127657,1449,0,,,1719500,16240746,95500,93200,93200,93300,95300,95400,95500,95600,95800,95900,96000,96100,96200,96400,10100,19200,33500,7600,37900,28700,40900,800,4500,1000,95200,95100,95000,94900,94800,94700,94600,94500,94400,94300,3600,1400,8000,1000,3500,700,3100,23800,102200,600,98500,92500,697100,694200,0,0,0,0,0,
000061.SZ,000061,20251209,93433000,95200,22600,215336,1466,0,,,1742100,16456082,95500,93200,93200,93300,95200,95400,95500,95600,95800,95900,96000,96100,96200,96400,5800,18100,33500,7600,38100,31800,40900,800,4500,1000,95100,95000,94900,94800,94700,94600,94500,94400,94300,94200,1900,8000,1000,3500,700,7100,23800,102200,30600,7000,98500,92600,698500,725100,0,0,0,0,0,
000061.SZ,000061,20251209,93436000,95200,4900,46648,1473,0,,,1747000,16502730,95500,93200,93200,93300,95200,95300,95400,95500,95600,95800,95900,96000,96100,96200,2400,3300,20900,33500,7600,38300,31800,40900,800,4500,95100,95000,94900,94800,94700,94600,94500,94400,94300,94200,1400,8000,1000,3500,11000,7100,23800,102200,30600,7000,98500,92600,714900,732100,0,0,0,0,0,
000061.SZ,000061,20251209,93439000,95100,3700,35188,1480,0,,,1750700,16537918,95500,93200,93200,93300,95200,95300,95400,95500,95600,95800,95900,96000,96100,96200,15700,3300,21900,37000,10600,39300,31800,41400,800,4500,95100,95000,94900,94800,94700,94600,94500,94400,94300,94200,2900,14200,1000,3500,11000,7100,23800,102200,30600,7000,98400,92600,739300,739800,0,0,0,0,0,
000061.SZ,000061,20251209,93442000,95300,32300,307642,1504,0,,,1783000,16845560,95500,93200,93200,93300,95400,95500,95600,95800,95900,96000,96100,96200,96400,96500,26700,37500,10600,40500,31800,41400,800,4500,1000,17600,95300,95200,95100,95000,94900,94800,94700,94600,94500,94400,4600,115200,2400,11000,1000,3500,10300,20100,23800,102200,98500,93000,733100,868200,0,0,0,0,0,
000061.SZ,000061,20251209,93445000,95400,89800,857013,1650,0,,,1872800,17702573,95500,93200,93200,93300,95500,95600,95800,95900,96000,96100,96200,96400,96500,96600,500,10600,40500,31800,41600,800,4500,1000,17600,4900,95400,95300,95200,95100,95000,94900,94800,94700,94600,94500,25800,100,117900,4400,11000,1000,3500,10300,20100,23800,98900,93000,680300,894300,0,0,0,0,0,
000061.SZ,000061,20251209,93448000,95300,49500,472208,1718,0,,,1922300,18174781,95500,93200,93200,93300,95400,95500,95600,95800,95900,96000,96100,96200,96400,96500,16900,400,10600,40500,31800,41600,800,4500,1000,17600,95300,95200,95100,95000,94900,94800,94700,94600,94500,94400,800,114900,3500,11000,1000,3500,10300,20100,23800,102200,98800,93000,705600,862700,0,0,0,0,0,
000061.SZ,000061,20251209,93451000,95300,23700,226137,1739,0,,,1946000,18400918,95500,93200,93200,93300,95500,95600,95800,95900,96000,96100,96200,96400,96500,96600,10600,15600,40500,31800,41600,800,4500,1000,17600,4900,95300,95200,95100,95000,94900,94800,94700,94600,94500,94400,1500,125400,3500,11500,1000,3500,10300,19000,23800,102200,98800,93000,706800,873300,0,0,0,0,0,
000061.SZ,000061,20251209,93454000,95400,9200,87751,1747,0,,,1955200,18488669,95500,93200,93200,93300,95400,95500,95600,95800,95900,96000,96100,96200,96400,96500,33100,10300,31700,46600,31800,41600,800,4500,1000,17600,95300,95200,95100,95000,94900,94800,94700,94600,94500,94400,33700,125700,1500,11500,1000,3500,10300,19000,23800,102200,98600,93100,763500,898800,0,0,0,0,0,
000061.SZ,000061,20251209,93457000,95400,83200,794066,1891,0,,,2038400,19282735,95600,93200,93200,93300,95500,95600,95800,95900,96000,96100,96200,96400,96500,96600,6700,26100,46600,31800,41600,800,4500,1000,18000,4900,95400,95300,95200,95100,95000,94900,94800,94700,94600,94500,8600,41800,125700,1600,11500,1000,3500,10300,19000,23800,98800,93100,721100,916600,0,0,0,0,0,
000061.SZ,000061,20251209,93500000,95400,18300,174680,1923,0,,,2056700,19457415,95600,93200,93200,93300,95500,95600,95800,95900,96000,96100,96200,96400,96500,96600,11900,27000,46600,33300,41900,800,4500,1000,18000,4900,95400,95300,95200,95100,95000,94900,94800,94700,94600,94500,4700,57400,125700,1600,94400,1000,3500,10300,19000,23800,98800,93300,742000,1012200,0,0,0,0,0,
000061.SZ,000061,20251209,93503000,95400,10500,100175,1931,0,,,2067200,19557590,95600,93200,93200,93300,95500,95600,95800,95900,96000,96100,96200,96400,96500,96600,22300,27100,46600,43300,41900,800,4500,1000,18000,4900,95400,95300,95200,95100,95000,94900,94800,94700,94600,94500,4800,56500,125300,1600,95400,1000,3500,10300,19000,23800,98600,93300,753200,1011000,0,0,0,0,0,
000061.SZ,000061,20251209,93506000,95400,0,0,1931,0,,,2067200,19557590,95600,93200,93200,93300,95500,95600,95800,95900,96000,96100,96200,96400,96500,96600,29500,27100,46600,43300,43200,800,4500,1000,18000,4900,95400,95300,95200,95100,95000,94900,94800,94700,94600,94500,15000,57900,125300,1600,95400,1000,3500,10300,19000,23800,98600,93300,764200,1022600,0,0,0,0,0,
000061.SZ,000061,20251209,93509000,95400,5100,48672,1939,0,,,2072300,19606262,95600,93200,93200,93300,95500,95600,95800,95900,96000,96100,96200,96400,96500,96600,32100,27100,46600,43300,43600,800,4500,1000,18000,4900,95400,95300,95200,95100,95000,94900,94800,94700,94600,94500,14400,58200,125100,1600,95400,1000,4500,10300,19000,23800,98600,93300,767800,1022600,0,0,0,0,0,
000061.SZ,000061,20251209,93512000,95300,85000,811002,1971,0,,,2157300,20417264,95600,93200,93200,93300,95400,95500,95600,95800,95900,96000,96100,96200,96400,96500,4600,1500,28000,47500,43300,43600,800,4500,1000,18000,95300,95200,95100,95000,94900,94800,94700,94600,94500,94400,26500,125100,1600,94400,1000,4500,10300,20000,23800,103200,98700,93200,746600,975500,0,0,0,0,0,
000061.SZ,000061,20251209,93515000,95100,156700,1492042,2013,0,,,2314000,21909306,95600,93200,93200,93300,95100,95300,95400,95500,95600,95800,95900,96000,96100,96200,16100,10100,36100,1500,28000,47500,43300,43700,800,4500,95000,94900,94800,94700,94600,94500,94400,94300,94200,94100,94400,1000,4500,10300,20000,23800,103200,30600,8000,900,98500,92900,806900,821400,0,0,0,0,0,
000061.SZ,000061,20251209,93518000,94800,99000,940478,2043,0,,,2413000,22849784,95600,93200,93200,93300,94900,95000,95100,95300,95400,95500,95600,95700,95800,95900,1700,41700,33600,1300,36800,4300,45000,1000,47500,43300,94800,94700,94600,94500,94400,94300,94200,94100,94000,93900,5400,10300,20000,23800,103200,30600,8000,900,5000,4300,98200,92600,884900,726900,0,0,0,0,0,
000061.SZ,000061,20251209,93521000,95000,7700,73055,2054,0,,,2420700,22922839,95600,93200,93200,93300,94900,95000,95100,95300,95400,95500,95600,95700,95800,95900,22800,35500,41900,6300,36800,4100,45000,1000,41500,43300,94800,94700,94600,94500,94400,94300,94200,94100,94000,93900,2500,10300,20000,23800,103200,30600,8000,900,5000,4300,98100,92600,911400,714000,0,0,0,0,0,
000061.SZ,000061,20251209,93524000,94800,17500,165792,2065,0,,,2438200,23088631,95600,93200,93200,93300,94800,94900,95000,95100,95200,95300,95400,95500,95600,95700,2500,35100,34500,41900,100,6300,36100,5000,45000,7700,94600,94500,94400,94300,94200,94100,94000,93900,93800,93600,20000,23800,103200,30600,8000,900,5000,4300,22200,7300,98100,92500,932200,701700,0,0,0,0,0,
000061.SZ,000061,20251209,93527000,94700,17600,166566,2074,0,,,2455800,23255197,95600,93200,93200,93300,94700,94800,94900,95000,95100,95200,95300,95400,95500,95600,600,3900,22800,32600,59600,100,7000,27100,5500,45000,94600,94500,94400,94300,94200,94100,94000,93900,93800,93600,6900,24600,103200,30600,8000,900,5000,4300,22200,7300,98100,92500,931800,689300,0,0,0,0,0,
000061.SZ,000061,20251209,93530000,94700,0,0,2074,0,,,2455800,23255197,95600,93200,93200,93300,94700,94800,94900,95000,95100,95300,95400,95500,95600,95700,3400,31400,22800,32600,59500,6200,26100,5500,45000,7700,94600,94500,94400,94300,94200,94100,94000,93900,93800,93600,22100,25800,103200,30600,8000,900,5000,4300,22200,7300,98000,92600,967500,705700,0,0,0,0,0,
000061.SZ,000061,20251209,93533000,95100,88600,840864,2250,0,,,2544400,24096061,95600,93200,93200,93300,95000,95100,95300,95400,95500,95600,95700,95800,95900,96000,2300,42700,900,31100,5500,43000,7700,41500,43500,51900,94900,94800,94700,94600,94500,94400,94300,94200,94100,94000,1500,4100,12100,24200,25800,103200,30600,8000,900,5000,98300,92600,860500,725500,0,0,0,0,0,
000061.SZ,000061,20251209,93536000,94900,58600,555088,2280,0,,,2603000,24651149,95600,93200,93200,93300,95000,95100,95300,95400,95500,95600,95700,95800,95900,96000,9500,38600,17600,28400,5500,43000,10200,41500,43500,62000,94800,94700,94600,94500,94400,94300,94200,94100,94000,93900,6700,63400,25100,25800,103200,30600,8000,900,5000,4300,98200,92800,891400,778800,0,0,0,0,0,
000061.SZ,000061,20251209,93539000,95000,90100,855635,2356,0,,,2693100,25506784,95600,93200,93200,93300,95000,95100,95300,95400,95500,95600,95700,95800,95900,96000,1100,39200,17600,23500,5500,43000,10200,46800,43500,65000,94900,94800,94700,94600,94500,94400,94300,94200,94100,94000,500,2200,38800,25100,25600,103200,30600,8000,900,5000,98300,92700,891500,750000,0,0,0,0,0,
000061.SZ,000061,20251209,93542000,94900,2800,26552,2360,0,,,2695900,25533336,95600,93200,93200,93300,94900,95000,95100,95300,95400,95500,95600,95700,95800,95900,300,12000,39000,17600,23500,6000,40800,10200,50200,43500,94800,94700,94600,94500,94400,94300,94200,94100,94000,93900,300,38800,9900,26700,103200,30600,8000,900,5000,4300,98200,92600,905200,733500,0,0,0,0,0,
000061.SZ,000061,20251209,93545000,95100,53300,506757,2372,0,,,2749200,26040093,95600,93200,93200,93300,95200,95300,95400,95500,95600,95700,95800,95900,96000,96100,1700,18200,23500,9000,41800,10200,51200,46500,65000,2000,95100,95000,94900,94800,94700,94600,94500,94400,94300,94200,13700,1500,10400,300,14400,9900,26700,103200,30600,8000,98400,92700,868000,734700,0,0,0,0,0,
000061.SZ,000061,20251209,93548000,95000,17900,170219,2383,0,,,2767100,26210312,95600,93200,93200,93300,95200,95300,95400,95500,95600,95700,95800,95900,96000,96100,5900,17500,23500,9000,42800,10200,51200,46500,69000,2000,95000,94900,94800,94700,94600,94500,94400,94300,94200,94100,3900,12700,4800,17700,9900,26700,103200,30600,8000,900,98400,92600,891100,733500,0,0,0,0,0,
000061.SZ,000061,20251209,93551000,95300,12400,118099,2397,0,,,2779500,26328411,95600,93200,93200,93300,95300,95400,95500,95600,95700,95800,95900,96000,96100,96200,15800,23500,20100,41800,10200,53200,46500,69000,2000,4500,95100,95000,94900,94800,94700,94600,94500,94400,94300,94200,2700,5700,12700,6400,17700,9900,26700,103200,30600,8000,98400,92700,900000,742800,0,0,0,0,0,
000061.SZ,000061,20251209,93554000,95200,7700,73251,2409,0,,,2787200,26401662,95600,93200,93200,93300,95200,95300,95400,95500,95600,95700,95800,95900,96000,96100,1000,14600,18500,20100,41800,10200,53200,46500,69000,2000,95000,94900,94800,94700,94600,94500,94400,94300,94200,94100,5600,12800,8700,17700,10500,27500,103200,30600,8000,900,98400,92700,894800,743800,0,0,0,0,0,
000061.SZ,000061,20251209,93557000,95200,7500,71402,2416,0,,,2794700,26473064,95600,93200,93200,93300,95200,95300,95400,95500,95600,95700,95800,95900,96000,96100,2600,14700,18500,20700,42400,10200,53200,46500,69000,2000,95100,95000,94900,94800,94700,94600,94500,94400,94300,94200,2300,7700,11800,8700,17700,10500,27500,103200,30600,8000,98400,92700,902800,748200,0,0,0,0,0,
000061.SZ,000061,20251209,93600000,95100,2500,23775,2420,0,,,2797200,26496839,95600,93200,93200,93300,95100,95200,95300,95400,95500,95600,95700,95800,95900,96000,26800,3600,15300,20000,23200,47900,10200,53200,46500,69000,95000,94900,94800,94700,94600,94500,94400,94300,94200,94100,8000,11800,8700,17900,10500,27500,103200,30600,8000,900,98300,92700,940700,746400,0,0,0,0,0,
000061.SZ,000061,20251209,93603000,95100,5600,53231,2423,0,,,2802800,26550070,95600,93200,93200,93300,95100,95200,95300,95400,95500,95600,95700,95800,95900,96000,33800,24100,42900,24600,23200,47900,10200,53200,46500,69000,95000,94900,94800,94700,94600,94500,94400,94300,94200,94100,4100,11800,8700,23100,10500,27500,103200,30600,8000,900,98100,92700,1003600,748000,0,0,0,0,0,
000061.SZ,000061,20251209,93606000,94800,33700,319732,2449,0,,,2836500,26869802,95600,93200,93200,93300,95000,95100,95200,95300,95400,95500,95600,95700,95800,95900,1000,32800,23900,42900,24600,23200,47900,11200,53200,46500,94800,94700,94600,94500,94400,94300,94200,94100,94000,93900,22900,22700,10500,27500,103200,30600,8000,900,3000,4300,98000,92700,1035100,740400,0,0,0,0,0,
000061.SZ,000061,20251209,93609000,95100,12100,114991,2460,0,,,2848600,26984793,95600,93200,93200,93300,95100,95200,95300,95400,95500,95600,95700,95800,95900,96000,31700,24400,42300,25600,28200,50100,11200,52300,46500,69000,94800,94700,94600,94500,94400,94300,94200,94100,94000,93900,12200,22700,10500,30500,103200,30600,8000,900,3000,4300,98000,92600,1046900,730500,0,0,0,0,0,
000061.SZ,000061,20251209,93612000,94800,7400,70206,2474,0,,,2856000,27054999,95600,93200,93200,93300,95000,95100,95200,95300,95400,95500,95600,95700,95800,95900,1300,36300,28100,42300,25600,36700,50100,11200,52300,46500,94800,94700,94600,94500,94400,94300,94200,94100,94000,93900,9600,23800,10500,30500,103200,30600,8000,900,3000,4300,97900,92600,1083700,726800,0,0,0,0,0,
000061.SZ,000061,20251209,93615000,94800,4800,45513,2480,0,,,2860800,27100512,95600,93200,93200,93300,95000,95100,95200,95300,95400,95500,95600,95700,95800,95900,10200,36300,28100,42300,25600,47500,50100,11200,58900,46500,94800,94700,94600,94500,94400,94300,94200,94100,94000,93900,6100,23800,10500,30500,103200,30600,8000,900,3000,4300,97900,92600,1110000,723300,0,0,0,0,0,
000061.SZ,000061,20251209,93618000,94900,2265,21474,2486,0,,,2863065,27121986,95600,93200,93200,93300,94900,95000,95100,95200,95300,95400,95500,95600,95700,95800,100,11800,38700,29800,43100,27600,47500,36200,11200,58900,94800,94700,94600,94500,94400,94300,94200,94100,94000,93900,4935,23800,10500,30500,105200,30600,8000,900,3000,4300,97900,92600,1108000,724135,0,0,0,0,0,
000061.SZ,000061,20251209,93621000,94900,0,0,2486,0,,,2863065,27121986,95600,93200,93200,93300,94900,95000,95100,95200,95300,95400,95500,95600,95700,95800,400,15900,38400,30400,43100,27600,47500,36200,11200,59900,94800,94700,94600,94500,94400,94300,94200,94100,94000,93900,7735,26200,10500,30500,105200,30600,8000,900,3000,4300,97900,92600,1115000,729335,0,0,0,0,0,
000061.SZ,000061,20251209,93624000,94900,2300,21821,2493,0,,,2865365,27143807,95600,93200,93200,93300,94900,95000,95100,95200,95300,95400,95500,95600,95700,95800,500,23600,38400,32700,43100,27600,47500,36200,11200,59900,94800,94700,94600,94500,94400,94300,94200,94100,94000,93900,8535,26200,10500,33500,105200,30600,8000,900,3000,4300,97900,92700,1123600,733135,0,0,0,0,0,
000061.SZ,000061,20251209,93627000,94900,2000,18970,2497,0,,,2867365,27162777,95600,93200,93200,93300,94900,95000,95100,95200,95300,95400,95500,95600,95700,95800,6600,22900,38400,33600,44100,30600,47500,36200,11200,59900,94800,94700,94600,94500,94400,94300,94200,94100,94000,93900,7000,26200,10500,33500,105700,30600,8000,900,3000,4300,97800,92700,1136000,732100,0,0,0,0,0,
000061.SZ,000061,20251209,93630000,94700,9000,85300,2518,0,,,2876365,27248077,95600,93200,93200,93300,94900,95000,95100,95200,95300,95400,95500,95600,95700,95800,8200,22900,38400,33600,44100,30500,56700,36200,11200,59900,94700,94600,94500,94400,94300,94200,94100,94000,93900,93800,23100,10500,33500,105700,30600,8000,900,4000,4300,25900,97800,92600,1146700,723500,0,0,0,0,0,
000061.SZ,000061,20251209,93633000,95100,53800,511148,2541,0,,,2930165,27759225,95600,93200,93200,93300,94900,95000,95100,95200,95300,95400,95500,95600,95700,95800,11400,300,29900,33600,44100,31500,56700,37200,11200,59900,94800,94700,94600,94500,94400,94300,94200,94100,94000,93900,300,23100,15500,33600,105700,30600,8000,900,4000,4300,97800,92600,1216500,727300,0,0,0,0,0,
000061.SZ,000061,20251209,93636000,94800,10800,102326,2552,0,,,2940965,27861551,95600,93200,93200,93300,94800,94900,95000,95100,95200,95300,95400,95500,95600,95700,7400,14400,400,25800,33600,44000,31500,58500,37200,11200,94700,94600,94500,94400,94300,94200,94100,94000,93900,93800,15800,15500,33600,105700,30600,8000,900,4000,4300,25900,97800,92600,1225000,719700,0,0,0,0,0,
000061.SZ,000061,20251209,93639000,94800,2100,19903,2557,0,,,2943065,27881454,95600,93200,93200,93300,94800,94900,95000,95100,95200,95300,95400,95500,95600,95700,8600,14400,34000,34200,35300,44000,31500,58500,37200,11200,94700,94600,94500,94400,94300,94200,94100,94000,93900,93800,15300,15500,33600,105700,30200,8000,900,4000,4300,25900,97800,92600,1348200,718900,0,0,0,0,0,
000061.SZ,000061,20251209,93642000,94600,17100,161946,2578,0,,,2960165,28043400,95600,93200,93200,93300,94700,94800,94900,95000,95100,95200,95300,95400,95500,95600,16000,35400,14500,34000,34200,35300,44000,32100,58600,38200,94600,94500,94400,94300,94200,94100,94000,93900,93800,93600,15400,30400,105700,30200,8000,900,4000,4300,25900,7300,97700,92600,1397300,701300,0,0,0,0,0,
000061.SZ,000061,20251209,93645000,94700,17000,160836,2589,0,,,2977165,28204236,95600,93200,93200,93300,94700,94800,94900,95000,95100,95200,95300,95400,95500,95600,16500,30600,14500,34000,34200,35300,44000,32100,58600,38200,94500,94400,94300,94200,94000,93900,93800,93600,93500,93400,28600,105700,30200,8000,4000,4300,25900,7300,92500,3000,97700,92500,1393000,683200,0,0,0,0,0,
000061.SZ,000061,20251209,93648000,94500,31600,298620,2602,0,,,3008765,28502856,95600,93200,93200,93300,94500,94600,94700,94800,94900,95000,95100,95200,95300,95400,9200,4600,28300,30900,14500,34000,34200,35300,41100,32100,94400,94300,94200,94000,93900,93800,93600,93500,93400,93300,105700,30200,8000,4000,4300,25900,7300,92500,3000,33400,97600,92400,1418300,653900,0,0,0,0,0,
000061.SZ,000061,20251209,93651000,94400,6800,64218,2608,0,,,3015565,28567074,95600,93200,93200,93300,94500,94600,94700,94800,94900,95000,95100,95200,95300,95400,9200,4500,28300,30900,14500,33900,27800,32300,41100,32100,94400,94300,94200,94000,93900,93800,93600,93500,93400,93300,101100,30200,8000,4000,4300,25900,7300,92500,3000,33400,97700,92400,1408700,650400,0,0,0,0,0,
000061.SZ,000061,20251209,93654000,94400,2400,22657,2610,0,,,3017965,28589731,95600,93200,93200,93300,94500,94600,94700,94800,94900,95000,95100,95200,95300,95400,10000,4500,21200,30900,14500,33900,27800,22700,41100,32100,94400,94300,94200,94000,93900,93800,93600,93500,93400,93300,97300,30200,8000,4000,4300,25900,7300,92500,3000,33400,97700,92400,1393600,646600,0,0,0,0,0,
000061.SZ,000061,20251209,93657000,94200,136700,1289976,2626,0,,,3154665,29879707,95600,93200,93200,93300,94200,94300,94400,94500,94600,94700,94800,94900,95000,95100,500,18400,146800,10200,4200,18700,30900,14500,33900,37800,94100,94000,93900,93800,93600,93500,93400,93300,93200,93100,20700,4000,4300,25900,7300,92500,3000,40000,20000,2100,97300,92000,1569700,538400,0,0,0,0,0,
000061.SZ,000061,20251209,93700000,94100,19900,187271,2629,0,,,3174565,30066978,95600,93200,93200,93300,94200,94300,94400,94500,94600,94700,94800,94900,95000,95100,9800,17200,92400,9500,2400,18400,28700,13500,33900,37800,94100,94000,93900,93800,93600,93500,93400,93300,93200,93100,2100,5100,4300,25900,7300,96500,3000,40000,20000,2100,97400,91900,1518600,524900,0,0,0,0,0,
000061.SZ,000061,20251209,93703000,94200,19600,184533,2647,0,,,3194165,30251511,95600,93200,93200,93300,94300,94400,94500,94600,94700,94800,94900,95000,95100,95200,14600,39800,9500,3000,18400,28700,13500,33900,37800,24200,94200,94100,94000,93900,93800,93600,93500,93400,93300,93200,4700,1800,153400,4300,25900,7300,96500,3000,40000,20000,97600,92400,1455700,677700,0,0,0,0,0,
000061.SZ,000061,20251209,93706000,94400,48700,459184,2654,0,,,3242865,30710695,95600,93200,93200,93300,94400,94500,94600,94700,94800,94900,95000,95100,95200,95300,39500,9500,3000,15400,28700,13500,33900,37800,24200,41100,94100,94000,93900,93800,93600,93500,93400,93300,93200,93100,3200,153400,4300,25900,8400,96500,3000,40700,20000,2100,97600,92400,1448000,675200,0,0,0,0,0,
000061.SZ,000061,20251209,93709000,94200,17900,168608,2658,0,,,3260765,30879303,95600,93200,93200,93300,94500,94600,94700,94800,94900,95000,95100,95200,95300,95400,9500,3000,15400,28700,13500,33900,37800,24200,41100,32100,94200,94100,94000,93900,93800,93600,93500,93400,93300,93200,1800,3200,153900,14300,25900,8400,96500,3000,40700,20000,97700,92400,1409800,687500,0,0,0,0,0,
000061.SZ,000061,20251209,93712000,94200,0,0,2658,0,,,3260765,30879303,95600,93200,93200,93300,94400,94500,94600,94700,94800,94900,95000,95100,95200,95300,2700,9600,3000,15400,32100,13500,33900,38800,24200,41100,94300,94200,94100,94000,93900,93800,93600,93500,93400,93300,300,2400,3800,156400,14300,25900,8400,96500,4000,40700,97700,92400,1417700,692500,0,0,0,0,0,
000061.SZ,000061,20251209,93715000,94300,4300,40514,2666,0,,,3265065,30919817,95600,93200,93200,93300,94300,94400,94500,94600,94700,94800,94900,95000,95100,95200,500,3900,49700,3000,15300,32000,13500,33800,38800,24200,94200,94100,94000,93900,93800,93600,93500,93400,93300,93200,400,3800,156400,14300,25900,8400,96500,4000,40700,20000,97600,92400,1483600,690200,0,0,0,0,0,
000061.SZ,000061,20251209,93718000,94300,1100,10367,2671,0,,,3266165,30930184,95600,93200,93200,93300,94300,94400,94500,94600,94700,94800,94900,95000,95100,95200,3600,3900,49800,3000,15300,32000,13500,33800,38800,23900,94100,94000,93900,93800,93600,93500,93400,93300,93200,93100,2800,157400,14300,25900,8400,96500,4000,40700,20000,2100,97500,92400,1488100,689800,0,0,0,0,0,
000061.SZ,000061,20251209,93721000,94200,2000,18849,2678,0,,,3268165,30949033,95600,93200,93200,93300,94300,94400,94500,94600,94700,94800,94900,95000,95100,95200,1900,3900,49600,3000,15300,32000,13500,33800,39800,23900,94100,94000,93900,93800,93600,93500,93400,93300,93200,93100,3200,157400,4300,25900,8400,96500,4000,41300,20000,2100,97500,92400,1487200,680800,0,0,0,0,0,
000061.SZ,000061,20251209,93724000,94100,4100,38606,2691,0,,,3272265,30987639,95600,93200,93200,93300,94300,94400,94500,94600,94700,94800,94900,95000,95100,95200,8500,3900,49600,3000,15300,31500,13500,33800,39800,23900,94100,94000,93900,93800,93600,93500,93400,93300,93200,93100,28000,157400,4300,25900,8400,96500,4000,41300,20000,2100,97600,92500,1513900,705600,0,0,0,0,0,
000061.SZ,000061,20251209,93727000,94300,27500,259344,2720,0,,,3299765,31246983,95600,93200,93200,93300,94300,94400,94500,94600,94700,94800,94900,95000,95100,95200,2600,32200,49600,3200,11000,31500,13500,33800,39800,23900,94200,94100,94000,93900,93800,93600,93500,93400,93300,93200,800,55300,158400,4300,25900,9400,96500,4000,41300,20000,97500,92500,1545600,739000,0,0,0,0,0,
000061.SZ,000061,20251209,93730000,94300,1500,14140,2723,0,,,3301265,31261123,95600,93200,93200,93300,94300,94400,94500,94600,94700,94800,94900,95000,95100,95200,1800,21500,49600,4200,11000,31500,13500,33800,39800,23900,94200,94100,94000,93900,93800,93700,93600,93500,93400,93300,300,57300,158400,4300,25900,1000,9500,96500,4000,41300,97600,92500,1536200,741600,0,0,0,0,0,
000061.SZ,000061,20251209,93733000,94200,6700,63159,2732,0,,,3307965,31324282,95600,93200,93200,93300,94300,94400,94500,94600,94700,94800,94900,95000,95100,95200,1000,17900,49600,4200,11000,31500,13500,34000,39800,23900,94200,94100,94000,93900,93800,93700,93600,93500,93400,93300,1700,56700,158400,4300,25900,1000,9500,96500,4000,41300,97600,92500,1534400,742900,0,0,0,0,0,
000061.SZ,000061,20251209,93736000,94300,4100,38644,2742,0,,,3312065,31362926,95600,93200,93200,93300,94300,94400,94500,94600,94700,94800,94900,95000,95100,95200,500,17900,49600,4200,10500,31500,13500,34000,39800,24900,94200,94100,94000,93900,93800,93700,93600,93500,93400,93300,100,53700,158400,4300,35900,1000,11500,96500,4000,41300,97500,92500,1569400,750300,0,0,0,0,0,
000061.SZ,000061,20251209,93739000,94200,14500,136596,2750,0,,,3326565,31499522,95600,93200,93200,93300,94200,94300,94400,94500,94600,94700,94800,94900,95000,95100,100,18900,17900,49600,24200,10900,31500,13500,34000,39800,94100,94000,93900,93800,93700,93600,93500,93400,93300,93200,56200,158400,4800,35900,1000,11500,96500,4000,41300,22500,97400,92600,1608800,743200,0,0,0,0,0,
000061.SZ,000061,20251209,93742000,94200,1300,12253,2756,0,,,3327865,31511775,95600,93200,93200,93300,94200,94300,94400,94500,94600,94700,94800,94900,95000,95100,500,18200,17900,49600,24200,20900,31500,13500,34000,39800,94100,94000,93900,93800,93700,93600,93500,93400,93300,93200,56900,159400,4800,35900,1000,11500,96500,4000,41300,22500,97400,92600,1625600,744900,0,0,0,0,0,
000061.SZ,000061,20251209,93745000,94200,6800,64035,2771,0,,,3334665,31575810,95600,93200,93200,93300,94200,94300,94400,94500,94600,94700,94800,94900,95000,95100,9100,18200,9400,49600,24200,18300,31500,13500,34000,39800,94100,94000,93900,93800,93700,93600,93500,93400,93300,93200,54800,159400,4800,35900,6700,11500,96500,6000,41300,22500,97400,92600,1623100,770500,0,0,0,0,0,
000061.SZ,000061,20251209,93748000,94100,4300,40476,2775,0,,,3338965,31616286,95600,93200,93200,93300,94200,94300,94400,94500,94600,94700,94800,94900,95000,95100,11300,18200,9400,49600,24200,18300,31500,13500,34000,39800,94100,94000,93900,93800,93700,93600,93500,93400,93300,93200,51800,159400,4800,36900,6700,11500,96500,6000,41300,22500,97400,92600,1640300,766800,0,0,0,0,0,
000061.SZ,000061,20251209,93751000,94200,17300,162966,2784,0,,,3356265,31779252,95600,93200,93200,93300,94300,94400,94500,94600,94700,94800,94900,95000,95100,95200,18200,9400,46100,24200,16900,31500,13500,34000,39800,24900,94200,94100,94000,93900,93800,93700,93600,93500,93400,93300,22600,51800,165700,4800,36900,6700,11500,96500,6000,41300,97400,92600,1625100,795700,0,0,0,0,0,
000061.SZ,000061,20251209,93754000,94200,400,3768,2785,0,,,3356665,31783020,95600,93200,93200,93300,94300,94400,94500,94600,94700,94800,94900,95000,95100,95200,20500,9400,44700,4200,16900,31500,13500,34000,39800,24900,94200,94100,94000,93900,93800,93700,93600,93500,93400,93300,23700,52800,166000,4800,36900,6700,11500,96500,6000,41300,97500,92600,1606000,798100,0,0,0,0,0,
000061.SZ,000061,20251209,93757000,94200,0,0,2785,0,,,3356665,31783020,95600,93200,93200,93300,94300,94400,94500,94600,94700,94800,94900,95000,95100,95200,22600,9400,44700,4200,16900,31500,13500,34000,39800,24900,94200,94100,94000,93900,93800,93700,93600,93500,93400,93300,29700,52600,166000,4800,36900,6700,11500,96500,6000,41300,97500,92700,1610100,803900,0,0,0,0,0,
000061.SZ,000061,20251209,93800000,94300,12300,115886,2790,0,,,3368965,31898906,95600,93200,93200,93300,94300,94400,94500,94600,94700,94800,94900,95000,95100,95200,20600,9400,44700,4200,16900,31500,13500,34000,39800,24900,94200,94100,94000,93900,93800,93700,93600,93500,93400,93300,20600,52600,163500,4800,36900,6700,11500,96500,6000,41300,97500,92600,1608100,792300,0,0,0,0,0,
000061.SZ,000061,20251209,93803000,94200,4100,38654,2794,0,,,3373065,31937560,95600,93200,93200,93300,94300,94400,94500,94600,94700,94800,94900,95000,95100,95200,6800,9500,40900,4200,16900,31500,15500,34000,39800,24900,94200,94100,94000,93900,93800,93700,93600,93500,93400,93300,23800,52600,163500,4800,36900,6700,11500,96500,6000,41300,97500,92600,1592700,795500,0,0,0,0,0,
000061.SZ,000061,20251209,93806000,94400,7600,71669,2812,0,,,3380665,32009229,95600,93200,93200,93300,94400,94500,94600,94700,94800,94900,95000,95100,95200,95300,5100,40900,4200,16900,31500,15500,34000,39800,24900,62100,94300,94200,94100,94000,93900,93800,93700,93600,93500,93400,30600,24000,52600,163200,4800,37600,6700,11500,66500,6000,97500,92700,1578300,796700,0,0,0,0,0,
000061.SZ,000061,20251209,93809000,94400,100,944,2813,0,,,3380765,32010173,95600,93200,93200,93300,94400,94500,94600,94700,94800,94900,95000,95100,95200,95300,5000,40900,27300,16900,31500,15500,34000,39800,24900,62100,94300,94200,94100,94000,93900,93800,93700,93600,93500,93400,35200,20900,52600,163200,4800,38600,6700,11500,66500,6000,97500,92700,1602100,799200,0,0,0,0,0,
000061.SZ,000061,20251209,93812000,94400,23600,222693,2834,0,,,3404365,32232866,95600,93200,93200,93300,94400,94500,94600,94700,94800,94900,95000,95100,95200,95300,500,40900,25200,16900,31500,15500,34000,39800,24900,62100,94300,94200,94100,94000,93900,93800,93700,93600,93500,93400,37100,17800,52600,163200,4800,39100,6700,11500,67400,6000,97500,92700,1599600,799400,0,0,0,0,0,
000061.SZ,000061,20251209,93815000,94400,1300,12272,2838,0,,,3405665,32245138,95600,93200,93200,93300,94400,94500,94600,94700,94800,94900,95000,95100,95200,95300,3900,40800,25200,16900,31500,15500,34000,37300,24900,62100,94300,94200,94100,94000,93900,93800,93700,93600,93500,93400,43100,17800,52600,163200,4800,39100,6700,11500,67400,6000,97500,92700,1608500,805400,0,0,0,0,0,
000061.SZ,000061,20251209,93818000,94400,1000,9440,2840,0,,,3406665,32254578,95600,93200,93200,93300,94400,94500,94600,94700,94800,94900,95000,95100,95200,95300,3300,40800,25200,16900,31500,15500,34000,37300,24900,62100,94300,94200,94100,94000,93900,93800,93700,93600,93500,93400,53500,17800,52600,163200,4800,39100,6700,11500,67400,6000,97500,92700,1607900,817800,0,0,0,0,0,
000061.SZ,000061,20251209,93821000,94400,8600,81183,2853,0,,,3415265,32335761,95600,93200,93200,93300,94400,94500,94600,94700,94800,94900,95000,95100,95200,95300,700,40800,25200,16900,31500,15500,34000,37300,24900,62100,94300,94200,94100,94000,93900,93800,93700,93600,93500,93400,53400,17800,52600,163200,4800,39100,6700,11500,67400,6000,97500,92700,1605300,817700,0,0,0,0,0,
000061.SZ,000061,20251209,93824000,94400,2000,18880,2856,0,,,3417265,32354641,95600,93200,93200,93300,94500,94600,94700,94800,94900,95000,95100,95200,95300,95400,40800,25200,14400,31500,15500,34000,37300,24900,62100,81100,94400,94300,94200,94100,94000,93900,93800,93700,93600,93500,13200,53400,18400,53700,164200,4800,39100,6700,11500,67400,97500,92700,1602100,833600,0,0,0,0,0,
000061.SZ,000061,20251209,93827000,94400,500,4720,2857,0,,,3417765,32359361,95600,93200,93200,93300,94500,94600,94700,94800,94900,95000,95100,95200,95300,95400,40900,25200,14400,31500,15500,34000,37300,24900,62100,81100,94400,94300,94200,94100,94000,93900,93800,93700,93600,93500,18800,49300,18400,53700,164200,4800,39100,6700,11500,67400,97500,92700,1602400,835100,0,0,0,0,0,
000061.SZ,000061,20251209,93830000,94500,3200,30240,2860,0,,,3420965,32389601,95600,93200,93200,93300,94500,94600,94700,94800,94900,95000,95100,95200,95300,95400,37700,25200,14400,31500,15500,34000,37300,24900,62100,81100,94400,94300,94200,94100,94000,93900,93800,93700,93600,93500,20500,49300,18400,54700,163700,4800,58100,6700,11500,67400,97600,92800,1598200,856300,0,0,0,0,0,
000061.SZ,000061,20251209,93833000,94500,0,0,2860,0,,,3420965,32389601,95600,93200,93200,93300,94500,94600,94700,94800,94900,95000,95100,95200,95300,95400,37700,25200,14400,31500,15500,34000,37300,24900,62100,82100,94400,94300,94200,94100,94000,93900,93800,93700,93600,93500,21200,51300,18400,57100,163700,4800,58100,6700,11500,67400,97500,92800,1599600,861400,0,0,0,0,0,
000061.SZ,000061,20251209,93836000,94400,300,2832,2861,0,,,3421265,32392433,95600,93200,93200,93300,94500,94600,94700,94800,94900,95000,95100,95200,95300,95400,38600,25200,14400,31500,15500,34000,37300,24900,62100,82100,94400,94300,94200,94100,94000,93900,93800,93700,93600,93500,21200,51800,18400,57100,164200,4800,58100,6700,11500,67400,97500,92800,1601800,863000,0,0,0,0,0,
000061.SZ,000061,20251209,93839000,94500,2600,24570,2865,0,,,3423865,32417003,95600,93200,93200,93300,94500,94600,94700,94800,94900,95000,95100,95200,95300,95400,39700,25200,14400,31500,13500,34000,37300,24900,62100,82100,94400,94300,94200,94100,94000,93900,93800,93700,93600,93500,21200,41800,18400,57100,174200,4800,58100,6700,11500,67400,97500,92800,1600900,864500,0,0,0,0,0,
000061.SZ,000061,20251209,93842000,94500,0,0,2865,0,,,3423865,32417003,95600,93200,93200,93300,94500,94600,94700,94800,94900,95000,95100,95200,95300,95400,40000,25200,14400,35500,13500,34000,37300,24900,62100,82100,94400,94300,94200,94100,94000,93900,93800,93700,93600,93500,21200,41800,16700,57100,174200,4800,58100,6700,11500,67400,97500,92800,1603700,862800,0,0,0,0,0,
000061.SZ,000061,20251209,93845000,94400,22700,214288,2885,0,,,3446565,32631291,95600,93200,93200,93300,94400,94500,94600,94700,94800,94900,95000,95100,95200,95300,4600,40500,25200,14400,35500,13500,34400,37300,30300,62100,94300,94200,94100,94000,93900,93800,93700,93600,93500,93400,41800,16800,57500,174200,5100,61600,6700,11500,67400,6000,97500,92700,1615400,845900,0,0,0,0,0,
000061.SZ,000061,20251209,93848000,94400,1900,17936,2891,0,,,3448465,32649227,95600,93200,93200,93300,94400,94500,94600,94700,94800,94900,95000,95100,95200,95300,4600,40500,25200,14400,35500,13500,34400,37300,30300,62100,94300,94200,94100,94000,93900,93800,93700,93600,93500,93400,41800,16800,57500,174200,5100,61600,6700,11500,67400,6000,97500,92700,1615400,845900,0,0,0,0,0,
000061.SZ,000061,20251209,93851000,94400,5300,50008,2897,0,,,3453765,32699235,95600,93200,93200,93300,94400,94500,94600,94700,94800,94900,95000,95100,95200,95300,9900,40500,25200,14400,35500,13500,34400,36500,29100,62100,94300,94200,94100,94000,93900,93800,93700,93600,93500,93400,39400,16800,57500,174200,5100,61600,6700,11500,67400,6000,97500,92700,1631400,842500,0,0,0,0,0,
000061.SZ,000061,20251209,93854000,94300,3100,29233,2898,0,,,3456865,32728468,95600,93200,93200,93300,94400,94500,94600,94700,94800,94900,95000,95100,95200,95300,9900,40500,25200,14400,35500,13500,34400,36500,29100,62100,94300,94200,94100,94000,93900,93800,93700,93600,93500,93400,36300,16800,57500,174200,5100,61600,6700,21500,67400,6000,97500,92700,1637200,849400,0,0,0,0,0,
000061.SZ,000061,20251209,93857000,94400,10000,94400,2906,0,,,3466865,32822868,95600,93200,93200,93300,94400,94500,94600,94700,94800,94900,95000,95100,95200,95300,300,40500,25200,14400,35500,13500,34400,36500,31100,62100,94300,94200,94100,94000,93900,93800,93700,93600,93500,93400,36300,16800,57500,174200,4800,61600,6700,21500,67400,6000,97500,92700,1629600,849100,0,0,0,0,0,
000061.SZ,000061,20251209,93900000,94200,55800,526019,2930,0,,,3522665,33348887,95600,93200,93200,93300,94200,94400,94500,94600,94700,94800,94900,95000,95100,95200,1900,9900,40500,25200,14400,35500,13500,34400,36500,31100,94100,94000,93900,93800,93700,93600,93500,93400,93300,93200,57600,175200,4800,61600,6700,21500,67400,6000,42800,21500,97500,92600,1641600,797100,0,0,0,0,0,
000061.SZ,000061,20251209,93903000,94100,1500,14115,2939,0,,,3524165,33363002,95600,93200,93200,93300,94300,94400,94500,94600,94700,94800,94900,95000,95100,95200,4300,9200,38600,25200,14400,35500,13500,34400,36500,31100,94100,94000,93900,93800,93700,93600,93500,93400,93300,93200,57400,175200,4800,61600,6700,21500,67700,6000,42800,21500,97500,92600,1648700,797200,0,0,0,0,0,
000061.SZ,000061,20251209,93906000,94200,10500,98910,2945,0,,,3534665,33461912,95600,93200,93200,93300,94300,94400,94500,94600,94700,94800,94900,95000,95100,95200,1100,10100,38600,25200,14400,35500,13500,34400,36500,31100,94200,94100,94000,93900,93800,93700,93600,93500,93400,93300,100,57800,175200,4800,61600,6700,21500,67700,6000,42800,97500,92600,1641400,800700,0,0,0,0,0,
000061.SZ,000061,20251209,93909000,94300,2200,20743,2951,0,,,3536865,33482655,95600,93200,93200,93300,94300,94400,94500,94600,94700,94800,94900,95000,95100,95200,7700,10100,38600,27200,14400,35500,13500,34400,36500,31100,94100,94000,93900,93800,93700,93600,93500,93400,93300,93200,57800,175200,6400,61600,6700,21500,67700,6000,42800,21500,97500,92700,1661900,798900,0,0,0,0,0,
000061.SZ,000061,20251209,93912000,94200,100,942,2952,0,,,3536965,33483597,95600,93200,93200,93300,94300,94400,94500,94600,94700,94800,94900,95000,95100,95200,10000,10100,38600,27200,14400,35500,13500,34400,36500,31100,94200,94100,94000,93900,93800,93700,93600,93500,93400,93300,900,57800,175200,6400,61600,6700,21500,67700,6000,42800,97500,92700,1665200,799800,0,0,0,0,0,
000061.SZ,000061,20251209,93915000,94200,0,0,2952,0,,,3536965,33483597,95600,93200,93200,93300,94300,94400,94500,94600,94700,94800,94900,95000,95100,95200,10600,10100,38100,27200,14400,35500,13500,36400,36500,31100,94200,94100,94000,93900,93800,93700,93600,93500,93400,93300,1800,58900,175200,4800,61600,6700,21500,67700,6000,42800,97500,92700,1679700,800200,0,0,0,0,0,
000061.SZ,000061,20251209,93918000,94200,900,8478,2953,0,,,3537865,33492075,95600,93200,93200,93300,94300,94400,94500,94600,94700,94800,94900,95000,95100,95200,10600,9200,38100,27200,14400,35500,13500,36400,36500,31100,94200,94100,94000,93900,93800,93700,93600,93500,93400,93300,900,58900,175200,4800,61600,6700,21500,67700,6000,42800,97500,92700,1694000,799300,0,0,0,0,0,
000061.SZ,000061,20251209,93921000,94200,0,0,2953,0,,,3537865,33492075,95600,93200,93200,93300,94300,94400,94500,94600,94700,94800,94900,95000,95100,95200,10600,9200,38100,27200,14400,37500,13500,36400,36500,31100,94200,94100,94000,93900,93800,93700,93600,93500,93400,93300,900,57900,175200,4800,61600,8700,21500,67700,6000,42800,97500,92700,1697600,800300,0,0,0,0,0,
000061.SZ,000061,20251209,93924000,94200,11600,109272,2955,0,,,3549465,33601347,95600,93200,93200,93300,94200,94300,94400,94500,94600,94700,94800,94900,95000,95100,9600,10600,3200,38100,27200,14400,37500,13500,36400,36500,94100,94000,93900,93800,93700,93600,93500,93400,93300,93200,60900,175200,4800,61600,8700,21500,67700,6000,52800,21500,97500,92700,1700200,812400,0,0,0,0,0,
000061.SZ,000061,20251209,93927000,94200,0,0,2955,0,,,3549465,33601347,95600,93200,93200,93300,94200,94300,94400,94500,94600,94700,94800,94900,95000,95100,14600,10000,3300,38100,27200,14400,37500,13500,36400,36500,94100,94000,93900,93800,93700,93600,93500,93400,93300,93200,64500,175200,5800,61600,8700,21500,67700,6000,52800,21500,97500,92700,1709700,817000,0,0,0,0,0,
000061.SZ,000061,20251209,93930000,94200,5000,47100,2956,0,,,3554465,33648447,95600,93200,93200,93300,94200,94300,94400,94500,94600,94700,94800,94900,95000,95100,9600,10000,3300,38100,29200,14400,37500,13500,36400,36500,94100,94000,93900,93800,93700,93600,93500,93400,93300,93200,65100,175200,5800,61600,8700,21500,67700,4000,52100,21500,97500,92700,1703700,814900,0,0,0,0,0,
000061.SZ,000061,20251209,93933000,94200,300,2826,2957,0,,,3554765,33651273,95600,93200,93200,93300,94200,94300,94400,94500,94600,94700,94800,94900,95000,95100,11600,10000,3300,38100,29200,14400,37500,13500,36400,36500,94100,94000,93900,93800,93700,93600,93500,93400,93300,93200,65300,175200,5800,61600,8700,21500,67900,4000,53100,21500,97500,92700,1706000,816300,0,0,0,0,0,
000061.SZ,000061,20251209,93936000,94100,2100,19781,2959,0,,,3556865,33671054,95600,93200,93200,93300,94200,94300,94400,94500,94600,94700,94800,94900,95000,95100,9600,10000,3300,38100,29200,14400,37500,13500,36400,36500,94100,94000,93900,93800,93700,93600,93500,93400,93300,93200,63600,175200,5800,61600,8700,21500,68600,4000,53100,21500,97500,92700,1704200,815300,0,0,0,0,0,
000061.SZ,000061,20251209,93939000,94200,100,942,2960,0,,,3556965,33671996,95600,93200,93200,93300,94200,94300,94400,94500,94600,94700,94800,94900,95000,95100,9500,10000,3300,38100,29200,14400,40500,13500,36400,36500,94100,94000,93900,93800,93700,93600,93500,93400,93300,93200,61600,175500,12500,61600,8700,21500,68600,4000,53100,21500,97500,92700,1707100,820400,0,0,0,0,0,
000061.SZ,000061,20251209,93942000,94200,13000,122460,2982,0,,,3569965,33794456,95600,93200,93200,93300,94300,94400,94500,94600,94700,94800,94900,95000,95100,95200,8100,3300,38100,29200,14400,40500,13500,36400,35500,31100,94200,94100,94000,93900,93800,93700,93600,93500,93400,93300,6400,66600,175500,16500,61600,8700,21500,68600,4000,53100,97500,92700,1694700,835800,0,0,0,0,0,
000061.SZ,000061,20251209,93945000,94200,0,0,2982,0,,,3569965,33794456,95600,93200,93200,93300,94300,94400,94500,94600,94700,94800,94900,95000,95100,95200,8200,3300,38100,29200,14400,41500,13500,39400,35500,31100,94200,94100,94000,93900,93800,93700,93600,93500,93400,93300,6400,55900,176700,16500,61600,8700,21500,65700,4000,53100,97500,92700,1699300,823400,0,0,0,0,0,
000061.SZ,000061,20251209,93948000,94200,2600,24496,2985,0,,,3572565,33818952,95600,93200,93200,93300,94300,94400,94500,94600,94700,94800,94900,95000,95100,95200,7800,3300,48100,29200,14400,41500,13500,39400,35500,31100,94200,94100,94000,93900,93800,93700,93600,93500,93400,93300,4700,55900,176700,16500,61600,8700,21500,65700,4000,53100,97500,92700,1710600,821700,0,0,0,0,0,
000061.SZ,000061,20251209,93951000,94200,300,2826,2987,0,,,3572865,33821778,95600,93200,93200,93300,94300,94400,94500,94600,94700,94800,94900,95000,95100,95200,7800,3300,48100,29200,14400,41500,13500,39400,35500,31100,94200,94100,94000,93900,93800,93700,93600,93500,93400,93300,4400,55900,176700,16500,61600,8700,21500,65700,4000,53100,97500,92700,1710600,821400,0,0,0,0,0,
000061.SZ,000061,20251209,93954000,94200,4600,43332,2996,0,,,3577465,33865110,95600,93200,93200,93300,94200,94300,94400,94500,94600,94700,94800,94900,95000,95100,5800,8100,3300,48100,29200,14400,41500,13500,39400,35500,94100,94000,93900,93800,93700,93600,93500,93400,93300,93200,55900,176700,16500,61600,8700,21500,65700,4000,53100,21500,97500,92700,1717700,818600,0,0,0,0,0,
000061.SZ,000061,20251209,93957000,94200,0,0,2996,0,,,3577465,33865110,95600,93200,93200,93300,94200,94300,94400,94500,94600,94700,94800,94900,95000,95100,3500,8100,5300,48100,29200,14400,41500,13500,39400,35500,94100,94000,93900,93800,93700,93600,93500,93400,93300,93200,56300,178700,16500,61600,8700,21500,64800,4000,53100,21500,97500,92700,1722800,820100,0,0,0,0,0,
000061.SZ,000061,20251209,94000000,94200,0,0,2996,0,,,3577465,33865110,95600,93200,93200,93300,94200,94300,94400,94500,94600,94700,94800,94900,95000,95100,4000,8100,5300,49100,29200,14400,41500,13500,40400,35500,94100,94000,93900,93800,93700,93600,93500,93400,93300,93200,56300,180700,16500,61600,8700,21500,64800,4000,53100,21500,97500,92700,1728300,822100,0,0,0,0,0,
000061.SZ,000061,20251209,94003000,94100,7300,68693,2999,0,,,3584765,33933803,95600,93200,93200,93300,94200,94300,94400,94500,94600,94700,94800,94900,95000,95100,6800,8100,5300,49100,29200,14400,41500,13500,40400,35500,94100,94000,93900,93800,93700,93600,93500,93400,93300,93200,51000,180700,16500,61600,8700,21500,64800,4000,53100,21400,97500,92700,1734600,816700,0,0,0,0,0,
000061.SZ,000061,20251209,94006000,94200,5600,52737,3006,0,,,3590365,33986540,95600,93200,93200,93300,94200,94300,94400,94500,94600,94700,94800,94900,95000,95100,2800,8100,5300,49100,29200,14400,42500,13500,40400,35500,94100,94000,93900,93800,93700,93600,93500,93400,93300,93200,49500,180700,16500,61600,8700,21500,64800,4000,53100,21400,97500,92700,1732900,815200,0,0,0,0,0,
000061.SZ,000061,20251209,94009000,94100,2800,26348,3008,0,,,3593165,34012888,95600,93200,93200,93300,94200,94300,94400,94500,94600,94700,94800,94900,95000,95100,7400,9100,5300,49100,29200,14400,42500,13500,40400,35500,94100,94000,93900,93800,93700,93600,93500,93400,93300,93200,46700,180700,16500,61600,8700,21500,64100,4000,53100,21400,97500,92700,1739500,811700,0,0,0,0,0,
000061.SZ,000061,20251209,94012000,94200,1200,11304,3012,0,,,3594365,34024192,95600,93200,93200,93300,94200,94300,94400,94500,94600,94700,94800,94900,95000,95100,3100,9100,5300,49100,30200,14400,42500,16500,40400,35500,94100,94000,93900,93800,93700,93600,93500,93400,93300,93200,46700,180700,16500,61600,8700,21500,64100,4000,53100,21400,97500,92700,1741200,811700,0,0,0,0,0,
000061.SZ,000061,20251209,94015000,94100,2400,22584,3015,0,,,3596765,34046776,95600,93200,93200,93300,94200,94300,94400,94500,94600,94700,94800,94900,95000,95100,5900,9000,5300,49100,30200,14400,42500,16500,40400,35500,94100,94000,93900,93800,93700,93600,93500,93400,93300,93200,48500,180700,16500,61600,8700,21500,64100,4000,53100,21400,97500,92700,1740900,813500,0,0,0,0,0,
000061.SZ,000061,20251209,94018000,94200,6700,63067,3033,0,,,3603465,34109843,95600,93200,93200,93300,94200,94300,94400,94500,94600,94700,94800,94900,95000,95100,23800,9000,5300,49100,30200,14400,42500,16500,40400,35500,94100,94000,93900,93800,93700,93600,93500,93400,93300,93200,45400,180700,16500,61600,8700,21500,64100,4000,53700,21400,97500,92700,1758800,810800,0,0,0,0,0,
000061.SZ,000061,20251209,94021000,94100,45400,427214,3076,0,,,3648865,34537057,95600,93200,93200,93300,94100,94200,94300,94400,94500,94600,94700,94800,94900,95000,16300,41200,9000,5300,49100,30200,4400,42500,16500,37400,94000,93900,93800,93700,93600,93500,93400,93300,93200,93100,180600,16500,61600,8700,21500,64100,4000,53700,22500,2100,97400,92600,1778000,766400,0,0,0,0,0,
000061.SZ,000061,20251209,94024000,94100,0,0,3076,0,,,3648865,34537057,95600,93200,93200,93300,94100,94200,94300,94400,94500,94600,94700,94800,94900,95000,1100,41100,9000,5300,49100,30200,4400,43600,16500,37400,94000,93900,93800,93700,93600,93500,93400,93300,93200,93100,180700,16500,61600,8700,21500,64200,4000,53700,22500,2100,97400,92600,1761000,761600,0,0,0,0,0,
000061.SZ,000061,20251209,94027000,94000,1000,9407,3079,0,,,3649865,34546464,95600,93200,93200,93300,94100,94200,94300,94400,94500,94600,94700,94800,94900,95000,8500,39900,9000,6200,49000,10300,4400,43600,16500,37400,94000,93900,93800,93700,93600,93500,93400,93300,93200,93100,180800,16500,60600,8700,21500,64200,4000,53700,22500,2100,97500,92600,1747600,757700,0,0,0,0,0,
000061.SZ,000061,20251209,94030000,94000,700,6580,3080,0,,,3650565,34553044,95600,93200,93200,93300,94100,94200,94300,94400,94500,94600,94700,94800,94900,95000,15600,42900,9000,6200,49000,10300,4400,43600,16500,37400,94000,93900,93800,93700,93600,93500,93400,93300,93200,93100,180100,20400,60600,8700,21500,64200,4000,53700,22500,2100,97500,92600,1757700,765900,0,0,0,0,0,
000061.SZ,000061,20251209,94033000,94100,300,2823,3082,0,,,3650865,34555867,95600,93200,93200,93300,94100,94200,94300,94400,94500,94600,94700,94800,94900,95000,16000,45900,9000,6200,49000,10300,4400,43600,16500,37400,94000,93900,93800,93700,93600,93500,93400,93300,93200,93100,180100,20400,60700,8700,21500,64200,4000,53700,22500,2100,97400,92600,1761100,766000,0,0,0,0,0,
000061.SZ,000061,20251209,94036000,94100,0,0,3082,0,,,3650865,34555867,95600,93200,93200,93300,94100,94200,94300,94400,94500,94600,94700,94800,94900,95000,17400,45900,9000,5900,49000,10300,4400,43600,16500,37400,94000,93900,93800,93700,93600,93500,93400,93300,93200,93100,180500,20400,60700,8700,20400,64200,4000,53700,22500,2100,97400,92600,1764200,765300,0,0,0,0,0,
000061.SZ,000061,20251209,94039000,94100,1000,9410,3085,0,,,3651865,34565277,95600,93200,93200,93300,94100,94200,94300,94400,94500,94600,94700,94800,94900,95000,18900,45900,19000,5900,49000,10300,4400,43600,16500,3900,94000,93900,93800,93700,93600,93500,93400,93300,93200,93100,181100,20400,60700,8700,20400,65200,4000,53700,22500,2100,97500,92600,1743200,766900,0,0,0,0,0,
000061.SZ,000061,20251209,94042000,94000,200,1880,3086,0,,,3652065,34567157,95600,93200,93200,93300,94100,94200,94300,94400,94500,94600,94700,94800,94900,95000,22700,45900,18700,5900,49000,10300,4400,43600,16500,3900,94000,93900,93800,93700,93600,93500,93400,93300,93200,93100,180900,21000,60700,8700,20400,65200,4000,54400,22500,2100,97300,92600,1943100,766500,0,0,0,0,0,
000061.SZ,000061,20251209,94045000,94000,20200,189880,3105,0,,,3672265,34757037,95600,93200,93200,93300,94100,94200,94300,94400,94500,94600,94700,94800,94900,95000,29900,44300,11400,5900,49000,10300,4400,43600,16500,3900,94000,93900,93800,93700,93600,93500,93400,93300,93200,93100,160700,21000,60700,8700,20900,65200,4000,54400,22500,2100,97300,92600,1941400,746800,0,0,0,0,0,
000061.SZ,000061,20251209,94048000,94000,15000,141018,3114,0,,,3687265,34898055,95600,93200,93200,93300,94100,94200,94300,94400,94500,94600,94700,94800,94900,95000,51700,41100,11400,6400,49000,10300,4400,43600,16500,4100,94000,93900,93800,93700,93600,93500,93400,93300,93200,93100,147500,21000,62000,8700,20900,65200,4000,54400,22500,2100,97300,92500,1962400,734900,0,0,0,0,0,
000061.SZ,000061,20251209,94051000,94000,800,7520,3121,0,,,3688065,34905575,95600,93200,93200,93300,94100,94200,94300,94400,94500,94600,94700,94800,94900,95000,52100,40700,11400,6400,49000,10300,4400,43600,16500,4100,94000,93900,93800,93700,93600,93500,93400,93300,93200,93100,146700,21000,62000,7700,20900,65200,4000,54400,22500,2100,97300,92500,1963400,733100,0,0,0,0,0,
000061.SZ,000061,20251209,94054000,94000,47000,441800,3135,0,,,3735065,35347375,95600,93200,93200,93300,94100,94200,94300,94400,94500,94600,94700,94800,94900,95000,52900,40200,11400,6400,49000,10300,4400,43600,16500,4100,94000,93900,93800,93700,93600,93500,93400,93300,93200,93100,99700,21000,62000,7700,20900,65200,4000,54400,22500,2100,97300,92400,1963700,686100,0,0,0,0,0,
000061.SZ,000061,20251209,94057000,94000,1500,14100,3136,0,,,3736565,35361475,95600,93200,93200,93300,94100,94200,94300,94400,94500,94600,94700,94800,94900,95000,54200,40200,11400,6400,49000,10300,4400,43600,16500,4100,94000,93900,93800,93700,93600,93500,93400,93300,93200,93100,98200,21000,62000,7700,20900,65200,4000,54400,22500,2100,97300,92400,1964000,684600,0,0,0,0,0,
000061.SZ,000061,20251209,94100000,94000,3200,30080,3137,0,,,3739765,35391555,95600,93200,93200,93300,94100,94200,94300,94400,94500,94600,94700,94800,94900,95000,54200,40200,11400,6400,49000,10300,4400,43600,16500,4100,94000,93900,93800,93700,93600,93500,93400,93300,93200,93100,95000,21000,63000,7700,20900,65200,4000,54400,22500,2100,97300,92400,1964800,682400,0,0,0,0,0,
000061.SZ,000061,20251209,94103000,94100,48900,459941,3191,0,,,3788665,35851496,95600,93200,93200,93300,94100,94200,94300,94400,94500,94600,94700,94800,94900,95000,31600,37200,11400,5500,49000,10300,4400,43600,16500,4100,94000,93900,93800,93700,93600,93500,93400,93300,93200,93100,71200,21000,63000,7700,20900,65200,4000,54400,22500,2100,97400,92400,1911700,658600,0,0,0,0,0,
000061.SZ,000061,20251209,94106000,94100,0,0,3191,0,,,3788665,35851496,95600,93200,93200,93300,94100,94200,94300,94400,94500,94600,94700,94800,94900,95000,31600,37100,11400,5500,49000,10300,4400,43600,16500,4100,94000,93900,93800,93700,93600,93500,93400,93300,93200,93100,71200,21000,63000,7700,20900,65200,4000,54400,22500,2100,97400,92400,1912600,658600,0,0,0,0,0,
000061.SZ,000061,20251209,94109000,94000,4800,45128,3195,0,,,3793465,35896624,95600,93200,93200,93300,94100,94200,94300,94400,94500,94600,94700,94800,94900,95000,30800,37100,11400,5500,49000,10300,4400,43600,16500,6100,94000,93900,93800,93700,93600,93500,93400,93300,93200,93100,66800,21000,63000,7700,21900,65200,4000,54400,22500,2100,97400,92400,1913800,656200,0,0,0,0,0,
000061.SZ,000061,20251209,94112000,94100,1000,9410,3197,0,,,3794465,35906034,95600,93200,93200,93300,94100,94200,94300,94400,94500,94600,94700,94800,94900,95000,29800,37100,11400,5500,49000,10300,4400,43600,16500,6100,94000,93900,93800,93700,93600,93500,93400,93300,93200,93100,66800,21000,63000,7700,21900,65200,4000,54400,22500,2100,97400,92400,1913300,661200,0,0,0,0,0,
000061.SZ,000061,20251209,94115000,94100,0,0,3197,0,,,3794465,35906034,95600,93200,93200,93300,94100,94200,94300,94400,94500,94600,94700,94800,94900,95000,30800,37100,11400,5500,49000,10300,4400,43600,16500,6100,94000,93900,93800,93700,93600,93500,93400,93300,93200,93100,72800,21000,73000,9600,21900,65200,4000,54400,22500,2100,97400,92400,1920300,679100,0,0,0,0,0,
000061.SZ,000061,20251209,94121000,94100,1600,15056,3200,0,,,3796065,35921090,95600,93200,93200,93300,94100,94200,94300,94400,94500,94600,94700,94800,94900,95000,29200,37600,11400,5500,49000,10300,4400,43600,16500,6600,94000,93900,93800,93700,93600,93500,93400,93300,93200,93100,76600,22100,73000,9600,21900,65200,4000,54400,22500,2100,97400,92400,1919600,684000,0,0,0,0,0,
000061.SZ,000061,20251209,94124000,94100,31800,299238,3225,0,,,3827865,36220328,95600,93200,93200,93300,94200,94300,94400,94500,94600,94700,94800,94900,95000,95100,37600,11400,5500,49000,10300,4400,43600,16500,6600,29500,94100,94000,93900,93800,93700,93600,93500,93400,93300,93200,200,78600,25200,73000,9600,21900,65200,4000,54400,22500,97400,92400,1890400,689300,0,0,0,0,0,
000061.SZ,000061,20251209,94127000,94000,2700,25399,3230,0,,,3830565,36245727,95600,93200,93200,93300,94200,94300,94400,94500,94600,94700,94800,94900,95000,95100,37500,11400,5500,48000,10300,4400,43600,16500,6600,29500,94100,94000,93900,93800,93700,93600,93500,93400,93300,93200,2100,78400,25200,73000,9600,21900,65200,4000,54400,22500,97400,92400,1891300,691000,0,0,0,0,0,
000061.SZ,000061,20251209,94130000,94100,2000,18820,3232,0,,,3832565,36264547,95600,93200,93200,93300,94200,94300,94400,94500,94600,94700,94800,94900,95000,95100,37500,11400,5500,48000,10300,4400,43600,16500,6600,29500,94100,94000,93900,93800,93700,93600,93500,93400,93300,93200,2200,78400,25200,73000,9600,21900,65200,4000,53700,22500,97400,92400,1891300,690400,0,0,0,0,0,
000061.SZ,000061,20251209,94133000,94100,0,0,3232,0,,,3832565,36264547,95600,93200,93200,93300,94200,94300,94400,94500,94600,94700,94800,94900,95000,95100,37500,11400,5500,48000,10300,4400,43600,16500,6300,29500,94100,94000,93900,93800,93700,93600,93500,93400,93300,93200,2700,78400,25200,73000,9600,21900,65200,4000,53700,22500,97400,92400,1894600,690900,0,0,0,0,0,
000061.SZ,000061,20251209,94136000,94200,11300,106346,3242,0,,,3843865,36370893,95600,93200,93200,93300,94200,94300,94400,94500,94600,94700,94800,94900,95000,95100,36400,11400,5500,48000,10300,4400,43600,16500,6300,29500,94100,94000,93900,93800,93700,93600,93500,93400,93300,93200,1500,78400,25200,73000,9600,21900,65200,4000,53700,22500,97400,92400,1895500,689700,0,0,0,0,0,
000061.SZ,000061,20251209,94139000,94200,0,0,3242,0,,,3843865,36370893,95600,93200,93200,93300,94200,94300,94400,94500,94600,94700,94800,94900,95000,95100,37800,11400,5500,48000,10300,4400,43600,16500,6300,29500,94100,94000,93900,93800,93700,93600,93500,93400,93300,93200,1500,78400,25200,73700,9600,21900,65200,4000,53700,22500,97400,92400,1896900,690400,0,0,0,0,0,
000061.SZ,000061,20251209,94142000,94200,2200,20713,3245,0,,,3846065,36391606,95600,93200,93200,93300,94200,94300,94400,94500,94600,94700,94800,94900,95000,95100,36700,11400,5500,48000,10300,4400,43600,16500,6300,29500,94100,94000,93900,93800,93700,93600,93500,93400,93300,93200,800,77400,25200,73700,10300,21900,65200,4000,53700,22500,97400,92400,1895800,689400,0,0,0,0,0,
000061.SZ,000061,20251209,94145000,94200,0,0,3245,0,,,3846065,36391606,95600,93200,93200,93300,94200,94300,94400,94500,94600,94700,94800,94900,95000,95100,36800,11400,5500,48000,10300,4400,43600,16500,6300,29500,94100,94000,93900,93800,93700,93600,93500,93400,93300,93200,800,76400,25200,73700,10300,21900,65200,4000,54200,22500,97400,92400,1896500,688900,0,0,0,0,0,
000061.SZ,000061,20251209,94148000,94100,1300,12233,3250,0,,,3847365,36403839,95600,93200,93200,93300,94100,94200,94300,94400,94500,94600,94700,94800,94900,95000,200,36800,11400,5500,48000,9400,1000,43600,16500,6300,94000,93900,93800,93700,93600,93500,93400,93300,93200,93100,76400,22200,73700,10300,21900,66200,4000,54200,22500,2100,97400,92400,1892400,686100,0,0,0,0,0,
000061.SZ,000061,20251209,94151000,94100,600,5646,3253,0,,,3847965,36409485,95600,93200,93200,93300,94100,94200,94300,94400,94500,94600,94700,94800,94900,95000,300,47000,11400,5500,48000,9400,1000,43600,16500,6300,94000,93900,93800,93700,93600,93500,93400,93300,93200,93100,81400,22200,73700,10300,26900,66200,4000,54200,22500,2100,97400,92400,1909200,696100,0,0,0,0,0,
000061.SZ,000061,20251209,94154000,94100,500,4705,3257,0,,,3848465,36414190,95600,93200,93200,93300,94100,94200,94300,94400,94500,94600,94700,94800,94900,95000,400,49000,11400,5500,48000,9400,1000,59600,16500,6300,94000,93900,93800,93700,93600,93500,93400,93300,93200,93100,81900,22200,73700,10300,26900,66200,4000,54200,22500,2100,97400,92400,1927300,696600,0,0,0,0,0,
000061.SZ,000061,20251209,94157000,94100,7900,74310,3265,0,,,3856365,36488500,95600,93200,93200,93300,94100,94200,94300,94400,94500,94600,94700,94800,94900,95000,500,49000,11400,5500,48000,9400,1000,59600,16500,6300,94000,93900,93800,93700,93600,93500,93400,93300,93200,93100,79100,22200,73700,10300,26900,67200,4000,54200,22500,2100,97400,92400,1929100,694800,0,0,0,0,0,
000061.SZ,000061,20251209,94200000,94000,200,1880,3266,0,,,3856565,36490380,95600,93200,93200,93300,94100,94200,94300,94400,94500,94600,94700,94800,94900,95000,1100,49000,11600,5500,48000,9400,1000,59600,16500,6300,94000,93900,93800,93700,93600,93500,93400,93300,93200,93100,78900,22200,73700,10300,26900,67200,4000,54200,22500,2100,97400,92400,1931900,694600,0,0,0,0,0,
000061.SZ,000061,20251209,94203000,94000,4000,37600,3267,0,,,3860565,36527980,95600,93200,93200,93300,94100,94200,94300,94400,94500,94600,94700,94800,94900,95000,3800,47400,11600,5500,48000,9400,1000,59600,16500,6300,94000,93900,93800,93700,93600,93500,93400,93300,93200,93100,77900,22200,73700,10300,26900,66200,4000,54200,22500,2100,97400,92400,1933100,692600,0,0,0,0,0,
000061.SZ,000061,20251209,94206000,94000,400,3760,3268,0,,,3860965,36531740,95600,93200,93200,93300,94100,94200,94300,94400,94500,94600,94700,94800,94900,95000,3900,47400,11400,5500,47500,9400,1000,59600,16500,6300,94000,93900,93800,93700,93600,93500,93400,93300,93200,93100,77500,22200,74100,10300,26900,66200,4000,54200,22500,2100,97400,92400,1932500,692900,0,0,0,0,0,
000061.SZ,000061,20251209,94209000,94000,37700,354652,3288,0,,,3898665,36886392,95600,93200,93200,93300,94100,94200,94300,94400,94500,94600,94700,94800,94900,95000,21600,47800,11400,7500,47500,9400,1000,59600,16500,6300,94000,93900,93800,93700,93600,93500,93400,93300,93200,93100,67000,22200,74100,10300,26900,66700,4000,54200,22500,2100,97400,92400,1952600,683600,0,0,0,0,0,
000061.SZ,000061,20251209,94212000,94000,400,3760,3292,0,,,3899065,36890152,95600,93200,93200,93300,94100,94200,94300,94400,94500,94600,94700,94800,94900,95000,22600,47400,11400,7500,47500,9400,1000,59600,16500,6300,94000,93900,93800,93700,93600,93500,93400,93300,93200,93100,66700,22200,74100,10300,26900,66700,4000,54200,22500,2100,97400,92400,1953200,683300,0,0,0,0,0,
000061.SZ,000061,20251209,94215000,94000,300,2820,3295,0,,,3899365,36892972,95600,93200,93200,93300,94100,94200,94300,94400,94500,94600,94700,94800,94900,95000,1200,47400,11400,7500,47500,9400,1000,59600,16500,7100,94000,93900,93800,93700,93600,93500,93400,93300,93200,93100,66400,22200,74100,10300,26900,66700,4000,54200,22500,2100,97400,92400,1932600,684200,0,0,0,0,0,
000061.SZ,000061,20251209,94218000,94100,5200,48891,3298,0,,,3904565,36941863,95600,93200,93200,93300,94100,94200,94300,94400,94500,94600,94700,94800,94900,95000,2000,47400,11400,7500,47500,9400,1000,59600,16500,7100,94000,93900,93800,93700,93600,93500,93400,93300,93200,93100,68500,22200,74100,10300,26900,67400,4000,54200,22500,2100,97400,92400,1933900,687000,0,0,0,0,0,
000061.SZ,000061,20251209,94221000,94100,13200,124212,3313,0,,,3917765,37066075,95600,93200,93200,93300,94100,94200,94300,94400,94500,94600,94700,94800,94900,95000,300,47400,11400,7500,47500,9400,1000,59600,16500,7100,94000,93900,93800,93700,93600,93500,93400,93300,93200,93100,68500,24200,74100,10300,26900,67400,4000,54200,22500,2100,97400,92400,1932200,689000,0,0,0,0,0,
000061.SZ,000061,20251209,94224000,94100,0,0,3313,0,,,3917765,37066075,95600,93200,93200,93300,94100,94200,94300,94400,94500,94600,94700,94800,94900,95000,1200,47400,11400,7500,47500,9400,1000,59600,16500,7100,94000,93900,93800,93700,93600,93500,93400,93300,93200,93100,72100,24200,74100,10300,26900,67400,4000,54200,22500,2100,97400,92400,1933100,689300,0,0,0,0,0,
