万得代码,交易所代码,自然日,时间,成交编号,成交代码,委托代码,BS标志,成交价格,成交数量,叫卖序号,叫买序号,
000061.SZ,000061,20251209,91506220,278576,C,0, ,0,100,278498,0,
000061.SZ,000061,20251209,91506220,278577,C,0, ,0,100,0,278494,
000061.SZ,000061,20251209,91508590,287523,C,0, ,0,4200,287255,0,
000061.SZ,000061,20251209,91539770,300149,C,0, ,0,300,0,209145,
000061.SZ,000061,20251209,91540310,300274,C,0, ,0,100,232882,0,
000061.SZ,000061,20251209,91713490,325605,C,0, ,0,15300,322893,0,
000061.SZ,000061,20251209,92500000,568464,0,0,B,93200,600,54866,522699,
000061.SZ,000061,20251209,92500000,568465,0,0,B,93200,100,465248,522699,
000061.SZ,000061,20251209,92500000,568466,0,0,B,93200,100,292108,522699,
000061.SZ,000061,20251209,92500000,568467,0,0,B,93200,100,294207,522699,
000061.SZ,000061,20251209,92500000,568468,0,0,S,93200,100,566077,522699,
000061.SZ,000061,20251209,92500000,568469,0,0,S,93200,500,566077,557072,
000061.SZ,000061,20251209,92500000,568470,0,0,S,93200,2400,566077,531637,
000061.SZ,000061,20251209,92500000,568471,0,0,S,93200,100,566077,386758,
000061.SZ,000061,20251209,92500000,568472,0,0,S,93200,400,566077,565727,
000061.SZ,000061,20251209,92500000,568473,0,0,S,93200,3000,566077,565694,
000061.SZ,000061,20251209,92500000,568474,0,0,B,93200,500,87715,565694,
000061.SZ,000061,20251209,92500000,568475,0,0,B,93200,1000,527118,565694,
000061.SZ,000061,20251209,92500000,568476,0,0,B,93200,4000,472097,565694,
000061.SZ,000061,20251209,92500000,568477,0,0,B,93200,100,288940,565694,
000061.SZ,000061,20251209,92500000,568478,0,0,B,93200,100,387398,565694,
000061.SZ,000061,20251209,92500000,568479,0,0,B,93200,100,388606,565694,
000061.SZ,000061,20251209,92500000,568480,0,0,B,93200,100,389026,565694,
000061.SZ,000061,20251209,92500000,568481,0,0,B,93200,1000,463175,565694,
000061.SZ,000061,20251209,92500000,568482,0,0,B,93200,400,485699,565694,
000061.SZ,000061,20251209,92500000,568483,0,0,B,93200,600,485699,561547,
000061.SZ,000061,20251209,92500000,568484,0,0,S,93200,100,485699,387715,
000061.SZ,000061,20251209,92500000,568485,0,0,B,93200,500,485699,557049,
000061.SZ,000061,20251209,92500000,568486,0,0,B,93200,700,521082,557049,
000061.SZ,000061,20251209,92500000,568487,0,0,B,93200,300,521082,564765,
000061.SZ,000061,20251209,92500000,568488,0,0,B,93200,6800,4126,564765,
000061.SZ,000061,20251209,92500000,568489,0,0,B,93200,3600,4126,537580,
000061.SZ,000061,20251209,92500000,568490,0,0,B,93200,2400,4126,549470,
000061.SZ,000061,20251209,92500000,568491,0,0,B,93200,200,4126,553268,
000061.SZ,000061,20251209,92500000,568492,0,0,B,93200,3600,4126,553448,
000061.SZ,000061,20251209,92500000,568493,0,0,B,93200,100,4126,553548,
000061.SZ,000061,20251209,92500000,568494,0,0,B,93200,100,4126,553603,
000061.SZ,000061,20251209,92500000,568495,0,0,B,93200,4300,4126,552962,
000061.SZ,000061,20251209,92500000,568496,0,0,B,93200,100,4126,553155,
000061.SZ,000061,20251209,92500000,568497,0,0,B,93200,100,4126,556917,
000061.SZ,000061,20251209,92500000,568498,0,0,B,93200,1100,4126,552039,
000061.SZ,000061,20251209,92500000,568499,0,0,B,93200,900,4126,552107,
000061.SZ,000061,20251209,92500000,568500,0,0,B,93200,600,4126,552177,
000061.SZ,000061,20251209,92500000,568501,0,0,B,93200,500,4126,79052,
000061.SZ,000061,20251209,92500000,568502,0,0,B,93200,1500,4126,562895,
000061.SZ,000061,20251209,92500000,568503,0,0,B,93200,1800,4126,563049,
000061.SZ,000061,20251209,92500000,568504,0,0,B,93200,100,36639,563049,
000061.SZ,000061,20251209,92500000,568505,0,0,B,93200,1400,36639,563233,
000061.SZ,000061,20251209,92500000,568506,0,0,B,93200,700,36639,563307,
000061.SZ,000061,20251209,92500000,568507,0,0,B,93200,700,36639,563475,
000061.SZ,000061,20251209,92500000,568508,0,0,B,93200,300,330575,563475,
000061.SZ,000061,20251209,92500000,568509,0,0,B,93200,500,419053,563475,
000061.SZ,000061,20251209,92500000,568510,0,0,S,93200,200,419053,36563,
000061.SZ,000061,20251209,92500000,568511,0,0,S,93200,100,419053,141585,
000061.SZ,000061,20251209,92500000,568512,0,0,S,93200,200,419053,162817,
000061.SZ,000061,20251209,92500000,568513,0,0,S,93200,300,505760,162817,
000061.SZ,000061,20251209,92500000,568514,0,0,S,93200,1000,553143,286365,
000061.SZ,000061,20251209,92500000,568515,0,0,B,93200,400,240230,286365,
000061.SZ,000061,20251209,92500000,568516,0,0,B,93200,500,17619,286365,
000061.SZ,000061,20251209,92500000,568517,0,0,B,93200,200,239283,286365,
000061.SZ,000061,20251209,92500000,568518,0,0,B,93200,300,239283,560129,
000061.SZ,000061,20251209,92500000,568519,0,0,B,93200,600,239286,560129,
000061.SZ,000061,20251209,93000030,673628,C,0, ,0,5400,0,552291,
000061.SZ,000061,20251209,93000040,674232,0,0,B,93300,1200,273293,674231,
000061.SZ,000061,20251209,93000040,676531,C,0, ,0,1200,0,560129,
000061.SZ,000061,20251209,93000050,678808,0,0,B,93300,100,273293,678807,
000061.SZ,000061,20251209,93000060,689449,0,0,B,93200,1600,684436,689448,
000061.SZ,000061,20251209,93000060,689959,C,0, ,0,32400,0,564286,
000061.SZ,000061,20251209,93000060,690679,0,0,B,93300,1800,273293,690678,
000061.SZ,000061,20251209,93000060,690680,0,0,B,93300,800,530396,690678,
000061.SZ,000061,20251209,93000080,700046,0,0,B,93300,200,530396,700045,
000061.SZ,000061,20251209,93000080,701233,0,0,B,93300,400,530396,701232,
000061.SZ,000061,20251209,93000090,707395,C,0, ,0,10700,0,543351,
000061.SZ,000061,20251209,93000100,712185,C,0, ,0,3000,0,533818,
000061.SZ,000061,20251209,93000110,715990,0,0,S,93300,1000,715989,701232,
000061.SZ,000061,20251209,93000110,715991,0,0,S,93200,5000,715989,689448,
000061.SZ,000061,20251209,93000140,735954,C,0, ,0,600,0,346688,
000061.SZ,000061,20251209,93000140,737417,C,0, ,0,400,0,421629,
000061.SZ,000061,20251209,93000150,740591,0,0,S,93300,500,740590,727033,
000061.SZ,000061,20251209,93000190,759966,C,0, ,0,300,0,521136,
000061.SZ,000061,20251209,93000200,764480,C,0, ,0,500,0,503304,
000061.SZ,000061,20251209,93000210,769929,C,0, ,0,3200,0,372244,
000061.SZ,000061,20251209,93000220,774207,0,0,S,93300,200,774206,727033,
000061.SZ,000061,20251209,93000230,775916,0,0,S,93300,300,775915,727033,
000061.SZ,000061,20251209,93000230,776638,C,0, ,0,5000,0,418520,
000061.SZ,000061,20251209,93000240,778654,C,0, ,0,1000,414032,0,
000061.SZ,000061,20251209,93000300,799425,0,0,B,93600,500,682012,799424,
000061.SZ,000061,20251209,93000300,799426,0,0,B,93600,1000,700451,799424,
000061.SZ,000061,20251209,93000400,822687,0,0,S,93500,700,822686,792447,
000061.SZ,000061,20251209,93000400,822928,0,0,S,93500,100,822927,792447,
000061.SZ,000061,20251209,93000480,837520,0,0,S,93500,100,837519,792447,
000061.SZ,000061,20251209,93000480,837540,0,0,S,93500,100,837539,792447,
000061.SZ,000061,20251209,93000480,837546,0,0,S,93500,100,837545,792447,
000061.SZ,000061,20251209,93000480,838560,0,0,S,93500,1000,838559,792447,
000061.SZ,000061,20251209,93000480,838562,0,0,S,93500,400,838561,792447,
000061.SZ,000061,20251209,93000480,838694,0,0,S,93500,200,838693,792447,
000061.SZ,000061,20251209,93000480,839260,0,0,S,93500,100,839259,792447,
000061.SZ,000061,20251209,93000490,839712,0,0,S,93500,600,839711,792447,
000061.SZ,000061,20251209,93000490,839714,0,0,S,93500,100,839713,792447,
000061.SZ,000061,20251209,93000510,843437,0,0,S,93500,1300,843436,792447,
000061.SZ,000061,20251209,93000540,849225,0,0,S,93500,500,849224,792447,
000061.SZ,000061,20251209,93000550,851913,C,0, ,0,3200,0,391263,
000061.SZ,000061,20251209,93000900,909566,0,0,S,93300,200,909565,764924,
000061.SZ,000061,20251209,93000900,909567,0,0,S,93300,4700,909565,805342,
000061.SZ,000061,20251209,93000940,915845,0,0,S,93300,4400,915844,805342,
000061.SZ,000061,20251209,93000990,923690,C,0, ,0,2900,0,494077,
000061.SZ,000061,20251209,93001150,947356,C,0, ,0,300,0,524329,
000061.SZ,000061,20251209,93001310,962287,0,0,S,93300,100,962286,805342,
000061.SZ,000061,20251209,93001310,962413,0,0,S,93300,100,962412,805342,
000061.SZ,000061,20251209,93001670,993062,0,0,S,93300,10700,993061,805342,
000061.SZ,000061,20251209,93001670,993063,0,0,S,93300,500,993061,812883,
000061.SZ,000061,20251209,93001670,993064,0,0,S,93300,5800,993061,860194,
000061.SZ,000061,20251209,93001670,993065,0,0,S,93300,200,993061,970363,
000061.SZ,000061,20251209,93001670,993066,0,0,S,93200,3400,993061,689448,
000061.SZ,000061,20251209,93001670,993067,0,0,S,93200,5400,993061,857885,
000061.SZ,000061,20251209,93001670,993068,0,0,S,93200,200,993061,861774,
000061.SZ,000061,20251209,93001690,994719,C,0, ,0,11100,0,524539,
000061.SZ,000061,20251209,93002290,1049051,0,0,S,93200,200,1049050,861774,
000061.SZ,000061,20251209,93002560,1065278,C,0, ,0,1000,0,401424,
000061.SZ,000061,20251209,93002750,1077631,0,0,S,93300,300,1077630,1070807,
000061.SZ,000061,20251209,93002840,1082789,C,0, ,0,1000,0,378061,
000061.SZ,000061,20251209,93002960,1090858,0,0,S,93300,200,1090857,1070807,
000061.SZ,000061,20251209,93002960,1090859,0,0,S,93300,300,1090857,1071400,
000061.SZ,000061,20251209,93003100,1101571,C,0, ,0,3000,0,338510,
000061.SZ,000061,20251209,93003190,1107815,0,0,S,93300,100,1107814,1071400,
000061.SZ,000061,20251209,93003600,1129139,C,0, ,0,5900,228073,0,
000061.SZ,000061,20251209,93003660,1132935,0,0,S,93300,2000,1132934,1071400,
000061.SZ,000061,20251209,93004180,1159660,0,0,S,93300,400,1159659,1071400,
000061.SZ,000061,20251209,93004490,1173037,0,0,B,93400,100,962361,1173036,
000061.SZ,000061,20251209,93004530,1174525,C,0, ,0,3400,1036782,0,
000061.SZ,000061,20251209,93005400,1207377,0,0,S,93300,400,1207376,1071400,
000061.SZ,000061,20251209,93005440,1208268,0,0,S,93300,2600,1208267,1071400,
000061.SZ,000061,20251209,93005480,1209455,C,0, ,0,1000,215061,0,
000061.SZ,000061,20251209,93005730,1216302,C,0, ,0,3400,1174641,0,
000061.SZ,000061,20251209,93006100,1229228,C,0, ,0,100,952869,0,
000061.SZ,000061,20251209,93006260,1232118,C,0, ,0,4300,1199357,0,
000061.SZ,000061,20251209,93006960,1255248,0,0,B,93400,100,962388,1255247,
000061.SZ,000061,20251209,93006960,1255249,0,0,B,93400,100,1122267,1255247,
000061.SZ,000061,20251209,93007400,1266441,C,0, ,0,100,856805,0,
000061.SZ,000061,20251209,93007710,1275980,0,0,S,93300,100,1275979,1071400,
000061.SZ,000061,20251209,93007840,1278377,0,0,S,93300,100,1278376,1071400,
000061.SZ,000061,20251209,93007840,1278379,0,0,S,93300,100,1278378,1071400,
000061.SZ,000061,20251209,93007840,1278441,0,0,S,93300,100,1278440,1071400,
000061.SZ,000061,20251209,93007840,1278465,0,0,S,93300,100,1278464,1071400,
000061.SZ,000061,20251209,93008140,1285730,C,0, ,0,3400,1220177,0,
000061.SZ,000061,20251209,93008670,1292533,0,0,B,93400,100,1122267,1292532,
000061.SZ,000061,20251209,93008670,1292534,0,0,B,93400,900,1123913,1292532,
000061.SZ,000061,20251209,93008940,1296730,0,0,B,93400,300,1123913,1296729,
000061.SZ,000061,20251209,93009170,1301186,0,0,B,93400,1900,1123913,1301185,
000061.SZ,000061,20251209,93009170,1301187,0,0,B,93400,200,1149562,1301185,
000061.SZ,000061,20251209,93009170,1301188,0,0,B,93400,200,1180102,1301185,
000061.SZ,000061,20251209,93009170,1301189,0,0,B,93400,200,1204368,1301185,
000061.SZ,000061,20251209,93009170,1301190,0,0,B,93400,500,1235483,1301185,
000061.SZ,000061,20251209,93009170,1301191,0,0,B,93400,500,1245987,1301185,
000061.SZ,000061,20251209,93009170,1301192,0,0,B,93400,500,1247023,1301185,
000061.SZ,000061,20251209,93009170,1301193,0,0,B,93400,100,1266698,1301185,
000061.SZ,000061,20251209,93009170,1301194,0,0,B,93400,100,1287219,1301185,
000061.SZ,000061,20251209,93009170,1301195,0,0,B,93400,100,1294400,1301185,
000061.SZ,000061,20251209,93009250,1302440,0,0,B,93400,100,1294400,1302439,
000061.SZ,000061,20251209,93009250,1302441,0,0,B,93400,400,1295711,1302439,
000061.SZ,000061,20251209,93010000,1320019,0,0,S,93400,100,1320018,1302439,
000061.SZ,000061,20251209,93010000,1320020,0,0,S,93400,100,1320018,1302442,
000061.SZ,000061,20251209,93010700,1334492,C,0, ,0,5000,0,406453,
000061.SZ,000061,20251209,93011430,1344164,0,0,S,93400,100,1344163,1302442,
000061.SZ,000061,20251209,93012040,1350919,0,0,B,93500,700,849224,1350918,
000061.SZ,000061,20251209,93012040,1350920,0,0,B,93500,100,855925,1350918,
000061.SZ,000061,20251209,93012040,1350921,0,0,B,93500,100,857698,1350918,
000061.SZ,000061,20251209,93012040,1350922,0,0,B,93500,100,865207,1350918,
000061.SZ,000061,20251209,93012240,1353864,0,0,S,93400,200,1353863,1302442,
000061.SZ,000061,20251209,93012240,1353867,0,0,S,93400,300,1353866,1302442,
000061.SZ,000061,20251209,93012240,1353872,0,0,S,93400,200,1353871,1302442,
000061.SZ,000061,20251209,93012240,1353874,0,0,S,93400,200,1353873,1302442,
000061.SZ,000061,20251209,93012240,1353876,0,0,S,93400,100,1353875,1302443,
000061.SZ,000061,20251209,93012240,1353878,0,0,S,93400,400,1353877,1302443,
000061.SZ,000061,20251209,93012240,1353880,0,0,S,93400,600,1353879,1302443,
000061.SZ,000061,20251209,93012240,1353884,0,0,S,93400,200,1353883,1302443,
000061.SZ,000061,20251209,93012240,1353886,0,0,S,93400,300,1353885,1302443,
000061.SZ,000061,20251209,93012240,1353888,0,0,S,93400,100,1353887,1302443,
000061.SZ,000061,20251209,93012240,1353889,0,0,S,93400,300,1353887,1302444,
000061.SZ,000061,20251209,93012710,1364433,0,0,B,93400,500,1353887,1364432,
000061.SZ,000061,20251209,93013070,1370702,0,0,S,93300,2600,1370701,1071400,
000061.SZ,000061,20251209,93013550,1379818,C,0, ,0,300,0,1272517,
000061.SZ,000061,20251209,93014430,1392807,0,0,S,93300,100,1392806,1071400,
000061.SZ,000061,20251209,93014480,1393268,0,0,B,93400,200,1353887,1393267,
000061.SZ,000061,20251209,93014980,1398916,0,0,B,93400,800,1353887,1398915,
000061.SZ,000061,20251209,93014980,1398917,0,0,B,93400,100,1353890,1398915,
000061.SZ,000061,20251209,93014980,1398918,0,0,B,93400,400,1353894,1398915,
000061.SZ,000061,20251209,93014980,1398919,0,0,B,93500,2600,865207,1398915,
000061.SZ,000061,20251209,93015430,1406868,0,0,S,93300,100,1406867,1071400,
000061.SZ,000061,20251209,93015850,1419509,0,0,B,93400,100,1414907,1419508,
000061.SZ,000061,20251209,93015850,1419510,0,0,B,93500,2900,865207,1419508,
000061.SZ,000061,20251209,93015920,1420504,0,0,S,93300,1400,1420503,1071400,
000061.SZ,000061,20251209,93016230,1425857,C,0, ,0,3400,1264839,0,
000061.SZ,000061,20251209,93016330,1428091,0,0,B,93500,4300,865207,1428090,
000061.SZ,000061,20251209,93016330,1428092,0,0,B,93500,600,901769,1428090,
000061.SZ,000061,20251209,93016440,1431104,0,0,S,93300,100,1431103,1071400,
000061.SZ,000061,20251209,93017190,1443726,0,0,B,93500,300,901769,1443725,
000061.SZ,000061,20251209,93017190,1443727,0,0,B,93500,100,907520,1443725,
000061.SZ,000061,20251209,93017190,1443728,0,0,B,93500,1400,1010869,1443725,
000061.SZ,000061,20251209,93017190,1443729,0,0,B,93500,100,1119114,1443725,
000061.SZ,000061,20251209,93017190,1443730,0,0,B,93500,100,1126128,1443725,
000061.SZ,000061,20251209,93017190,1443731,0,0,B,93500,200,1150209,1443725,
000061.SZ,000061,20251209,93017190,1443732,0,0,B,93500,200,1181590,1443725,
000061.SZ,000061,20251209,93017190,1443733,0,0,B,93500,100,1186359,1443725,
000061.SZ,000061,20251209,93017190,1443734,0,0,B,93500,200,1204352,1443725,
000061.SZ,000061,20251209,93017190,1443735,0,0,B,93500,500,1207276,1443725,
000061.SZ,000061,20251209,93017190,1443736,0,0,B,93500,500,1207572,1443725,
000061.SZ,000061,20251209,93017190,1443737,0,0,B,93500,200,1214808,1443725,
000061.SZ,000061,20251209,93017190,1443738,0,0,B,93500,200,1218508,1443725,
000061.SZ,000061,20251209,93017190,1443739,0,0,B,93500,400,1253463,1443725,
000061.SZ,000061,20251209,93017190,1443740,0,0,B,93500,100,1262396,1443725,
000061.SZ,000061,20251209,93017190,1443741,0,0,B,93500,100,1266031,1443725,
000061.SZ,000061,20251209,93017190,1443742,0,0,B,93500,200,1278754,1443725,
000061.SZ,000061,20251209,93017190,1443743,0,0,B,93500,100,1293545,1443725,
000061.SZ,000061,20251209,93017320,1445479,0,0,B,93500,100,1299287,1445478,
000061.SZ,000061,20251209,93017320,1445480,0,0,B,93500,100,1302086,1445478,
000061.SZ,000061,20251209,93017320,1445481,0,0,B,93500,100,1308942,1445478,
000061.SZ,000061,20251209,93017320,1445482,0,0,B,93500,100,1310184,1445478,
000061.SZ,000061,20251209,93017320,1445483,0,0,B,93500,100,1340449,1445478,
000061.SZ,000061,20251209,93017320,1445484,0,0,B,93500,100,1362038,1445478,
000061.SZ,000061,20251209,93017320,1445485,0,0,B,93500,100,1369024,1445478,
000061.SZ,000061,20251209,93017320,1445486,0,0,B,93500,100,1381386,1445478,
000061.SZ,000061,20251209,93017320,1445487,0,0,B,93500,100,1396436,1445478,
000061.SZ,000061,20251209,93017320,1445488,0,0,B,93500,200,1436257,1445478,
000061.SZ,000061,20251209,93017320,1445489,0,0,B,93500,100,1437414,1445478,
000061.SZ,000061,20251209,93017320,1445490,0,0,B,93500,300,1444562,1445478,
000061.SZ,000061,20251209,93017650,1449382,C,0, ,0,700,0,1313095,
000061.SZ,000061,20251209,93017680,1449756,0,0,S,93500,200,1449755,1445478,
000061.SZ,000061,20251209,93017860,1451596,0,0,S,93500,200,1451595,1445478,
000061.SZ,000061,20251209,93018240,1457636,C,0, ,0,100,0,927142,
000061.SZ,000061,20251209,93018300,1458613,C,0, ,0,200,0,936788,
000061.SZ,000061,20251209,93018350,1459353,C,0, ,0,100,0,1021561,
000061.SZ,000061,20251209,93019980,1488610,0,0,S,93500,100,1488609,1445478,
000061.SZ,000061,20251209,93020660,1497350,0,0,B,93600,1500,700451,1497349,
000061.SZ,000061,20251209,93020960,1500704,C,0, ,0,5000,15124,0,
000061.SZ,000061,20251209,93021040,1501613,C,0, ,0,11500,0,861774,
000061.SZ,000061,20251209,93021150,1503169,0,0,S,93500,100,1503168,1445478,
000061.SZ,000061,20251209,93022290,1526123,C,0, ,0,100,0,1465408,
000061.SZ,000061,20251209,93022290,1526126,C,0, ,0,100,0,1465409,
000061.SZ,000061,20251209,93023890,1547598,0,0,B,93600,700,700451,1547597,
000061.SZ,000061,20251209,93024210,1551471,C,0, ,0,100,0,1301215,
000061.SZ,000061,20251209,93024600,1559135,C,0, ,0,2400,0,515542,
000061.SZ,000061,20251209,93024700,1562108,C,0, ,0,1100,0,435593,
000061.SZ,000061,20251209,93025310,1571952,C,0, ,0,1000,0,1501498,
000061.SZ,000061,20251209,93025860,1581301,C,0, ,0,200,1518594,0,
000061.SZ,000061,20251209,93026010,1582875,0,0,B,93600,100,700451,1582874,
000061.SZ,000061,20251209,93026100,1584039,C,0, ,0,100,0,408388,
000061.SZ,000061,20251209,93027290,1597231,0,0,S,93500,1900,1597230,1445478,
000061.SZ,000061,20251209,93027290,1597233,0,0,S,93500,14700,1597232,1445478,
000061.SZ,000061,20251209,93027290,1597235,0,0,S,93500,1400,1597234,1445478,
000061.SZ,000061,20251209,93027290,1597237,0,0,S,93500,800,1597236,1445478,
000061.SZ,000061,20251209,93027290,1597239,0,0,S,93500,3400,1597238,1445478,
000061.SZ,000061,20251209,93027290,1597241,0,0,S,93500,2200,1597240,1445478,
000061.SZ,000061,20251209,93027290,1597246,0,0,S,93500,1300,1597245,1445478,
000061.SZ,000061,20251209,93027300,1597560,0,0,S,93500,200,1597559,1445478,
000061.SZ,000061,20251209,93027300,1597592,0,0,S,93500,3000,1597591,1445478,
000061.SZ,000061,20251209,93027300,1597594,0,0,S,93500,1700,1597593,1445478,
000061.SZ,000061,20251209,93027300,1597596,0,0,S,93500,2900,1597595,1445478,
000061.SZ,000061,20251209,93027300,1597600,0,0,S,93500,3500,1597599,1445478,
000061.SZ,000061,20251209,93027300,1597603,0,0,S,93500,5100,1597602,1445478,
000061.SZ,000061,20251209,93027390,1600831,0,0,S,93500,600,1600830,1445478,
000061.SZ,000061,20251209,93027390,1600835,0,0,S,93500,1100,1600834,1445478,
000061.SZ,000061,20251209,93027390,1600837,0,0,S,93500,1700,1600836,1445478,
000061.SZ,000061,20251209,93027390,1600840,0,0,S,93500,300,1600839,1445478,
000061.SZ,000061,20251209,93028310,1615417,0,0,B,93600,1100,700451,1615416,
000061.SZ,000061,20251209,93028310,1615418,0,0,B,93600,200,992081,1615416,
000061.SZ,000061,20251209,93028310,1615419,0,0,B,93600,200,1045947,1615416,
000061.SZ,000061,20251209,93028310,1615420,0,0,B,93600,600,1066189,1615416,
000061.SZ,000061,20251209,93028320,1615777,0,0,B,93600,1000,1066189,1615776,
000061.SZ,000061,20251209,93028460,1618443,C,0, ,0,1200,0,346837,
000061.SZ,000061,20251209,93029260,1630567,C,0, ,0,500,1492042,0,
000061.SZ,000061,20251209,93029910,1639048,C,0, ,0,200,1581874,0,
000061.SZ,000061,20251209,93030140,1642363,0,0,B,93600,300,1066189,1642362,
000061.SZ,000061,20251209,93030260,1644331,0,0,S,93500,1300,1644330,1445478,
000061.SZ,000061,20251209,93030260,1644332,0,0,S,93500,100,1644330,1455174,
000061.SZ,000061,20251209,93030260,1644333,0,0,S,93500,1000,1644330,1551472,
000061.SZ,000061,20251209,93030260,1644334,0,0,S,93500,1000,1644330,1551483,
000061.SZ,000061,20251209,93030260,1644335,0,0,S,93500,500,1644330,1552772,
000061.SZ,000061,20251209,93030270,1644542,0,0,B,93500,200,1644343,1644541,
000061.SZ,000061,20251209,93030270,1644543,0,0,B,93500,200,1644436,1644541,
000061.SZ,000061,20251209,93030270,1644544,0,0,B,93500,900,1644438,1644541,
000061.SZ,000061,20251209,93030270,1644545,0,0,B,93500,500,1644442,1644541,
000061.SZ,000061,20251209,93030270,1644546,0,0,B,93500,100,1644445,1644541,
000061.SZ,000061,20251209,93030280,1644646,0,0,S,93500,300,1644645,1644541,
000061.SZ,000061,20251209,93030290,1645065,0,0,S,93500,500,1645064,1644541,
000061.SZ,000061,20251209,93030490,1649741,0,0,B,93600,100,1066189,1649740,
000061.SZ,000061,20251209,93030490,1649742,0,0,B,93600,2000,1205212,1649740,
000061.SZ,000061,20251209,93030490,1649743,0,0,B,93600,100,1371384,1649740,
000061.SZ,000061,20251209,93030490,1649744,0,0,B,93600,100,1440646,1649740,
000061.SZ,000061,20251209,93030490,1649745,0,0,B,93600,100,1444105,1649740,
000061.SZ,000061,20251209,93030490,1649746,0,0,B,93600,100,1448162,1649740,
000061.SZ,000061,20251209,93030490,1649747,0,0,B,93600,100,1449311,1649740,
000061.SZ,000061,20251209,93030490,1649748,0,0,B,93600,200,1486801,1649740,
000061.SZ,000061,20251209,93030490,1649749,0,0,B,93600,100,1518149,1649740,
000061.SZ,000061,20251209,93030490,1649750,0,0,B,93600,1100,1551310,1649740,
000061.SZ,000061,20251209,93030490,1649751,0,0,B,93600,2900,1572171,1649740,
000061.SZ,000061,20251209,93030490,1649752,0,0,B,93600,1500,1588751,1649740,
000061.SZ,000061,20251209,93030490,1649753,0,0,B,93600,500,1592910,1649740,
000061.SZ,000061,20251209,93030490,1649754,0,0,B,93600,100,1597562,1649740,
000061.SZ,000061,20251209,93030490,1649755,0,0,B,93600,2100,1608311,1649740,
000061.SZ,000061,20251209,93031040,1659796,C,0, ,0,500,1095963,0,
000061.SZ,000061,20251209,93031060,1660161,0,0,S,93500,100,1660160,1651422,
000061.SZ,000061,20251209,93031060,1660162,0,0,S,93500,100,1660160,1651868,
000061.SZ,000061,20251209,93031610,1670847,C,0, ,0,300,1483612,0,
000061.SZ,000061,20251209,93031700,1672013,C,0, ,0,5000,1212403,0,
000061.SZ,000061,20251209,93032030,1676983,0,0,B,93500,1800,1660160,1676982,
000061.SZ,000061,20251209,93032030,1676984,0,0,B,93600,2900,1608311,1676982,
000061.SZ,000061,20251209,93032030,1676985,0,0,B,93600,200,1631177,1676982,
000061.SZ,000061,20251209,93032030,1676986,0,0,B,93600,600,1644431,1676982,
000061.SZ,000061,20251209,93032030,1676987,0,0,B,93600,100,1671796,1676982,
000061.SZ,000061,20251209,93032100,1677804,0,0,S,93600,5000,1677803,1676982,
000061.SZ,000061,20251209,93032320,1680718,C,0, ,0,300,1631203,0,
000061.SZ,000061,20251209,93032370,1681329,0,0,S,93600,200,1681328,1676982,
000061.SZ,000061,20251209,93033100,1689776,0,0,S,93600,1000,1689775,1676982,
000061.SZ,000061,20251209,93033240,1692001,C,0, ,0,4000,0,1403852,
000061.SZ,000061,20251209,93033240,1692003,C,0, ,0,2700,0,1403824,
000061.SZ,000061,20251209,93033250,1692025,C,0, ,0,2600,0,1403948,
000061.SZ,000061,20251209,93033250,1692081,C,0, ,0,1900,0,1404066,
000061.SZ,000061,20251209,93033260,1692275,C,0, ,0,600,0,1306269,
000061.SZ,000061,20251209,93033370,1694378,0,0,S,93600,3300,1694377,1676982,
000061.SZ,000061,20251209,93033370,1694379,0,0,S,93600,3200,1694377,1678463,
000061.SZ,000061,20251209,93033370,1694380,0,0,S,93600,100,1694377,1691415,
000061.SZ,000061,20251209,93033370,1694381,0,0,S,93600,200,1694377,1691494,
000061.SZ,000061,20251209,93033370,1694382,0,0,S,93600,100,1694377,1691515,
000061.SZ,000061,20251209,93033370,1694383,0,0,S,93600,200,1694377,1692839,
000061.SZ,000061,20251209,93033370,1694384,0,0,S,93600,700,1694377,1692894,
000061.SZ,000061,20251209,93033370,1694385,0,0,S,93600,700,1694377,1693587,
000061.SZ,000061,20251209,93033380,1694458,0,0,B,93500,1500,1694377,1694457,
000061.SZ,000061,20251209,93033570,1698214,0,0,S,93600,500,1698213,1697882,
000061.SZ,000061,20251209,93034740,1718891,C,0, ,0,800,0,345595,
000061.SZ,000061,20251209,93035230,1726474,0,0,S,93600,100,1726473,1697882,
000061.SZ,000061,20251209,93035240,1726675,0,0,S,93600,100,1726674,1697882,
000061.SZ,000061,20251209,93035240,1726701,0,0,S,93600,100,1726700,1697882,
000061.SZ,000061,20251209,93035260,1726928,0,0,S,93600,100,1726927,1697882,
000061.SZ,000061,20251209,93035280,1727336,0,0,S,93600,100,1727335,1697882,
000061.SZ,000061,20251209,93035580,1731884,0,0,S,93600,100,1731883,1697882,
000061.SZ,000061,20251209,93035580,1731886,0,0,S,93600,100,1731885,1697882,
000061.SZ,000061,20251209,93035580,1731892,0,0,S,93600,100,1731891,1697882,
000061.SZ,000061,20251209,93035820,1734987,0,0,S,93600,100,1734986,1697882,
000061.SZ,000061,20251209,93036230,1741279,0,0,S,93600,100,1741278,1697882,
000061.SZ,000061,20251209,93036260,1741774,C,0, ,0,1000,0,1233562,
000061.SZ,000061,20251209,93036340,1743798,0,0,S,93600,200,1743797,1697882,
000061.SZ,000061,20251209,93036340,1743800,0,0,S,93600,600,1743799,1697882,
000061.SZ,000061,20251209,93036970,1758317,0,0,S,93600,100,1758316,1723838,
000061.SZ,000061,20251209,93036980,1758338,0,0,S,93600,100,1758337,1723838,
000061.SZ,000061,20251209,93036980,1758357,0,0,S,93600,100,1758356,1723838,
000061.SZ,000061,20251209,93036980,1758385,0,0,S,93600,100,1758384,1733045,
000061.SZ,000061,20251209,93036980,1758493,C,0, ,0,300,0,439572,
000061.SZ,000061,20251209,93037250,1764474,0,0,B,93700,500,294086,1764473,
000061.SZ,000061,20251209,93037250,1764475,0,0,B,93700,16000,352053,1764473,
000061.SZ,000061,20251209,93037250,1764476,0,0,B,93700,2000,1207472,1764473,
000061.SZ,000061,20251209,93037250,1764477,0,0,B,93700,7000,1246476,1764473,
000061.SZ,000061,20251209,93037250,1764478,0,0,B,93700,100,1476561,1764473,
000061.SZ,000061,20251209,93037250,1764479,0,0,B,93700,100,1487660,1764473,
000061.SZ,000061,20251209,93037250,1764480,0,0,B,93700,100,1509095,1764473,
000061.SZ,000061,20251209,93037250,1764481,0,0,B,93700,100,1515312,1764473,
000061.SZ,000061,20251209,93037250,1764482,0,0,B,93700,100,1518917,1764473,
000061.SZ,000061,20251209,93037250,1764483,0,0,B,93700,200,1519818,1764473,
000061.SZ,000061,20251209,93037250,1764484,0,0,B,93700,1600,1549219,1764473,
000061.SZ,000061,20251209,93037250,1764485,0,0,B,93700,100,1551186,1764473,
000061.SZ,000061,20251209,93037250,1764486,0,0,B,93700,100,1563414,1764473,
000061.SZ,000061,20251209,93037250,1764487,0,0,B,93700,100,1583426,1764473,
000061.SZ,000061,20251209,93037250,1764488,0,0,B,93700,200,1590302,1764473,
000061.SZ,000061,20251209,93037250,1764489,0,0,B,93700,100,1592144,1764473,
000061.SZ,000061,20251209,93037250,1764490,0,0,B,93700,100,1596235,1764473,
000061.SZ,000061,20251209,93037250,1764491,0,0,B,93700,100,1607205,1764473,
000061.SZ,000061,20251209,93037250,1764492,0,0,B,93700,200,1639707,1764473,
000061.SZ,000061,20251209,93037250,1764493,0,0,B,93700,200,1658943,1764473,
000061.SZ,000061,20251209,93037250,1764494,0,0,B,93700,100,1669894,1764473,
000061.SZ,000061,20251209,93037250,1764495,0,0,B,93700,400,1675679,1764473,
000061.SZ,000061,20251209,93037250,1764496,0,0,B,93700,100,1681346,1764473,
000061.SZ,000061,20251209,93038620,1786025,0,0,S,93600,900,1786024,1733045,
000061.SZ,000061,20251209,93039150,1794883,0,0,B,93700,200,1764536,1794882,
000061.SZ,000061,20251209,93039150,1794884,0,0,B,93700,100,1764632,1794882,
000061.SZ,000061,20251209,93039150,1795022,0,0,B,93700,100,1777326,1795021,
000061.SZ,000061,20251209,93039170,1795363,C,0, ,0,200,0,1741793,
000061.SZ,000061,20251209,93039230,1797351,C,0, ,0,600,0,1101267,
000061.SZ,000061,20251209,93039250,1798261,C,0, ,0,1000,0,1122432,
000061.SZ,000061,20251209,93040490,1824565,0,0,B,93800,1000,258216,1824564,
000061.SZ,000061,20251209,93040490,1824566,0,0,B,93800,2000,258336,1824564,
000061.SZ,000061,20251209,93040490,1824567,0,0,B,93800,2000,811818,1824564,
000061.SZ,000061,20251209,93041490,1842150,0,0,B,93800,4700,811818,1842149,
000061.SZ,000061,20251209,93041490,1842151,0,0,B,93800,900,914898,1842149,
000061.SZ,000061,20251209,93041490,1842152,0,0,B,93800,1000,934599,1842149,
000061.SZ,000061,20251209,93041490,1842153,0,0,B,93800,800,1183194,1842149,
000061.SZ,000061,20251209,93041490,1842154,0,0,B,93800,100,1714872,1842149,
000061.SZ,000061,20251209,93041490,1842155,0,0,B,93800,200,1813502,1842149,
000061.SZ,000061,20251209,93041490,1842156,0,0,B,93900,400,137430,1842149,
000061.SZ,000061,20251209,93041490,1842258,0,0,B,93900,600,137430,1842257,
000061.SZ,000061,20251209,93041530,1842916,0,0,S,93700,100,1842915,1841360,
000061.SZ,000061,20251209,93041540,1843059,0,0,S,93600,100,1843058,1733045,
000061.SZ,000061,20251209,93042180,1854575,0,0,B,93900,1000,137430,1854574,
000061.SZ,000061,20251209,93042180,1854580,0,0,B,93900,400,137430,1854579,
000061.SZ,000061,20251209,93042180,1854585,0,0,B,93900,1700,137430,1854584,
000061.SZ,000061,20251209,93042230,1855961,C,0, ,0,4000,0,1694462,
000061.SZ,000061,20251209,93042230,1856008,C,0, ,0,1200,0,1694457,
000061.SZ,000061,20251209,93042230,1856023,C,0, ,0,2600,0,1694459,
000061.SZ,000061,20251209,93042240,1856110,C,0, ,0,1900,0,1694576,
000061.SZ,000061,20251209,93042490,1861949,C,0, ,0,600,0,1695610,
000061.SZ,000061,20251209,93042560,1863368,0,0,S,93800,3200,1863367,1848791,
000061.SZ,000061,20251209,93042580,1863789,0,0,S,93800,700,1863788,1848791,
000061.SZ,000061,20251209,93042600,1864543,0,0,S,93800,1000,1864542,1848791,
000061.SZ,000061,20251209,93042600,1864825,0,0,S,93800,900,1864824,1848791,
000061.SZ,000061,20251209,93042930,1870998,C,0, ,0,1900,0,1848791,
000061.SZ,000061,20251209,93042990,1871902,0,0,S,93800,100,1871901,1856215,
000061.SZ,000061,20251209,93042990,1871903,0,0,S,93800,100,1871901,1859181,
000061.SZ,000061,20251209,93042990,1871904,0,0,S,93800,1000,1871901,1859301,
000061.SZ,000061,20251209,93043120,1874232,0,0,S,93800,100,1874231,1859301,
000061.SZ,000061,20251209,93043130,1874288,0,0,B,93900,100,137430,1874287,
000061.SZ,000061,20251209,93045150,1915480,0,0,B,93900,400,137430,1915479,
000061.SZ,000061,20251209,93045150,1915482,0,0,B,93900,1600,137430,1915481,
000061.SZ,000061,20251209,93045440,1921803,0,0,B,93900,100,137430,1921802,
000061.SZ,000061,20251209,93045660,1926218,C,0, ,0,300,0,1380136,
000061.SZ,000061,20251209,93045690,1926809,0,0,S,93800,200,1926808,1859301,
000061.SZ,000061,20251209,93047210,1953418,0,0,B,93900,2100,137430,1953417,
000061.SZ,000061,20251209,93047410,1956151,0,0,S,93800,2700,1956150,1859301,
000061.SZ,000061,20251209,93047410,1956152,0,0,S,93800,1200,1956150,1859333,
000061.SZ,000061,20251209,93047410,1956153,0,0,S,93800,400,1956150,1859349,
000061.SZ,000061,20251209,93048150,1966063,0,0,B,93900,400,137430,1966062,
000061.SZ,000061,20251209,93048150,1966067,0,0,B,93900,400,137430,1966066,
000061.SZ,000061,20251209,93048290,1968299,C,0, ,0,400,0,1704989,
000061.SZ,000061,20251209,93048530,1972219,0,0,B,93900,100,137430,1972218,
000061.SZ,000061,20251209,93049380,1986037,C,0, ,0,4200,0,535095,
000061.SZ,000061,20251209,93049400,1986347,0,0,S,93800,2200,1986346,1859349,
000061.SZ,000061,20251209,93049400,1986348,0,0,S,93800,1900,1986346,1859583,
000061.SZ,000061,20251209,93049400,1986349,0,0,S,93800,500,1986346,1861255,
000061.SZ,000061,20251209,93049400,1986350,0,0,S,93800,300,1986346,1870603,
000061.SZ,000061,20251209,93049400,1986351,0,0,S,93800,500,1986346,1870619,
000061.SZ,000061,20251209,93049400,1986352,0,0,S,93800,300,1986346,1870620,
000061.SZ,000061,20251209,93049400,1986353,0,0,S,93800,300,1986346,1870628,
000061.SZ,000061,20251209,93050600,2003798,C,0, ,0,100,0,1402570,
000061.SZ,000061,20251209,93050670,2004649,0,0,S,93700,100,2004648,1848720,
000061.SZ,000061,20251209,93050670,2004650,0,0,S,93700,100,2004648,1848733,
000061.SZ,000061,20251209,93050670,2004651,0,0,S,93700,400,2004648,1849000,
000061.SZ,000061,20251209,93050670,2004652,0,0,S,93700,600,2004648,1873173,
000061.SZ,000061,20251209,93050670,2004653,0,0,S,93700,1000,2004648,2004560,
000061.SZ,000061,20251209,93050700,2005094,C,0, ,0,400,1984695,0,
000061.SZ,000061,20251209,93051180,2010959,C,0, ,0,100,0,1795020,
000061.SZ,000061,20251209,93051680,2019129,0,0,B,93800,100,2005785,2019128,
000061.SZ,000061,20251209,93052160,2025508,C,0, ,0,300,2005785,0,
000061.SZ,000061,20251209,93052750,2034491,0,0,B,93800,100,2010961,2034490,
000061.SZ,000061,20251209,93052760,2034607,0,0,S,93800,2900,2034606,2034490,
000061.SZ,000061,20251209,93053380,2042048,C,0, ,0,400,2035116,0,
000061.SZ,000061,20251209,93053610,2044699,0,0,B,93800,400,2034649,2044698,
000061.SZ,000061,20251209,93053700,2045852,C,0, ,0,4100,1002715,0,
000061.SZ,000061,20251209,93054400,2055992,C,0, ,0,700,1963444,0,
000061.SZ,000061,20251209,93054580,2059018,0,0,B,93800,100,2034649,2059017,
000061.SZ,000061,20251209,93055540,2074062,C,0, ,0,200,0,2004587,
000061.SZ,000061,20251209,93055540,2074149,0,0,B,93800,2400,2034649,2074148,
000061.SZ,000061,20251209,93055540,2074150,0,0,B,93800,400,2042742,2074148,
000061.SZ,000061,20251209,93055540,2074151,0,0,B,93800,100,2055505,2074148,
000061.SZ,000061,20251209,93055540,2074152,0,0,B,93800,100,2072517,2074148,
000061.SZ,000061,20251209,93055540,2074153,0,0,B,93900,2000,137430,2074148,
000061.SZ,000061,20251209,93057200,2094273,C,0, ,0,100,0,2051673,
000061.SZ,000061,20251209,93057670,2101222,0,0,B,93800,100,2088942,2101221,
000061.SZ,000061,20251209,93058470,2111838,0,0,S,93700,100,2111837,2004775,
000061.SZ,000061,20251209,93058470,2111839,0,0,S,93700,100,2111837,2051728,
000061.SZ,000061,20251209,93058660,2114433,C,0, ,0,17300,0,534157,
000061.SZ,000061,20251209,93059370,2122932,0,0,S,93700,2000,2122931,2122832,
000061.SZ,000061,20251209,93100330,2136056,0,0,B,93800,400,2088942,2136055,
000061.SZ,000061,20251209,93100550,2140600,0,0,B,93800,400,2088942,2140599,
000061.SZ,000061,20251209,93102380,2173835,C,0, ,0,9100,2088942,0,
000061.SZ,000061,20251209,93104890,2213343,0,0,S,93600,100,2213342,1733045,
000061.SZ,000061,20251209,93106010,2227868,0,0,B,93700,200,2213137,2227867,
000061.SZ,000061,20251209,93106200,2230693,C,0, ,0,3000,0,786668,
000061.SZ,000061,20251209,93107130,2246475,C,0, ,0,600,0,1189674,
000061.SZ,000061,20251209,93107630,2255219,0,0,S,93600,400,2255218,1733045,
000061.SZ,000061,20251209,93107630,2255220,0,0,S,93600,200,2255218,1752079,
000061.SZ,000061,20251209,93107630,2255221,0,0,S,93600,200,2255218,1795610,
000061.SZ,000061,20251209,93107630,2255222,0,0,S,93600,100,2255218,1796836,
000061.SZ,000061,20251209,93108290,2264126,0,0,S,93600,1300,2264125,1796836,
000061.SZ,000061,20251209,93110160,2289467,0,0,B,93700,1300,2213137,2289466,
000061.SZ,000061,20251209,93110160,2289468,0,0,B,93700,1700,2265888,2289466,
000061.SZ,000061,20251209,93111480,2309600,C,0, ,0,500,0,1464766,
000061.SZ,000061,20251209,93111490,2309748,C,0, ,0,200,0,2115641,
000061.SZ,000061,20251209,93112070,2317307,0,0,B,93700,300,2265888,2317306,
000061.SZ,000061,20251209,93112070,2317308,0,0,B,93700,200,2281964,2317306,
000061.SZ,000061,20251209,93112080,2317486,0,0,S,93700,300,2317485,2317306,
000061.SZ,000061,20251209,93112690,2328210,C,0, ,0,400,2318092,0,
000061.SZ,000061,20251209,93113460,2340635,0,0,S,93600,1200,2340634,1796836,
000061.SZ,000061,20251209,93113460,2340636,0,0,S,93600,500,2340634,1798668,
000061.SZ,000061,20251209,93113460,2340637,0,0,S,93600,500,2340634,1800666,
000061.SZ,000061,20251209,93113460,2340638,0,0,S,93600,100,2340634,1829345,
000061.SZ,000061,20251209,93113460,2340639,0,0,S,93600,2600,2340634,1842670,
000061.SZ,000061,20251209,93113460,2340640,0,0,S,93600,100,2340634,1851996,
000061.SZ,000061,20251209,93113630,2343310,0,0,S,93600,300,2343309,1851996,
000061.SZ,000061,20251209,93113820,2345760,0,0,B,93700,700,2317485,2345759,
000061.SZ,000061,20251209,93113820,2345761,0,0,B,93800,1000,2115377,2345759,
000061.SZ,000061,20251209,93113820,2345762,0,0,B,93800,700,2166775,2345759,
000061.SZ,000061,20251209,93113820,2345763,0,0,B,93800,2000,2168185,2345759,
000061.SZ,000061,20251209,93113820,2345764,0,0,B,93800,100,2168221,2345759,
000061.SZ,000061,20251209,93113820,2345765,0,0,B,93800,600,2234426,2345759,
000061.SZ,000061,20251209,93113820,2345766,0,0,B,93800,2300,2263853,2345759,
000061.SZ,000061,20251209,93113820,2345767,0,0,B,93800,100,2281832,2345759,
000061.SZ,000061,20251209,93113820,2345768,0,0,B,93800,400,2299827,2345759,
000061.SZ,000061,20251209,93113820,2345769,0,0,B,93900,2800,137430,2345759,
000061.SZ,000061,20251209,93114400,2352832,C,0, ,0,500,2346197,0,
000061.SZ,000061,20251209,93115230,2361780,0,0,S,93700,100,2361779,2361177,
000061.SZ,000061,20251209,93115230,2361781,0,0,S,93700,100,2361779,2361195,
000061.SZ,000061,20251209,93115820,2370477,0,0,S,93600,1200,2370476,1851996,
000061.SZ,000061,20251209,93115980,2372378,C,0, ,0,100,0,2177976,
000061.SZ,000061,20251209,93116870,2384398,C,0, ,0,800,761990,0,
000061.SZ,000061,20251209,93120620,2431592,C,0, ,0,200,0,2400721,
000061.SZ,000061,20251209,93121150,2437723,C,0, ,0,100,0,2361216,
000061.SZ,000061,20251209,93122970,2462326,0,0,S,93600,300,2462325,1851996,
000061.SZ,000061,20251209,93122970,2462327,0,0,S,93600,200,2462325,1884008,
000061.SZ,000061,20251209,93122970,2462328,0,0,S,93600,100,2462325,1885508,
000061.SZ,000061,20251209,93123380,2467609,0,0,B,93700,300,2361779,2467608,
000061.SZ,000061,20251209,93123380,2467646,0,0,S,93800,700,2467645,2467608,
000061.SZ,000061,20251209,93123440,2468209,C,0, ,0,3000,0,1014306,
000061.SZ,000061,20251209,93124090,2475871,0,0,S,93600,400,2475870,1885508,
000061.SZ,000061,20251209,93124090,2475872,0,0,S,93600,4100,2475870,2346813,
000061.SZ,000061,20251209,93124090,2475873,0,0,S,93600,1000,2475870,2365320,
000061.SZ,000061,20251209,93124090,2475874,0,0,S,93600,500,2475870,2384092,
000061.SZ,000061,20251209,93124090,2475875,0,0,S,93600,700,2475870,2431451,
000061.SZ,000061,20251209,93124090,2475876,0,0,S,93600,1000,2475870,2434558,
000061.SZ,000061,20251209,93124090,2475877,0,0,S,93600,100,2475870,2437647,
000061.SZ,000061,20251209,93124090,2475878,0,0,S,93600,200,2475870,2456965,
000061.SZ,000061,20251209,93124390,2480096,0,0,B,93600,1100,2475870,2480095,
000061.SZ,000061,20251209,93125540,2497587,0,0,B,93600,100,2475870,2497586,
000061.SZ,000061,20251209,93125880,2502161,C,0, ,0,700,2467649,0,
000061.SZ,000061,20251209,93126220,2506526,0,0,B,93600,800,2475870,2506525,
000061.SZ,000061,20251209,93127630,2525146,C,0, ,0,5000,1974979,0,
000061.SZ,000061,20251209,93128860,2542853,0,0,S,93700,100,2542852,2536304,
000061.SZ,000061,20251209,93130220,2557953,C,0, ,0,100,0,2477801,
000061.SZ,000061,20251209,93135800,2625666,C,0, ,0,800,117656,0,
000061.SZ,000061,20251209,93136800,2638542,0,0,S,93700,700,2638541,2536304,
000061.SZ,000061,20251209,93136800,2638543,0,0,S,93700,200,2638541,2599437,
000061.SZ,000061,20251209,93136800,2638544,0,0,S,93700,800,2638541,2612953,
000061.SZ,000061,20251209,93136800,2638545,0,0,S,93700,200,2638541,2623917,
000061.SZ,000061,20251209,93136800,2638546,0,0,S,93700,600,2638541,2630062,
000061.SZ,000061,20251209,93137790,2651846,0,0,B,93700,400,2638541,2651845,
000061.SZ,000061,20251209,93141550,2699196,C,0, ,0,1000,0,708810,
000061.SZ,000061,20251209,93142990,2719372,0,0,B,93700,2000,2638541,2719371,
000061.SZ,000061,20251209,93144550,2742253,C,0, ,0,500,0,409761,
000061.SZ,000061,20251209,93147010,2777578,0,0,B,93700,100,2638541,2777577,
000061.SZ,000061,20251209,93147010,2777579,0,0,B,93700,200,2643284,2777577,
000061.SZ,000061,20251209,93147010,2777580,0,0,B,93700,400,2726348,2777577,
000061.SZ,000061,20251209,93147010,2777581,0,0,B,93700,1000,2744332,2777577,
000061.SZ,000061,20251209,93147010,2777582,0,0,B,93700,1000,2753710,2777577,
000061.SZ,000061,20251209,93147010,2777583,0,0,B,93800,1000,2467662,2777577,
000061.SZ,000061,20251209,93147010,2777584,0,0,B,93800,1000,2467672,2777577,
000061.SZ,000061,20251209,93147010,2777585,0,0,B,93800,2100,2544945,2777577,
000061.SZ,000061,20251209,93147010,2777586,0,0,B,93800,10000,2564235,2777577,
000061.SZ,000061,20251209,93147010,2777587,0,0,B,93800,3200,2623682,2777577,
000061.SZ,000061,20251209,93148280,2792604,0,0,B,93800,1900,2623682,2792603,
000061.SZ,000061,20251209,93149470,2809247,C,0, ,0,500,0,492236,
000061.SZ,000061,20251209,93151160,2828897,0,0,S,93700,5000,2828896,2817896,
000061.SZ,000061,20251209,93151160,2828898,0,0,S,93700,200,2828896,2823828,
000061.SZ,000061,20251209,93151160,2828899,0,0,S,93700,200,2828896,2827474,
000061.SZ,000061,20251209,93151160,2828900,0,0,S,93600,200,2828896,2506525,
000061.SZ,000061,20251209,93151160,2828901,0,0,S,93600,100,2828896,2537738,
000061.SZ,000061,20251209,93151160,2828902,0,0,S,93600,2000,2828896,2546901,
000061.SZ,000061,20251209,93151160,2828903,0,0,S,93600,500,2828896,2559544,
000061.SZ,000061,20251209,93151160,2828904,0,0,S,93600,200,2828896,2739014,
000061.SZ,000061,20251209,93151160,2828905,0,0,S,93600,100,2828896,2792990,
000061.SZ,000061,20251209,93151160,2828906,0,0,S,93600,1000,2828896,2816298,
000061.SZ,000061,20251209,93151170,2828968,0,0,B,93600,200,2828896,2828967,
000061.SZ,000061,20251209,93151170,2829002,0,0,B,93600,300,2828896,2829001,
000061.SZ,000061,20251209,93152280,2843543,C,0, ,0,500,0,2829105,
000061.SZ,000061,20251209,93152340,2844397,C,0, ,0,1000,1623979,0,
000061.SZ,000061,20251209,93152500,2846829,0,0,S,93700,300,2846828,2830155,
000061.SZ,000061,20251209,93152500,2846830,0,0,S,93700,700,2846828,2832072,
000061.SZ,000061,20251209,93152500,2846831,0,0,S,93700,300,2846828,2832083,
000061.SZ,000061,20251209,93152500,2846832,0,0,S,93700,100,2846828,2838596,
000061.SZ,000061,20251209,93152500,2846833,0,0,S,93700,200,2846828,2839364,
000061.SZ,000061,20251209,93152500,2846834,0,0,S,93700,200,2846828,2840433,
000061.SZ,000061,20251209,93152500,2846835,0,0,S,93600,600,2846828,2829001,
000061.SZ,000061,20251209,93152500,2846836,0,0,S,93600,100,2846828,2829023,
000061.SZ,000061,20251209,93152510,2846950,0,0,B,93600,2500,2846828,2846949,
000061.SZ,000061,20251209,93154180,2866075,0,0,B,93800,1500,2623682,2866074,
000061.SZ,000061,20251209,93154300,2867718,0,0,S,93700,600,2867717,2852670,
000061.SZ,000061,20251209,93159190,2926454,C,0, ,0,2900,0,973047,
000061.SZ,000061,20251209,93200040,2935468,0,0,S,93700,500,2935467,2857156,
000061.SZ,000061,20251209,93200040,2935469,0,0,S,93700,300,2935467,2861500,
000061.SZ,000061,20251209,93200040,2935470,0,0,S,93700,200,2935467,2867757,
000061.SZ,000061,20251209,93200040,2935471,0,0,S,93700,400,2935467,2870177,
000061.SZ,000061,20251209,93200040,2935472,0,0,S,93700,400,2935467,2892324,
000061.SZ,000061,20251209,93200040,2935473,0,0,S,93700,2000,2935467,2897122,
000061.SZ,000061,20251209,93200170,2937305,0,0,B,93800,600,2623682,2937304,
000061.SZ,000061,20251209,93200440,2941280,C,0, ,0,600,2914820,0,
000061.SZ,000061,20251209,93200490,2942211,0,0,B,93700,1000,2940723,2942210,
000061.SZ,000061,20251209,93200490,2942276,0,0,B,93700,300,2940723,2942275,
000061.SZ,000061,20251209,93200490,2942277,0,0,B,93800,300,2623682,2942275,
000061.SZ,000061,20251209,93200490,2942278,0,0,B,93800,500,2670732,2942275,
000061.SZ,000061,20251209,93200490,2942295,0,0,B,93800,1400,2670732,2942294,
000061.SZ,000061,20251209,93200490,2942308,0,0,B,93800,100,2670732,2942307,
000061.SZ,000061,20251209,93200490,2942309,0,0,B,93800,1500,2752162,2942307,
000061.SZ,000061,20251209,93200550,2943730,0,0,B,93800,600,2752162,2943729,
000061.SZ,000061,20251209,93200590,2944455,0,0,B,93800,700,2752162,2944454,
000061.SZ,000061,20251209,93200590,2944458,0,0,B,93800,100,2752162,2944457,
000061.SZ,000061,20251209,93200590,2944464,0,0,B,93800,900,2752162,2944463,
000061.SZ,000061,20251209,93200600,2944486,0,0,B,93800,1000,2752162,2944485,
000061.SZ,000061,20251209,93200600,2944675,0,0,B,93800,100,2752162,2944674,
000061.SZ,000061,20251209,93200600,2944743,0,0,B,93800,100,2752162,2944742,
000061.SZ,000061,20251209,93200610,2944763,0,0,B,93800,400,2752162,2944762,
000061.SZ,000061,20251209,93200610,2944780,0,0,B,93800,100,2752162,2944779,
000061.SZ,000061,20251209,93200610,2944836,0,0,B,93800,900,2752162,2944835,
000061.SZ,000061,20251209,93200610,2944925,0,0,B,93800,700,2752162,2944924,
000061.SZ,000061,20251209,93200620,2945150,0,0,B,93800,2900,2752162,2945149,
000061.SZ,000061,20251209,93200640,2945470,0,0,B,93800,100,2829540,2945469,
000061.SZ,000061,20251209,93200650,2945625,0,0,B,93800,100,2829540,2945624,
000061.SZ,000061,20251209,93200650,2945634,0,0,B,93800,200,2829540,2945633,
000061.SZ,000061,20251209,93200650,2945635,0,0,B,93800,200,2843361,2945633,
000061.SZ,000061,20251209,93200650,2945636,0,0,B,93800,2200,2874883,2945633,
000061.SZ,000061,20251209,93200650,2945686,0,0,B,93800,900,2874883,2945685,
000061.SZ,000061,20251209,93200650,2945729,0,0,B,93800,200,2874883,2945728,
000061.SZ,000061,20251209,93200660,2945841,0,0,B,93800,600,2874883,2945840,
000061.SZ,000061,20251209,93200660,2945879,0,0,B,93800,100,2874883,2945878,
000061.SZ,000061,20251209,93200660,2945929,0,0,B,93800,200,2874883,2945928,
000061.SZ,000061,20251209,93200670,2946022,0,0,B,93800,100,2874883,2946021,
000061.SZ,000061,20251209,93200670,2946082,0,0,B,93800,500,2874883,2946081,
000061.SZ,000061,20251209,93200670,2946172,0,0,B,93800,200,2874883,2946171,
000061.SZ,000061,20251209,93200680,2946203,0,0,B,93800,100,2885569,2946202,
000061.SZ,000061,20251209,93200680,2946248,0,0,B,93800,2000,2904233,2946247,
000061.SZ,000061,20251209,93200680,2946249,0,0,B,93900,1700,137430,2946247,
000061.SZ,000061,20251209,93200690,2946418,0,0,B,93900,400,137430,2946417,
000061.SZ,000061,20251209,93200690,2946573,0,0,B,93900,200,137430,2946572,
000061.SZ,000061,20251209,93200700,2946693,0,0,B,93900,600,137430,2946692,
000061.SZ,000061,20251209,93200700,2946785,0,0,B,93900,200,137430,2946784,
000061.SZ,000061,20251209,93200700,2946845,0,0,B,93900,200,137430,2946844,
000061.SZ,000061,20251209,93200710,2946910,0,0,B,93900,200,137430,2946909,
000061.SZ,000061,20251209,93200710,2946936,0,0,B,93900,100,137430,2946935,
000061.SZ,000061,20251209,93200710,2946953,0,0,B,93900,100,137430,2946952,
000061.SZ,000061,20251209,93200710,2947013,0,0,B,93900,100,137430,2947012,
000061.SZ,000061,20251209,93200710,2947038,0,0,B,93900,200,137430,2947037,
000061.SZ,000061,20251209,93200720,2947193,0,0,B,93900,200,137430,2947192,
000061.SZ,000061,20251209,93200720,2947274,0,0,B,93900,400,137430,2947273,
000061.SZ,000061,20251209,93200720,2947286,0,0,B,93900,200,137430,2947285,
000061.SZ,000061,20251209,93200720,2947335,0,0,B,93900,1100,137430,2947334,
000061.SZ,000061,20251209,93200720,2947347,0,0,B,93900,400,137430,2947346,
000061.SZ,000061,20251209,93200730,2947379,0,0,B,93900,200,137430,2947378,
000061.SZ,000061,20251209,93200730,2947580,0,0,B,93900,300,137430,2947579,
000061.SZ,000061,20251209,93200740,2947645,0,0,B,93900,200,137430,2947644,
000061.SZ,000061,20251209,93200760,2948085,C,0, ,0,100,0,2846968,
000061.SZ,000061,20251209,93200770,2948478,0,0,B,93900,200,137430,2948477,
000061.SZ,000061,20251209,93200790,2948742,0,0,B,93900,200,137430,2948741,
000061.SZ,000061,20251209,93200790,2948817,C,0, ,0,100,0,2828970,
000061.SZ,000061,20251209,93200810,2949107,0,0,B,93900,200,137430,2949106,
000061.SZ,000061,20251209,93202020,2965733,C,0, ,0,600,2501902,0,
000061.SZ,000061,20251209,93203180,2979439,0,0,B,93900,200,137430,2979438,
000061.SZ,000061,20251209,93203180,2979440,0,0,B,93900,1000,739831,2979438,
000061.SZ,000061,20251209,93203180,2979441,0,0,B,93900,1400,785083,2979438,
000061.SZ,000061,20251209,93203190,2979593,0,0,B,93900,600,785083,2979592,
000061.SZ,000061,20251209,93203190,2979595,0,0,B,93900,300,785083,2979594,
000061.SZ,000061,20251209,93203200,2979689,0,0,B,93900,100,785083,2979688,
000061.SZ,000061,20251209,93203230,2980021,0,0,S,93800,100,2980020,2979498,
000061.SZ,000061,20251209,93203310,2981061,0,0,B,93800,400,2980020,2981060,
000061.SZ,000061,20251209,93203520,2983742,0,0,S,93800,300,2983741,2982094,
000061.SZ,000061,20251209,93203520,2983826,C,0, ,0,100,0,2948424,
000061.SZ,000061,20251209,93203550,2984143,0,0,S,93800,1000,2984142,2982094,
000061.SZ,000061,20251209,93204650,2999708,C,0, ,0,1200,2228722,0,
000061.SZ,000061,20251209,93204670,2999854,C,0, ,0,100,0,2949020,
000061.SZ,000061,20251209,93205530,3010215,C,0, ,0,4000,2403802,0,
000061.SZ,000061,20251209,93205540,3010367,C,0, ,0,100,0,2984211,
000061.SZ,000061,20251209,93206150,3017345,0,0,B,93900,100,785083,3017344,
000061.SZ,000061,20251209,93206160,3017447,0,0,B,93900,500,785083,3017446,
000061.SZ,000061,20251209,93207110,3029940,C,0, ,0,2800,0,1685418,
000061.SZ,000061,20251209,93207600,3036252,C,0, ,0,26200,0,2948545,
000061.SZ,000061,20251209,93208140,3042808,0,0,B,93900,3400,785083,3042807,
000061.SZ,000061,20251209,93208840,3050259,0,0,B,93900,3600,785083,3050258,
000061.SZ,000061,20251209,93208840,3050260,0,0,B,93900,9600,1072859,3050258,
000061.SZ,000061,20251209,93208850,3050298,0,0,B,93900,1000,1072859,3050297,
000061.SZ,000061,20251209,93209190,3054217,0,0,B,93900,1600,1072859,3054216,
000061.SZ,000061,20251209,93209200,3054386,0,0,B,93900,100,1072859,3054385,
000061.SZ,000061,20251209,93209790,3061567,0,0,S,93800,1000,3061566,2984168,
000061.SZ,000061,20251209,93209790,3061568,0,0,S,93800,1800,3061566,2984188,
000061.SZ,000061,20251209,93209790,3061569,0,0,S,93800,2000,3061566,2984201,
000061.SZ,000061,20251209,93209790,3061570,0,0,S,93800,1200,3061566,2984206,
000061.SZ,000061,20251209,93209790,3061571,0,0,S,93800,800,3061566,2984641,
000061.SZ,000061,20251209,93209790,3061572,0,0,S,93800,100,3061566,3000031,
000061.SZ,000061,20251209,93209790,3061573,0,0,S,93800,100,3061566,3010401,
000061.SZ,000061,20251209,93209790,3061574,0,0,S,93700,600,3061566,2981870,
000061.SZ,000061,20251209,93209790,3061575,0,0,S,93700,500,3061566,3001679,
000061.SZ,000061,20251209,93209800,3061662,0,0,B,93700,2500,3061566,3061661,
000061.SZ,000061,20251209,93209800,3061666,0,0,B,93700,500,3061566,3061665,
000061.SZ,000061,20251209,93209800,3061668,0,0,B,93700,9900,3061566,3061667,
000061.SZ,000061,20251209,93209990,3063689,0,0,B,93900,500,1072859,3063688,
000061.SZ,000061,20251209,93210090,3064943,C,0, ,0,600,0,2258884,
000061.SZ,000061,20251209,93210170,3065717,0,0,B,93900,200,1072859,3065716,
000061.SZ,000061,20251209,93210180,3065734,C,0, ,0,600,2987772,0,
000061.SZ,000061,20251209,93210810,3073953,C,0, ,0,100,0,3061681,
000061.SZ,000061,20251209,93210850,3074435,0,0,S,93800,1000,3074434,3062272,
000061.SZ,000061,20251209,93210880,3074822,C,0, ,0,3200,0,3061685,
000061.SZ,000061,20251209,93211320,3080097,C,0, ,0,12900,0,3061672,
000061.SZ,000061,20251209,93211320,3080132,C,0, ,0,2100,0,3061692,
000061.SZ,000061,20251209,93211320,3080140,C,0, ,0,1000,0,3061735,
000061.SZ,000061,20251209,93211450,3081450,C,0, ,0,3000,0,3061667,
000061.SZ,000061,20251209,93211910,3085857,C,0, ,0,9000,0,3061679,
000061.SZ,000061,20251209,93211910,3085858,C,0, ,0,1000,0,3061689,
000061.SZ,000061,20251209,93212170,3088994,0,0,B,93900,2200,1072859,3088993,
000061.SZ,000061,20251209,93212180,3089008,0,0,B,93900,100,1072859,3089007,
000061.SZ,000061,20251209,93212340,3091288,C,0, ,0,2400,398383,0,
000061.SZ,000061,20251209,93213650,3113415,0,0,S,93800,5000,3113414,3062272,
000061.SZ,000061,20251209,93213670,3113747,C,0, ,0,5900,0,3061669,
000061.SZ,000061,20251209,93213670,3113755,C,0, ,0,700,0,3061676,
000061.SZ,000061,20251209,93213750,3114967,C,0, ,0,800,3088989,0,
000061.SZ,000061,20251209,93213810,3116296,0,0,S,93800,800,3116295,3062272,
000061.SZ,000061,20251209,93214690,3130273,0,0,S,93800,300,3130272,3062272,
000061.SZ,000061,20251209,93215180,3137009,0,0,B,93900,700,1072859,3137008,
000061.SZ,000061,20251209,93216420,3157074,0,0,S,93800,900,3157073,3062272,
000061.SZ,000061,20251209,93217110,3169305,0,0,S,93800,100,3169304,3062272,
000061.SZ,000061,20251209,93217120,3169419,C,0, ,0,100,0,2947500,
000061.SZ,000061,20251209,93222950,3241207,0,0,B,93900,3000,1072859,3241206,
000061.SZ,000061,20251209,93223040,3242221,0,0,B,93900,1700,1072859,3242220,
000061.SZ,000061,20251209,93223070,3242573,0,0,B,93900,29300,1072859,3242572,
000061.SZ,000061,20251209,93223070,3242574,0,0,B,93900,10000,1508188,3242572,
000061.SZ,000061,20251209,93223070,3242575,0,0,B,93900,100,1928020,3242572,
000061.SZ,000061,20251209,93223070,3242576,0,0,B,93900,500,2019979,3242572,
000061.SZ,000061,20251209,93223070,3242577,0,0,B,93900,1000,2222226,3242572,
000061.SZ,000061,20251209,93223070,3242578,0,0,B,93900,1000,2432114,3242572,
000061.SZ,000061,20251209,93223070,3242579,0,0,B,93900,2200,2433572,3242572,
000061.SZ,000061,20251209,93223070,3242580,0,0,B,93900,3000,2435896,3242572,
000061.SZ,000061,20251209,93223070,3242581,0,0,B,93900,400,2438770,3242572,
000061.SZ,000061,20251209,93223070,3242582,0,0,B,93900,800,2510985,3242572,
000061.SZ,000061,20251209,93223070,3242583,0,0,B,93900,1000,2626260,3242572,
000061.SZ,000061,20251209,93223070,3242584,0,0,B,93900,1900,2723639,3242572,
000061.SZ,000061,20251209,93223070,3242585,0,0,B,93900,100,3001074,3242572,
000061.SZ,000061,20251209,93223070,3242586,0,0,B,93900,200,3006781,3242572,
000061.SZ,000061,20251209,93223070,3242587,0,0,B,93900,700,3073939,3242572,
000061.SZ,000061,20251209,93223070,3242588,0,0,B,93900,300,3090081,3242572,
000061.SZ,000061,20251209,93223070,3242589,0,0,B,93900,100,3126865,3242572,
000061.SZ,000061,20251209,93223070,3242590,0,0,B,93900,700,3207852,3242572,
000061.SZ,000061,20251209,93223070,3242681,0,0,B,93900,1300,3207852,3242680,
000061.SZ,000061,20251209,93223130,3243386,C,0, ,0,2500,0,2846958,
000061.SZ,000061,20251209,93223630,3249555,0,0,S,93900,100,3249554,3243230,
000061.SZ,000061,20251209,93223750,3250682,0,0,S,93800,100,3250681,3073522,
000061.SZ,000061,20251209,93223920,3252674,0,0,B,93900,100,3249554,3252673,
000061.SZ,000061,20251209,93224030,3253998,0,0,B,94000,400,258221,3253997,
000061.SZ,000061,20251209,93224040,3254125,0,0,B,94000,600,258221,3254124,
000061.SZ,000061,20251209,93224040,3254126,0,0,B,94000,2000,258341,3254124,
000061.SZ,000061,20251209,93224040,3254127,0,0,B,94000,3300,709024,3254124,
000061.SZ,000061,20251209,93224040,3254128,0,0,B,94000,100,1181031,3254124,
000061.SZ,000061,20251209,93224040,3254129,0,0,B,94000,8400,1270208,3254124,
000061.SZ,000061,20251209,93224150,3255327,0,0,B,94000,100,1270208,3255326,
000061.SZ,000061,20251209,93224160,3255434,0,0,B,94000,6800,1270208,3255433,
000061.SZ,000061,20251209,93224160,3255496,0,0,B,94000,100,1270208,3255495,
000061.SZ,000061,20251209,93224160,3255498,0,0,B,94000,200,1270208,3255497,
000061.SZ,000061,20251209,93224160,3255500,0,0,B,94000,900,1270208,3255499,
000061.SZ,000061,20251209,93224160,3255502,0,0,B,94000,500,1270208,3255501,
000061.SZ,000061,20251209,93224170,3255512,0,0,B,94000,200,1270208,3255511,
000061.SZ,000061,20251209,93224170,3255532,0,0,B,94000,200,1270208,3255531,
000061.SZ,000061,20251209,93224170,3255552,0,0,B,94000,300,1270208,3255551,
000061.SZ,000061,20251209,93224280,3256682,C,0, ,0,300,0,2493861,
000061.SZ,000061,20251209,93224510,3260114,0,0,S,93900,5000,3260113,3253460,
000061.SZ,000061,20251209,93224600,3261296,0,0,S,93900,400,3261295,3253460,
000061.SZ,000061,20251209,93224650,3262262,C,0, ,0,200,0,2511631,
000061.SZ,000061,20251209,93224730,3263359,0,0,S,93900,1400,3263358,3253460,
000061.SZ,000061,20251209,93225720,3277136,0,0,B,94000,100,1270208,3277135,
000061.SZ,000061,20251209,93225990,3280299,0,0,B,94000,1900,1270208,3280298,
000061.SZ,000061,20251209,93226000,3280371,0,0,B,94000,1000,1270208,3280370,
000061.SZ,000061,20251209,93226020,3280809,0,0,B,94000,3200,1270208,3280808,
000061.SZ,000061,20251209,93226050,3281061,0,0,B,94000,700,1270208,3281060,
000061.SZ,000061,20251209,93226060,3281238,C,0, ,0,500,0,1233401,
000061.SZ,000061,20251209,93226080,3281546,0,0,B,94000,400,1270208,3281545,
000061.SZ,000061,20251209,93226600,3287363,0,0,B,94000,1200,1270208,3287362,
000061.SZ,000061,20251209,93226600,3287364,0,0,B,94000,100,1858466,3287362,
000061.SZ,000061,20251209,93226600,3287365,0,0,B,94000,400,2160750,3287362,
000061.SZ,000061,20251209,93226600,3287366,0,0,B,94000,200,2211677,3287362,
000061.SZ,000061,20251209,93226630,3287780,0,0,B,94000,1000,2211677,3287779,
000061.SZ,000061,20251209,93226630,3287781,0,0,B,94000,6700,2257281,3287779,
000061.SZ,000061,20251209,93226640,3287844,0,0,B,94000,13300,2257281,3287843,
000061.SZ,000061,20251209,93226640,3287845,0,0,B,94000,1100,2909148,3287843,
000061.SZ,000061,20251209,93226760,3289152,C,0, ,0,300,0,1647022,
000061.SZ,000061,20251209,93226760,3289160,C,0, ,0,2600,0,1647038,
000061.SZ,000061,20251209,93226770,3289226,C,0, ,0,300,0,1647504,
000061.SZ,000061,20251209,93226820,3289819,C,0, ,0,9800,0,3061752,
000061.SZ,000061,20251209,93227180,3294273,0,0,B,94000,4300,2909148,3294272,
000061.SZ,000061,20251209,93227180,3294284,0,0,B,94000,100,2909148,3294283,
000061.SZ,000061,20251209,93227840,3302681,C,0, ,0,2800,0,3201956,
000061.SZ,000061,20251209,93229540,3322966,0,0,S,93900,1100,3322965,3253460,
000061.SZ,000061,20251209,93230140,3329640,0,0,B,94000,1500,2909148,3329639,
000061.SZ,000061,20251209,93230210,3330509,0,0,B,94000,1200,2909148,3330508,
000061.SZ,000061,20251209,93230210,3330517,0,0,B,94000,600,2909148,3330516,
000061.SZ,000061,20251209,93230270,3331030,0,0,B,94000,100,2909148,3331029,
000061.SZ,000061,20251209,93231700,3350068,0,0,B,94000,500,2909148,3350067,
000061.SZ,000061,20251209,93231700,3350083,0,0,B,94000,200,2909148,3350082,
000061.SZ,000061,20251209,93232750,3362130,0,0,B,94000,300,2909148,3362129,
000061.SZ,000061,20251209,93233390,3369185,C,0, ,0,4000,2830036,0,
000061.SZ,000061,20251209,93234390,3382240,0,0,B,94000,100,2909148,3382239,
000061.SZ,000061,20251209,93234390,3382241,0,0,B,94000,100,3006687,3382239,
000061.SZ,000061,20251209,93234390,3382242,0,0,B,94000,600,3255506,3382239,
000061.SZ,000061,20251209,93234390,3382243,0,0,B,94000,2000,3289600,3382239,
000061.SZ,000061,20251209,93234390,3382244,0,0,B,94000,200,3297026,3382239,
000061.SZ,000061,20251209,93234390,3382245,0,0,B,94100,2400,1232875,3382239,
000061.SZ,000061,20251209,93234390,3382246,0,0,B,94100,1100,2003522,3382239,
000061.SZ,000061,20251209,93234390,3382247,0,0,B,94100,100,2926267,3382239,
000061.SZ,000061,20251209,93234760,3386935,0,0,S,94000,4900,3386934,3382784,
000061.SZ,000061,20251209,93234760,3386936,0,0,S,93900,100,3386934,3253460,
000061.SZ,000061,20251209,93234930,3388917,C,0, ,0,8000,0,27125,
000061.SZ,000061,20251209,93235070,3390578,0,0,S,93900,3500,3390577,3253460,
000061.SZ,000061,20251209,93235070,3390579,0,0,S,93900,300,3390577,3270441,
000061.SZ,000061,20251209,93235070,3390580,0,0,S,93900,200,3390577,3276169,
000061.SZ,000061,20251209,93235070,3390581,0,0,S,93900,1000,3390577,3290103,
000061.SZ,000061,20251209,93235620,3396745,C,0, ,0,4900,2926267,0,
000061.SZ,000061,20251209,93236160,3402496,0,0,B,94100,100,3204690,3402495,
000061.SZ,000061,20251209,93236160,3402497,0,0,B,94100,100,3330535,3402495,
000061.SZ,000061,20251209,93236160,3402498,0,0,B,94100,1500,3335868,3402495,
000061.SZ,000061,20251209,93237120,3415479,0,0,B,94100,500,3335868,3415478,
000061.SZ,000061,20251209,93237120,3415480,0,0,B,94200,300,258222,3415478,
000061.SZ,000061,20251209,93238160,3427499,0,0,B,94200,700,258222,3427498,
000061.SZ,000061,20251209,93238160,3427500,0,0,B,94200,2000,258360,3427498,
000061.SZ,000061,20251209,93238160,3427501,0,0,B,94200,1800,272957,3427498,
000061.SZ,000061,20251209,93238160,3427502,0,0,B,94200,2100,873114,3427498,
000061.SZ,000061,20251209,93238990,3436119,0,0,B,94200,9800,873114,3436118,
000061.SZ,000061,20251209,93239020,3436435,0,0,S,94100,3200,3436434,3425471,
000061.SZ,000061,20251209,93239020,3436436,0,0,S,94000,1700,3436434,3416931,
000061.SZ,000061,20251209,93239150,3437846,C,0, ,0,300,0,2846957,
000061.SZ,000061,20251209,93239150,3437847,C,0, ,0,100,0,2846955,
000061.SZ,000061,20251209,93239150,3437851,C,0, ,0,200,0,3061675,
000061.SZ,000061,20251209,93239150,3437864,0,0,B,94200,200,873114,3437863,
000061.SZ,000061,20251209,93239180,3438163,0,0,B,94200,2100,873114,3438162,
000061.SZ,000061,20251209,93240790,3458115,0,0,B,94100,500,3452457,3458114,
000061.SZ,000061,20251209,93240880,3458988,0,0,B,94100,1400,3452457,3458987,
000061.SZ,000061,20251209,93240880,3459048,0,0,B,94100,100,3452457,3459047,
000061.SZ,000061,20251209,93241750,3468500,0,0,B,94200,5800,873114,3468499,
000061.SZ,000061,20251209,93241750,3468501,0,0,B,94200,500,952032,3468499,
000061.SZ,000061,20251209,93241750,3468502,0,0,B,94200,26200,995504,3468499,
000061.SZ,000061,20251209,93241750,3468532,0,0,B,94200,2400,995504,3468531,
000061.SZ,000061,20251209,93241820,3469109,0,0,B,94200,500,995504,3469108,
000061.SZ,000061,20251209,93241820,3469110,C,0, ,0,500,0,3416931,
000061.SZ,000061,20251209,93242100,3472020,0,0,B,94200,1800,995504,3472019,
000061.SZ,000061,20251209,93242150,3472573,0,0,B,94200,600,995504,3472572,
000061.SZ,000061,20251209,93242160,3472690,0,0,B,94200,3800,995504,3472689,
000061.SZ,000061,20251209,93242210,3473143,C,0, ,0,200,0,3436538,
000061.SZ,000061,20251209,93242220,3473216,0,0,B,94200,100,995504,3473215,
000061.SZ,000061,20251209,93242220,3473219,0,0,B,94200,300,995504,3473218,
000061.SZ,000061,20251209,93242220,3473223,0,0,B,94200,100,995504,3473222,
000061.SZ,000061,20251209,93242220,3473225,0,0,B,94200,100,995504,3473224,
000061.SZ,000061,20251209,93242220,3473248,0,0,B,94200,100,995504,3473247,
000061.SZ,000061,20251209,93242220,3473260,0,0,B,94200,2400,995504,3473259,
000061.SZ,000061,20251209,93242220,3473262,0,0,B,94200,600,995504,3473261,
000061.SZ,000061,20251209,93242220,3473264,0,0,B,94200,200,995504,3473263,
000061.SZ,000061,20251209,93242220,3473266,0,0,B,94200,100,995504,3473265,
000061.SZ,000061,20251209,93242220,3473268,0,0,B,94200,100,995504,3473267,
000061.SZ,000061,20251209,93242220,3473271,0,0,B,94200,100,995504,3473270,
000061.SZ,000061,20251209,93242220,3473279,0,0,B,94200,500,995504,3473278,
000061.SZ,000061,20251209,93242220,3473281,0,0,B,94200,1200,995504,3473280,
000061.SZ,000061,20251209,93242220,3473288,0,0,B,94200,100,995504,3473287,
000061.SZ,000061,20251209,93242220,3473290,0,0,B,94200,200,995504,3473289,
000061.SZ,000061,20251209,93242220,3473292,0,0,B,94200,500,995504,3473291,
000061.SZ,000061,20251209,93242220,3473311,0,0,B,94200,100,995504,3473310,
000061.SZ,000061,20251209,93242230,3473329,0,0,B,94200,300,995504,3473328,
000061.SZ,000061,20251209,93242230,3473387,C,0, ,0,100,0,3331004,
000061.SZ,000061,20251209,93242240,3473457,0,0,B,94200,2000,995504,3473456,
000061.SZ,000061,20251209,93242240,3473537,0,0,B,94200,100,995504,3473536,
000061.SZ,000061,20251209,93242250,3473573,0,0,B,94200,200,995504,3473572,
000061.SZ,000061,20251209,93242260,3473697,0,0,B,94200,100,995504,3473696,
000061.SZ,000061,20251209,93242260,3473708,0,0,B,94200,400,995504,3473707,
000061.SZ,000061,20251209,93242260,3473731,0,0,B,94200,100,995504,3473730,
000061.SZ,000061,20251209,93242260,3473743,0,0,B,94200,700,995504,3473742,
000061.SZ,000061,20251209,93242260,3473747,0,0,B,94200,1200,995504,3473746,
000061.SZ,000061,20251209,93242280,3474115,0,0,B,94200,100,995504,3474114,
000061.SZ,000061,20251209,93242300,3474535,0,0,B,94200,100,995504,3474534,
000061.SZ,000061,20251209,93242310,3474590,0,0,B,94200,2600,995504,3474589,
000061.SZ,000061,20251209,93242310,3474591,0,0,B,94200,1000,2065277,3474589,
000061.SZ,000061,20251209,93242310,3474663,0,0,B,94200,1200,2065277,3474662,
000061.SZ,000061,20251209,93242310,3474664,0,0,B,94200,200,2314104,3474662,
000061.SZ,000061,20251209,93242310,3474665,0,0,B,94200,100,2360987,3474662,
000061.SZ,000061,20251209,93242310,3474666,0,0,B,94200,1100,2456711,3474662,
000061.SZ,000061,20251209,93242310,3474667,0,0,B,94200,700,3160132,3474662,
000061.SZ,000061,20251209,93242310,3474713,0,0,B,94200,300,3160132,3474712,
000061.SZ,000061,20251209,93242400,3475610,C,0, ,0,1000,0,3167221,
000061.SZ,000061,20251209,93243120,3483847,C,0, ,0,1500,0,3468533,
000061.SZ,000061,20251209,93243200,3484576,0,0,B,94300,500,87716,3484575,
000061.SZ,000061,20251209,93243200,3484577,0,0,B,94300,100,87777,3484575,
000061.SZ,000061,20251209,93243200,3484578,0,0,B,94300,500,1877845,3484575,
000061.SZ,000061,20251209,93243200,3484579,0,0,B,94300,100,3232949,3484575,
000061.SZ,000061,20251209,93245100,3504619,0,0,S,94200,1000,3504618,3474712,
000061.SZ,000061,20251209,93245220,3505783,0,0,B,94400,1000,258225,3505782,
000061.SZ,000061,20251209,93245220,3505784,0,0,B,94400,1300,258368,3505782,
000061.SZ,000061,20251209,93245280,3506304,0,0,B,94400,700,258368,3506303,
000061.SZ,000061,20251209,93245280,3506305,0,0,B,94400,300,967488,3506303,
000061.SZ,000061,20251209,93245330,3506846,C,0, ,0,700,0,3293516,
000061.SZ,000061,20251209,93245700,3511670,0,0,S,94200,700,3511669,3474712,
000061.SZ,000061,20251209,93245700,3511671,0,0,S,94200,100,3511669,3476921,
000061.SZ,000061,20251209,93245700,3511672,0,0,S,94200,100,3511669,3483736,
000061.SZ,000061,20251209,93246840,3523634,C,0, ,0,1000,0,3425349,
000061.SZ,000061,20251209,93247660,3530843,0,0,S,94200,1300,3530842,3483736,
000061.SZ,000061,20251209,93247660,3530844,0,0,S,94200,900,3530842,3494089,
000061.SZ,000061,20251209,93247660,3530845,0,0,S,94100,1100,3530842,3459047,
000061.SZ,000061,20251209,93247660,3530846,0,0,S,94100,600,3530842,3461127,
000061.SZ,000061,20251209,93247660,3530847,0,0,S,94100,100,3530842,3463377,
000061.SZ,000061,20251209,93247660,3530848,0,0,S,94100,100,3530842,3470916,
000061.SZ,000061,20251209,93247660,3530849,0,0,S,94100,100,3530842,3473050,
000061.SZ,000061,20251209,93247660,3530850,0,0,S,94100,300,3530842,3473052,
000061.SZ,000061,20251209,93247660,3530851,0,0,S,94100,200,3530842,3473144,
000061.SZ,000061,20251209,93247660,3530852,0,0,S,94100,300,3530842,3474676,
000061.SZ,000061,20251209,93248170,3535675,0,0,B,94400,700,967488,3535674,
000061.SZ,000061,20251209,93248170,3535676,0,0,B,94400,100,1507618,3535674,
000061.SZ,000061,20251209,93249100,3546813,0,0,B,94400,1900,1507618,3546812,
000061.SZ,000061,20251209,93249100,3546814,0,0,B,94400,1300,3476755,3546812,
000061.SZ,000061,20251209,93249780,3554533,0,0,B,94400,1200,3476755,3554532,
000061.SZ,000061,20251209,93249780,3554534,0,0,B,94400,5000,3534891,3554532,
000061.SZ,000061,20251209,93249780,3554535,0,0,B,94400,3000,3538790,3554532,
000061.SZ,000061,20251209,93249780,3554536,0,0,B,94400,800,3544141,3554532,
000061.SZ,000061,20251209,93251250,3568621,0,0,B,94400,600,3544141,3568620,
000061.SZ,000061,20251209,93251270,3568789,0,0,B,94400,700,3544141,3568788,
000061.SZ,000061,20251209,93251270,3568790,0,0,B,94500,600,275278,3568788,
000061.SZ,000061,20251209,93251940,3577598,0,0,S,94300,1400,3577597,3533855,
000061.SZ,000061,20251209,93251940,3577599,0,0,S,94300,100,3577597,3551791,
000061.SZ,000061,20251209,93252880,3588484,0,0,S,94300,1500,3588483,3551791,
000061.SZ,000061,20251209,93253920,3597679,0,0,B,94500,1400,275278,3597678,
000061.SZ,000061,20251209,93253920,3597680,0,0,B,94500,100,278586,3597678,
000061.SZ,000061,20251209,93253920,3597681,0,0,B,94500,3500,435405,3597678,
000061.SZ,000061,20251209,93254080,3598991,C,0, ,0,500,0,3576348,
000061.SZ,000061,20251209,93254150,3599736,C,0, ,0,100,3505857,0,
000061.SZ,000061,20251209,93254170,3599961,0,0,B,94500,900,435405,3599960,
000061.SZ,000061,20251209,93254320,3601654,0,0,S,94400,600,3601653,3594936,
000061.SZ,000061,20251209,93254320,3601655,0,0,S,94400,400,3601653,3597039,
000061.SZ,000061,20251209,93255640,3615808,0,0,S,94400,600,3615807,3597039,
000061.SZ,000061,20251209,93255640,3615809,0,0,S,94400,3300,3615807,3598643,
000061.SZ,000061,20251209,93255640,3615810,0,0,S,94400,1100,3615807,3609590,
000061.SZ,000061,20251209,93255920,3618491,0,0,B,94500,2000,435405,3618490,
000061.SZ,000061,20251209,93256150,3620687,C,0, ,0,1000,0,3560951,
000061.SZ,000061,20251209,93256280,3622055,C,0, ,0,700,0,3506847,
000061.SZ,000061,20251209,93256870,3628211,C,0, ,0,5900,3154887,0,
000061.SZ,000061,20251209,93256990,3629336,C,0, ,0,3000,3171699,0,
000061.SZ,000061,20251209,93257210,3631666,0,0,B,94500,800,435405,3631665,
000061.SZ,000061,20251209,93257220,3631802,0,0,S,94400,2200,3631801,3609590,
000061.SZ,000061,20251209,93257220,3631803,0,0,S,94400,2800,3631801,3629887,
000061.SZ,000061,20251209,93257360,3633425,0,0,B,94500,100,435405,3633424,
000061.SZ,000061,20251209,93257680,3637102,C,0, ,0,3100,0,3326671,
000061.SZ,000061,20251209,93257770,3638251,C,0, ,0,100,978020,0,
000061.SZ,000061,20251209,93258110,3641817,0,0,B,94500,700,435405,3641816,
000061.SZ,000061,20251209,93259040,3651422,0,0,B,94500,1000,713476,3651421,
000061.SZ,000061,20251209,93259930,3660526,C,0, ,0,4600,0,3335942,
000061.SZ,000061,20251209,93259960,3660830,C,0, ,0,4500,0,3019525,
000061.SZ,000061,20251209,93300080,3662477,0,0,S,94400,700,3662476,3629887,
000061.SZ,000061,20251209,93300080,3662478,0,0,S,94400,7300,3662476,3657039,
000061.SZ,000061,20251209,93300080,3662479,0,0,S,94300,1700,3662476,3551791,
000061.SZ,000061,20251209,93300080,3662480,0,0,S,94300,300,3662476,3576818,
000061.SZ,000061,20251209,93300110,3662759,0,0,B,94400,100,3662686,3662758,
000061.SZ,000061,20251209,93300220,3663814,0,0,B,94400,1500,3662686,3663813,
000061.SZ,000061,20251209,93300390,3665908,0,0,B,94400,500,3662686,3665907,
000061.SZ,000061,20251209,93300590,3669255,C,0, ,0,700,0,3622057,
000061.SZ,000061,20251209,93300590,3669257,0,0,B,94400,100,3662686,3669256,
000061.SZ,000061,20251209,93300710,3671692,0,0,S,94400,200,3671691,3669256,
000061.SZ,000061,20251209,93300740,3672128,0,0,S,94400,300,3672127,3671819,
000061.SZ,000061,20251209,93300790,3672706,0,0,S,94400,300,3672705,3671846,
000061.SZ,000061,20251209,93300790,3672707,0,0,S,94400,300,3672705,3672584,
000061.SZ,000061,20251209,93300810,3672932,0,0,S,94400,500,3672931,3672596,
000061.SZ,000061,20251209,93302050,3687086,0,0,B,94500,100,713476,3687085,
000061.SZ,000061,20251209,93302250,3689158,0,0,B,94500,400,713476,3689157,
000061.SZ,000061,20251209,93302370,3690541,0,0,B,94500,500,713476,3690540,
000061.SZ,000061,20251209,93302370,3690542,0,0,B,94500,4500,879399,3690540,
000061.SZ,000061,20251209,93302370,3690590,0,0,S,94400,1000,3690589,3677886,
000061.SZ,000061,20251209,93302490,3691688,0,0,S,94400,400,3691687,3691551,
000061.SZ,000061,20251209,93303090,3697498,0,0,B,94400,4100,3692703,3697497,
000061.SZ,000061,20251209,93303180,3698632,0,0,B,94400,1400,3692703,3698631,
000061.SZ,000061,20251209,93303460,3701777,0,0,B,94400,500,3692703,3701776,
000061.SZ,000061,20251209,93304990,3720713,0,0,S,94300,100,3720712,3576818,
000061.SZ,000061,20251209,93304990,3720714,0,0,S,94300,500,3720712,3589038,
000061.SZ,000061,20251209,93305540,3727210,C,0, ,0,500,2380976,0,
000061.SZ,000061,20251209,93305690,3728651,C,0, ,0,100,0,3531682,
000061.SZ,000061,20251209,93305690,3728652,C,0, ,0,600,0,3531679,
000061.SZ,000061,20251209,93305690,3728654,C,0, ,0,400,0,3531681,
000061.SZ,000061,20251209,93305690,3728655,C,0, ,0,900,0,3531680,
000061.SZ,000061,20251209,93305690,3728660,C,0, ,0,1800,0,3531677,
000061.SZ,000061,20251209,93305690,3728661,C,0, ,0,1200,0,3531676,
000061.SZ,000061,20251209,93305950,3731226,0,0,B,94300,100,3720712,3731225,
000061.SZ,000061,20251209,93306160,3733745,0,0,B,94300,300,3720712,3733744,
000061.SZ,000061,20251209,93306530,3738571,0,0,B,94300,1000,3720712,3738570,
000061.SZ,000061,20251209,93306530,3738572,0,0,B,94300,500,3722105,3738570,
000061.SZ,000061,20251209,93308230,3758386,0,0,B,94300,200,3722105,3758385,
000061.SZ,000061,20251209,93308230,3758387,0,0,B,94300,5800,3731184,3758385,
000061.SZ,000061,20251209,93309190,3769376,0,0,B,94300,900,3731184,3769375,
000061.SZ,000061,20251209,93309220,3769753,C,0, ,0,100,0,3505858,
000061.SZ,000061,20251209,93309420,3771971,C,0, ,0,1000,1010560,0,
000061.SZ,000061,20251209,93309700,3775077,0,0,B,94300,3300,3731184,3775076,
000061.SZ,000061,20251209,93309700,3775078,0,0,B,94300,2100,3758919,3775076,
000061.SZ,000061,20251209,93309700,3775079,0,0,B,94300,2100,3759062,3775076,
000061.SZ,000061,20251209,93309700,3775080,0,0,B,94300,400,3760836,3775076,
000061.SZ,000061,20251209,93309700,3775081,0,0,B,94300,200,3768755,3775076,
000061.SZ,000061,20251209,93310610,3785515,0,0,B,94400,1300,3692703,3785514,
000061.SZ,000061,20251209,93311240,3791347,0,0,B,94400,2200,3692703,3791346,
000061.SZ,000061,20251209,93312220,3800246,0,0,B,94400,500,3692703,3800245,
000061.SZ,000061,20251209,93312220,3800247,0,0,B,94400,300,3719620,3800245,
000061.SZ,000061,20251209,93312220,3800248,0,0,B,94400,300,3747258,3800245,
000061.SZ,000061,20251209,93312230,3800285,0,0,B,94400,700,3747258,3800284,
000061.SZ,000061,20251209,93312230,3800286,0,0,B,94400,200,3756173,3800284,
000061.SZ,000061,20251209,93312260,3800642,0,0,B,94400,100,3756173,3800641,
000061.SZ,000061,20251209,93312260,3800665,0,0,B,94400,800,3756173,3800664,
000061.SZ,000061,20251209,93312260,3800667,0,0,B,94400,300,3756173,3800666,
000061.SZ,000061,20251209,93312260,3800669,0,0,B,94400,100,3756173,3800668,
000061.SZ,000061,20251209,93312260,3800671,0,0,B,94400,400,3756173,3800670,
000061.SZ,000061,20251209,93312260,3800673,0,0,B,94400,200,3756173,3800672,
000061.SZ,000061,20251209,93312260,3800685,0,0,B,94400,200,3756173,3800684,
000061.SZ,000061,20251209,93312290,3800999,0,0,B,94400,400,3756173,3800998,
000061.SZ,000061,20251209,93312310,3801225,0,0,B,94400,200,3756173,3801224,
000061.SZ,000061,20251209,93312370,3801801,0,0,B,94400,100,3756173,3801800,
000061.SZ,000061,20251209,93312370,3801802,0,0,B,94400,100,3758573,3801800,
000061.SZ,000061,20251209,93312480,3803070,0,0,B,94400,1600,3758573,3803069,
000061.SZ,000061,20251209,93312520,3803467,0,0,S,94300,1000,3803466,3775076,
000061.SZ,000061,20251209,93314120,3820444,C,0, ,0,100,0,454784,
000061.SZ,000061,20251209,93314550,3824952,C,0, ,0,2000,181415,0,
000061.SZ,000061,20251209,93315160,3830414,0,0,B,94400,100,3758573,3830413,
000061.SZ,000061,20251209,93315160,3830423,0,0,B,94400,800,3758573,3830422,
000061.SZ,000061,20251209,93315900,3838515,0,0,S,94300,500,3838514,3775076,
000061.SZ,000061,20251209,93316190,3841453,0,0,B,94400,100,3758573,3841452,
000061.SZ,000061,20251209,93316720,3847601,0,0,B,94400,600,3758573,3847600,
000061.SZ,000061,20251209,93317180,3851928,0,0,S,94300,5000,3851927,3775076,
000061.SZ,000061,20251209,93317460,3854608,0,0,S,94300,500,3854607,3775076,
000061.SZ,000061,20251209,93317770,3857345,0,0,B,94400,600,3758573,3857344,
000061.SZ,000061,20251209,93317960,3858971,0,0,S,94300,500,3858970,3775076,
000061.SZ,000061,20251209,93317980,3859140,0,0,B,94400,1100,3758573,3859139,
000061.SZ,000061,20251209,93317980,3859141,0,0,B,94400,4000,3760865,3859139,
000061.SZ,000061,20251209,93317980,3859142,0,0,B,94400,200,3797447,3859139,
000061.SZ,000061,20251209,93317980,3859143,0,0,B,94400,100,3824998,3859139,
000061.SZ,000061,20251209,93317980,3859144,0,0,B,94400,1000,3831955,3859139,
000061.SZ,000061,20251209,93317980,3859145,0,0,B,94400,100,3833939,3859139,
000061.SZ,000061,20251209,93317980,3859196,0,0,S,94400,3500,3859195,3859139,
000061.SZ,000061,20251209,93318210,3861346,0,0,B,94500,700,879399,3861345,
000061.SZ,000061,20251209,93318290,3862085,0,0,B,94500,1400,879399,3862084,
000061.SZ,000061,20251209,93319100,3870246,0,0,S,94400,700,3870245,3870210,
000061.SZ,000061,20251209,93319370,3873427,0,0,B,94500,1000,879399,3873426,
000061.SZ,000061,20251209,93319570,3875645,C,0, ,0,2500,3761962,0,
000061.SZ,000061,20251209,93319590,3875866,C,0, ,0,800,0,432377,
000061.SZ,000061,20251209,93320020,3880173,C,0, ,0,3000,0,392838,
000061.SZ,000061,20251209,93321200,3890854,0,0,B,94500,2200,879399,3890853,
000061.SZ,000061,20251209,93322700,3905889,0,0,S,94400,300,3905888,3873124,
000061.SZ,000061,20251209,93322870,3907645,0,0,B,94500,200,879399,3907644,
000061.SZ,000061,20251209,93322870,3907646,0,0,B,94500,400,978766,3907644,
000061.SZ,000061,20251209,93322870,3907647,0,0,B,94500,1200,1129534,3907644,
000061.SZ,000061,20251209,93322870,3907648,0,0,B,94500,200,1181050,3907644,
000061.SZ,000061,20251209,93322870,3907649,0,0,B,94500,3000,1590300,3907644,
000061.SZ,000061,20251209,93323060,3909281,C,0, ,0,100,0,3873124,
000061.SZ,000061,20251209,93323240,3910850,0,0,B,94500,7100,1590300,3910849,
000061.SZ,000061,20251209,93323240,3910851,0,0,B,94500,6700,2012522,3910849,
000061.SZ,000061,20251209,93323240,3910852,0,0,B,94500,4000,2379043,3910849,
000061.SZ,000061,20251209,93323240,3910853,0,0,B,94500,1200,2383344,3910849,
000061.SZ,000061,20251209,93323240,3910862,0,0,B,94500,200,2383344,3910861,
000061.SZ,000061,20251209,93323260,3911016,0,0,B,94500,28500,2383344,3911015,
000061.SZ,000061,20251209,93323260,3911017,0,0,B,94500,1000,3648388,3911015,
000061.SZ,000061,20251209,93323260,3911018,0,0,B,94500,1000,3657450,3911015,
000061.SZ,000061,20251209,93323260,3911019,0,0,B,94500,500,3660279,3911015,
000061.SZ,000061,20251209,93323260,3911020,0,0,B,94500,1000,3671422,3911015,
000061.SZ,000061,20251209,93323260,3911021,0,0,B,94500,400,3722335,3911015,
000061.SZ,000061,20251209,93323260,3911022,0,0,B,94500,200,3725555,3911015,
000061.SZ,000061,20251209,93323260,3911023,0,0,B,94500,1100,3784974,3911015,
000061.SZ,000061,20251209,93323260,3911024,0,0,B,94500,9000,3800180,3911015,
000061.SZ,000061,20251209,93323260,3911025,0,0,B,94500,2400,3852094,3911015,
000061.SZ,000061,20251209,93323270,3911057,0,0,B,94500,2700,3852094,3911056,
000061.SZ,000061,20251209,93323270,3911059,0,0,B,94500,100,3852094,3911058,
000061.SZ,000061,20251209,93323270,3911061,0,0,B,94500,2100,3852094,3911060,
000061.SZ,000061,20251209,93323270,3911063,0,0,B,94500,5700,3852094,3911062,
000061.SZ,000061,20251209,93323270,3911064,0,0,B,94500,1200,3859473,3911062,
000061.SZ,000061,20251209,93323270,3911065,0,0,B,94500,300,3886429,3911062,
000061.SZ,000061,20251209,93323270,3911070,0,0,B,94600,100,24170,3911069,
000061.SZ,000061,20251209,93323270,3911072,0,0,B,94600,1000,258231,3911071,
000061.SZ,000061,20251209,93323290,3911255,0,0,B,94600,2000,258389,3911254,
000061.SZ,000061,20251209,93323290,3911256,0,0,B,94600,3000,338797,3911254,
000061.SZ,000061,20251209,93323290,3911257,0,0,B,94600,2000,826965,3911254,
000061.SZ,000061,20251209,93323290,3911258,0,0,B,94600,6400,918804,3911254,
000061.SZ,000061,20251209,93323290,3911259,0,0,B,94600,5000,2025094,3911254,
000061.SZ,000061,20251209,93323290,3911260,0,0,B,94600,13900,2215879,3911254,
000061.SZ,000061,20251209,93323290,3911261,0,0,B,94600,2000,3228096,3911254,
000061.SZ,000061,20251209,93323290,3911262,0,0,B,94600,1200,3593821,3911254,
000061.SZ,000061,20251209,93323290,3911263,0,0,B,94600,4900,3694640,3911254,
000061.SZ,000061,20251209,93323290,3911264,0,0,B,94600,1100,3782761,3911254,
000061.SZ,000061,20251209,93323290,3911265,0,0,B,94600,100,3847005,3911254,
000061.SZ,000061,20251209,93323290,3911266,0,0,B,94600,100,3893193,3911254,
000061.SZ,000061,20251209,93323300,3911343,0,0,B,94700,2100,3594968,3911342,
000061.SZ,000061,20251209,93323300,3911389,C,0, ,0,1100,0,3803039,
000061.SZ,000061,20251209,93323310,3911429,0,0,B,94700,5900,3594968,3911428,
000061.SZ,000061,20251209,93323310,3911430,0,0,B,94700,5500,3744858,3911428,
000061.SZ,000061,20251209,93323310,3911431,0,0,B,94700,1000,3860817,3911428,
000061.SZ,000061,20251209,93323320,3911486,C,0, ,0,200,0,3809997,
000061.SZ,000061,20251209,93323330,3911561,0,0,B,94800,2000,68185,3911560,
000061.SZ,000061,20251209,93323330,3911562,0,0,B,94800,2400,70864,3911560,
000061.SZ,000061,20251209,93323330,3911564,0,0,B,94800,2600,70864,3911563,
000061.SZ,000061,20251209,93323330,3911565,0,0,B,94800,400,70867,3911563,
000061.SZ,000061,20251209,93323330,3911580,0,0,B,94800,2100,70867,3911579,
000061.SZ,000061,20251209,93323330,3911637,0,0,B,94800,200,70867,3911636,
000061.SZ,000061,20251209,93323330,3911640,0,0,B,94800,700,70867,3911639,
000061.SZ,000061,20251209,93323340,3911673,C,0, ,0,2200,0,3290103,
000061.SZ,000061,20251209,93323340,3911707,C,0, ,0,1900,0,3803147,
000061.SZ,000061,20251209,93323360,3911867,0,0,B,94800,200,70867,3911866,
000061.SZ,000061,20251209,93323380,3912022,0,0,B,94800,100,70867,3912021,
000061.SZ,000061,20251209,93323380,3912031,0,0,B,94800,700,70867,3912030,
000061.SZ,000061,20251209,93323380,3912059,0,0,B,94800,600,70867,3912058,
000061.SZ,000061,20251209,93323380,3912060,0,0,B,94800,1000,258234,3912058,
000061.SZ,000061,20251209,93323380,3912061,0,0,B,94800,1300,258395,3912058,
000061.SZ,000061,20251209,93323380,3912075,0,0,B,94800,700,258395,3912074,
000061.SZ,000061,20251209,93323380,3912076,0,0,B,94800,700,314271,3912074,
000061.SZ,000061,20251209,93323380,3912077,0,0,B,94800,400,388433,3912074,
000061.SZ,000061,20251209,93323390,3912097,0,0,B,94800,100,388433,3912096,
000061.SZ,000061,20251209,93323390,3912107,0,0,B,94800,1100,883411,3912106,
000061.SZ,000061,20251209,93323390,3912127,C,0, ,0,300,0,1926417,
000061.SZ,000061,20251209,93323390,3912145,0,0,B,94800,4900,883411,3912144,
000061.SZ,000061,20251209,93323390,3912146,0,0,B,94800,1400,1282072,3912144,
000061.SZ,000061,20251209,93323390,3912147,0,0,B,94800,200,3203886,3912144,
000061.SZ,000061,20251209,93323430,3912394,0,0,B,94800,100,3203886,3912393,
000061.SZ,000061,20251209,93323440,3912556,0,0,B,94800,100,3203886,3912555,
000061.SZ,000061,20251209,93323460,3912696,0,0,B,94800,200,3203886,3912695,
000061.SZ,000061,20251209,93323520,3913208,0,0,B,94800,400,3203886,3913207,
000061.SZ,000061,20251209,93323530,3913277,0,0,B,94800,1900,3203886,3913276,
000061.SZ,000061,20251209,93324030,3917376,0,0,S,94700,1000,3917375,3911623,
000061.SZ,000061,20251209,93324220,3919210,0,0,B,94800,2100,3203886,3919209,
000061.SZ,000061,20251209,93324220,3919211,0,0,B,94800,600,3718231,3919209,
000061.SZ,000061,20251209,93324220,3919212,0,0,B,94800,1000,3856957,3919209,
000061.SZ,000061,20251209,93324220,3919213,0,0,B,94800,500,3912454,3919209,
000061.SZ,000061,20251209,93324220,3919214,0,0,B,94800,100,3916073,3919209,
000061.SZ,000061,20251209,93324220,3919256,0,0,S,94800,600,3919255,3919209,
000061.SZ,000061,20251209,93324220,3919257,C,0, ,0,1400,0,2946660,
000061.SZ,000061,20251209,93324230,3919302,0,0,S,94800,800,3919301,3919209,
000061.SZ,000061,20251209,93324270,3919788,C,0, ,0,5600,0,3911067,
000061.SZ,000061,20251209,93324270,3919789,C,0, ,0,12100,0,3911073,
000061.SZ,000061,20251209,93324290,3920132,0,0,B,94900,3300,758931,3920131,
000061.SZ,000061,20251209,93324290,3920133,C,0, ,0,12100,0,3911178,
000061.SZ,000061,20251209,93324340,3920550,0,0,B,94900,3300,758931,3920549,
000061.SZ,000061,20251209,93324370,3920942,C,0, ,0,12100,0,3911102,
000061.SZ,000061,20251209,93324470,3921828,C,0, ,0,400,0,3911188,
000061.SZ,000061,20251209,93324480,3921891,C,0, ,0,1000,0,3911077,
000061.SZ,000061,20251209,93324870,3926305,0,0,S,94800,400,3926304,3919209,
000061.SZ,000061,20251209,93325340,3931285,C,0, ,0,14100,0,3911623,
000061.SZ,000061,20251209,93325370,3931665,C,0, ,0,1800,0,3911062,
000061.SZ,000061,20251209,93325370,3931666,C,0, ,0,2600,0,3911066,
000061.SZ,000061,20251209,93325900,3936940,C,0, ,0,400,0,3897531,
000061.SZ,000061,20251209,93326830,3945515,C,0, ,0,2400,0,3839591,
000061.SZ,000061,20251209,93327440,3951143,0,0,S,94800,9400,3951142,3919209,
000061.SZ,000061,20251209,93327440,3951144,0,0,S,94800,300,3951142,3919484,
000061.SZ,000061,20251209,93327440,3951145,0,0,S,94800,700,3951142,3919486,
000061.SZ,000061,20251209,93327440,3951146,0,0,S,94800,400,3951142,3919489,
000061.SZ,000061,20251209,93327440,3951147,0,0,S,94800,200,3951142,3919528,
000061.SZ,000061,20251209,93327440,3951148,0,0,S,94800,1500,3951142,3919539,
000061.SZ,000061,20251209,93327440,3951149,0,0,S,94800,1700,3951142,3919541,
000061.SZ,000061,20251209,93327450,3951289,0,0,S,94800,900,3951288,3919541,
000061.SZ,000061,20251209,93327450,3951291,0,0,S,94800,700,3951290,3919541,
000061.SZ,000061,20251209,93327450,3951336,0,0,S,94800,800,3951335,3919541,
000061.SZ,000061,20251209,93327450,3951337,0,0,S,94800,500,3951335,3919542,
000061.SZ,000061,20251209,93327670,3953427,0,0,B,94900,200,758931,3953426,
000061.SZ,000061,20251209,93327820,3955095,C,0, ,0,2800,0,3739277,
000061.SZ,000061,20251209,93328470,3962580,C,0, ,0,10000,0,870799,
000061.SZ,000061,20251209,93329500,3971442,C,0, ,0,3000,0,894717,
000061.SZ,000061,20251209,93330130,3977011,C,0, ,0,2200,0,3536018,
000061.SZ,000061,20251209,93330190,3977558,0,0,B,94900,100,758931,3977557,
000061.SZ,000061,20251209,93330220,3977823,C,0, ,0,100,0,3919542,
000061.SZ,000061,20251209,93330220,3977824,C,0, ,0,1300,0,3919548,
000061.SZ,000061,20251209,93330220,3977826,C,0, ,0,300,0,3919545,
000061.SZ,000061,20251209,93330220,3977832,C,0, ,0,1000,0,3919547,
000061.SZ,000061,20251209,93330220,3977834,C,0, ,0,400,0,3919546,
000061.SZ,000061,20251209,93330220,3977835,C,0, ,0,400,0,3919582,
000061.SZ,000061,20251209,93330230,3977911,0,0,S,94800,1600,3977910,3919746,
000061.SZ,000061,20251209,93330230,3977912,0,0,S,94800,100,3977910,3919887,
000061.SZ,000061,20251209,93330230,3977913,0,0,S,94800,1700,3977910,3919911,
000061.SZ,000061,20251209,93330230,3977914,0,0,S,94800,100,3977910,3919944,
000061.SZ,000061,20251209,93330230,3977915,0,0,S,94800,2500,3977910,3919956,
000061.SZ,000061,20251209,93330230,3977916,0,0,S,94800,900,3977910,3919975,
000061.SZ,000061,20251209,93330230,3977917,0,0,S,94800,300,3977910,3920527,
000061.SZ,000061,20251209,93330230,3977918,0,0,S,94800,100,3977910,3920586,
000061.SZ,000061,20251209,93330230,3977919,0,0,S,94800,200,3977910,3925974,
000061.SZ,000061,20251209,93330230,3977920,0,0,S,94800,900,3977910,3926133,
000061.SZ,000061,20251209,93330230,3977921,0,0,S,94800,100,3977910,3926405,
000061.SZ,000061,20251209,93330230,3977922,0,0,S,94800,1500,3977910,3926431,
000061.SZ,000061,20251209,93330230,3977967,0,0,S,94800,300,3977966,3926431,
000061.SZ,000061,20251209,93330230,3977969,0,0,S,94800,200,3977968,3926431,
000061.SZ,000061,20251209,93330230,3977970,0,0,S,94800,100,3977968,3926699,
000061.SZ,000061,20251209,93330230,3977971,0,0,S,94800,100,3977968,3926901,
000061.SZ,000061,20251209,93330230,3977972,0,0,S,94800,100,3977968,3926912,
000061.SZ,000061,20251209,93330230,3977973,0,0,S,94800,200,3977968,3927835,
000061.SZ,000061,20251209,93330230,3977975,0,0,S,94800,300,3977974,3933708,
000061.SZ,000061,20251209,93330230,3977976,0,0,S,94800,400,3977974,3945814,
000061.SZ,000061,20251209,93330240,3978046,C,0, ,0,2100,0,3911466,
000061.SZ,000061,20251209,93330250,3978179,C,0, ,0,73300,0,3775076,
000061.SZ,000061,20251209,93330300,3978952,0,0,B,94800,500,3977974,3978951,
000061.SZ,000061,20251209,93330630,3982351,C,0, ,0,200,0,3937544,
000061.SZ,000061,20251209,93330630,3982363,0,0,B,94800,500,3977974,3982362,
000061.SZ,000061,20251209,93330630,3982364,0,0,B,94800,500,3977979,3982362,
000061.SZ,000061,20251209,93330630,3982365,0,0,B,94800,400,3977988,3982362,
000061.SZ,000061,20251209,93330630,3982366,0,0,B,94800,1100,3977999,3982362,
000061.SZ,000061,20251209,93330760,3983511,0,0,B,94800,900,3977999,3983510,
000061.SZ,000061,20251209,93330760,3983590,0,0,S,94800,200,3983589,3983510,
000061.SZ,000061,20251209,93330780,3983727,0,0,B,94800,1000,3983589,3983726,
000061.SZ,000061,20251209,93331470,3990616,C,0, ,0,13900,2688945,0,
000061.SZ,000061,20251209,93331570,3991783,C,0, ,0,4000,0,2985118,
000061.SZ,000061,20251209,93331680,3992729,0,0,B,94800,500,3983589,3992728,
000061.SZ,000061,20251209,93331740,3993304,C,0, ,0,1000,0,3600274,
000061.SZ,000061,20251209,93331960,3995224,0,0,B,94800,400,3983589,3995223,
000061.SZ,000061,20251209,93332020,3995725,0,0,B,94800,400,3983634,3995724,
000061.SZ,000061,20251209,93332800,4002624,0,0,B,94800,500,3983634,4002623,
000061.SZ,000061,20251209,93332890,4003449,0,0,B,94800,100,3983634,4003448,
000061.SZ,000061,20251209,93333010,4004407,C,0, ,0,100,0,3859295,
000061.SZ,000061,20251209,93333010,4004408,C,0, ,0,300,0,3859296,
000061.SZ,000061,20251209,93333010,4004411,C,0, ,0,800,0,3859297,
000061.SZ,000061,20251209,93333010,4004413,C,0, ,0,100,0,3859298,
000061.SZ,000061,20251209,93333010,4004415,C,0, ,0,100,0,3859306,
000061.SZ,000061,20251209,93333010,4004421,C,0, ,0,100,0,3859322,
000061.SZ,000061,20251209,93333010,4004422,C,0, ,0,500,0,3859313,
000061.SZ,000061,20251209,93333010,4004423,C,0, ,0,300,0,3859301,
000061.SZ,000061,20251209,93333010,4004425,C,0, ,0,400,0,3859300,
000061.SZ,000061,20251209,93333010,4004426,C,0, ,0,400,0,3859302,
000061.SZ,000061,20251209,93333010,4004427,C,0, ,0,700,0,3859305,
000061.SZ,000061,20251209,93333010,4004440,C,0, ,0,700,0,3859307,
000061.SZ,000061,20251209,93333130,4005561,0,0,B,94800,800,3983634,4005560,
000061.SZ,000061,20251209,93333170,4005830,0,0,B,94800,200,3983634,4005829,
000061.SZ,000061,20251209,93333180,4005914,0,0,S,94800,700,4005913,4005829,
000061.SZ,000061,20251209,93333180,4005917,0,0,S,94800,1800,4005916,4005829,
000061.SZ,000061,20251209,93333190,4005986,0,0,S,94800,1700,4005985,4005829,
000061.SZ,000061,20251209,93333440,4008720,0,0,B,94800,300,4005985,4008719,
000061.SZ,000061,20251209,93333440,4008721,0,0,B,94800,1700,4006036,4008719,
000061.SZ,000061,20251209,93333530,4009667,0,0,B,94800,100,4006036,4009666,
000061.SZ,000061,20251209,93333530,4009668,0,0,B,94900,100,758931,4009666,
000061.SZ,000061,20251209,93333610,4010357,0,0,B,94900,800,758931,4010356,
000061.SZ,000061,20251209,93333980,4013820,0,0,B,94900,1000,758931,4013819,
000061.SZ,000061,20251209,93334250,4016594,0,0,B,94900,1000,758931,4016593,
000061.SZ,000061,20251209,93334680,4020913,0,0,B,94900,10000,758931,4020912,
000061.SZ,000061,20251209,93334770,4021758,0,0,B,94800,1600,4020928,4021757,
000061.SZ,000061,20251209,93334820,4022163,C,0, ,0,600,0,3859517,
000061.SZ,000061,20251209,93334820,4022165,C,0, ,0,100,0,3859528,
000061.SZ,000061,20251209,93334820,4022166,C,0, ,0,500,0,3859901,
000061.SZ,000061,20251209,93334820,4022167,C,0, ,0,300,0,3859523,
000061.SZ,000061,20251209,93334820,4022203,C,0, ,0,200,0,3859904,
000061.SZ,000061,20251209,93334830,4022219,0,0,B,94800,400,4020928,4022218,
000061.SZ,000061,20251209,93334870,4022599,C,0, ,0,1000,423496,0,
000061.SZ,000061,20251209,93334910,4022887,C,0, ,0,1600,0,3951102,
000061.SZ,000061,20251209,93335020,4023779,0,0,B,94800,1200,4023339,4023778,
000061.SZ,000061,20251209,93335640,4028875,0,0,B,94800,900,4028643,4028874,
000061.SZ,000061,20251209,93335690,4029285,0,0,B,94800,100,4028643,4029284,
000061.SZ,000061,20251209,93335730,4029520,0,0,B,94900,900,758931,4029519,
000061.SZ,000061,20251209,93335740,4029592,0,0,B,94900,18600,758931,4029591,
000061.SZ,000061,20251209,93335740,4029593,0,0,B,94900,20000,873187,4029591,
000061.SZ,000061,20251209,93335740,4029594,0,0,B,94900,100000,999632,4029591,
000061.SZ,000061,20251209,93335740,4029595,0,0,B,94900,500,1055183,4029591,
000061.SZ,000061,20251209,93335740,4029596,0,0,B,94900,300,3609395,4029591,
000061.SZ,000061,20251209,93335740,4029597,0,0,B,94900,200,3641771,4029591,
000061.SZ,000061,20251209,93335740,4029598,0,0,B,94900,6000,3730350,4029591,
000061.SZ,000061,20251209,93335740,4029599,0,0,B,94900,200,3758961,4029591,
000061.SZ,000061,20251209,93335740,4029600,0,0,B,94900,5700,3971121,4029591,
000061.SZ,000061,20251209,93335740,4029602,0,0,B,94900,2800,3971121,4029601,
000061.SZ,000061,20251209,93335740,4029603,0,0,B,94900,100,3977433,4029601,
000061.SZ,000061,20251209,93335740,4029604,0,0,B,94900,100,3999120,4029601,
000061.SZ,000061,20251209,93335740,4029605,0,0,B,94900,100,4018312,4029601,
000061.SZ,000061,20251209,93335770,4029878,0,0,B,95000,200,118346,4029877,
000061.SZ,000061,20251209,93335770,4029879,0,0,B,95000,400,122149,4029877,
000061.SZ,000061,20251209,93335770,4029882,0,0,B,95000,500,122149,4029881,
000061.SZ,000061,20251209,93335770,4029883,C,0, ,0,500,0,3859660,
000061.SZ,000061,20251209,93335770,4029885,0,0,B,95000,300,122149,4029884,
000061.SZ,000061,20251209,93335780,4029997,C,0, ,0,700,3983588,0,
000061.SZ,000061,20251209,93335780,4030032,0,0,B,95000,800,122149,4030031,
000061.SZ,000061,20251209,93335780,4030033,0,0,B,95000,200,174831,4030031,
000061.SZ,000061,20251209,93335790,4030089,0,0,B,95000,100,174831,4030088,
000061.SZ,000061,20251209,93335810,4030203,0,0,B,95000,1000,174831,4030202,
000061.SZ,000061,20251209,93335820,4030278,0,0,B,95000,100,174831,4030277,
000061.SZ,000061,20251209,93335820,4030279,0,0,B,95000,100,252691,4030277,
000061.SZ,000061,20251209,93335820,4030281,0,0,B,95000,100,252691,4030280,
000061.SZ,000061,20251209,93335820,4030284,0,0,B,95000,200,258251,4030283,
000061.SZ,000061,20251209,93335840,4030417,0,0,B,95000,500,258251,4030416,
000061.SZ,000061,20251209,93335880,4030741,0,0,B,95000,300,258251,4030740,
000061.SZ,000061,20251209,93335880,4030742,0,0,B,95000,700,258406,4030740,
000061.SZ,000061,20251209,93335950,4031129,C,0, ,0,3500,2011504,0,
000061.SZ,000061,20251209,93335960,4031195,0,0,B,95000,400,258406,4031194,
000061.SZ,000061,20251209,93335980,4031353,0,0,B,95000,900,258406,4031352,
000061.SZ,000061,20251209,93335980,4031354,0,0,B,95000,100,1005469,4031352,
000061.SZ,000061,20251209,93336010,4031902,0,0,B,95000,1000,1033122,4031901,
000061.SZ,000061,20251209,93336140,4033042,0,0,B,95000,2000,1033122,4033041,
000061.SZ,000061,20251209,93336140,4033043,0,0,B,95000,200,1181057,4033041,
000061.SZ,000061,20251209,93336140,4033044,0,0,B,95000,1000,3435190,4033041,
000061.SZ,000061,20251209,93336140,4033045,0,0,B,95000,900,3476456,4033041,
000061.SZ,000061,20251209,93336140,4033046,0,0,B,95000,2000,3783648,4033041,
000061.SZ,000061,20251209,93336140,4033047,0,0,B,95000,100,3819672,4033041,
000061.SZ,000061,20251209,93336140,4033048,0,0,B,95000,100,3977355,4033041,
000061.SZ,000061,20251209,93336140,4033049,0,0,B,95000,2000,3980937,4033041,
000061.SZ,000061,20251209,93336140,4033050,0,0,B,95000,1100,3993405,4033041,
000061.SZ,000061,20251209,93337060,4041701,C,0, ,0,1000,0,4029672,
000061.SZ,000061,20251209,93337630,4047867,0,0,S,95000,1000,4047866,4033590,
000061.SZ,000061,20251209,93337640,4047897,C,0, ,0,900,0,4029655,
000061.SZ,000061,20251209,93337640,4047909,C,0, ,0,2100,0,4029651,
000061.SZ,000061,20251209,93337830,4049501,C,0, ,0,4600,0,3808826,
000061.SZ,000061,20251209,93337920,4050175,0,0,B,95200,500,87717,4050174,
000061.SZ,000061,20251209,93338240,4053879,C,0, ,0,3100,0,4029654,
000061.SZ,000061,20251209,93338290,4054494,C,0, ,0,600,0,3910931,
000061.SZ,000061,20251209,93338570,4056838,C,0, ,0,300,0,3909408,
000061.SZ,000061,20251209,93338570,4056840,C,0, ,0,200,0,3909411,
000061.SZ,000061,20251209,93338930,4059629,C,0, ,0,700,0,3910078,
000061.SZ,000061,20251209,93338930,4059631,C,0, ,0,800,0,3910070,
000061.SZ,000061,20251209,93339010,4060175,0,0,B,95200,200,87717,4060174,
000061.SZ,000061,20251209,93339200,4062045,C,0, ,0,100,0,4034068,
000061.SZ,000061,20251209,93339300,4063534,0,0,S,95100,600,4063533,4054904,
000061.SZ,000061,20251209,93339300,4063535,0,0,S,95100,100,4063533,4057194,
000061.SZ,000061,20251209,93339300,4063599,0,0,B,95200,300,87717,4063598,
000061.SZ,000061,20251209,93339300,4063600,0,0,B,95200,300,231607,4063598,
000061.SZ,000061,20251209,93339300,4063601,0,0,B,95200,500,1076139,4063598,
000061.SZ,000061,20251209,93339970,4070485,0,0,B,95200,200,1076139,4070484,
000061.SZ,000061,20251209,93341270,4085313,0,0,B,95200,400,1076139,4085312,
000061.SZ,000061,20251209,93341270,4085314,0,0,B,95200,600,3621393,4085312,
000061.SZ,000061,20251209,93341360,4086273,0,0,B,95200,100,3621393,4086272,
000061.SZ,000061,20251209,93341360,4086274,0,0,B,95200,1200,4009661,4086272,
000061.SZ,000061,20251209,93341360,4086275,0,0,B,95200,500,4033547,4086272,
000061.SZ,000061,20251209,93341460,4087023,0,0,B,95200,200,4033547,4087022,
000061.SZ,000061,20251209,93341470,4087137,0,0,S,95100,200,4087136,4057194,
000061.SZ,000061,20251209,93341470,4087138,0,0,S,95100,100,4087136,4059906,
000061.SZ,000061,20251209,93341490,4087250,0,0,S,95100,700,4087249,4059906,
000061.SZ,000061,20251209,93341490,4087251,0,0,S,95100,200,4087249,4059907,
000061.SZ,000061,20251209,93342050,4092366,C,0, ,0,1000,0,3910086,
000061.SZ,000061,20251209,93342050,4092367,C,0, ,0,700,0,3910088,
000061.SZ,000061,20251209,93342060,4092484,C,0, ,0,1700,0,3910320,
000061.SZ,000061,20251209,93343280,4106137,C,0, ,0,11800,0,3918933,
000061.SZ,000061,20251209,93343620,4109906,0,0,B,95200,5200,4033547,4109905,
000061.SZ,000061,20251209,93343620,4109907,0,0,B,95200,100,4051147,4109905,
000061.SZ,000061,20251209,93343620,4109908,0,0,B,95200,5500,4092863,4109905,
000061.SZ,000061,20251209,93343620,4109909,0,0,B,95200,500,4100760,4109905,
000061.SZ,000061,20251209,93343620,4109910,0,0,B,95200,800,4107278,4109905,
000061.SZ,000061,20251209,93343630,4110014,0,0,S,95200,1900,4110013,4109905,
000061.SZ,000061,20251209,93343660,4110439,0,0,S,95200,6400,4110438,4109905,
000061.SZ,000061,20251209,93343670,4110642,0,0,S,95200,200,4110641,4109905,
000061.SZ,000061,20251209,93343940,4113497,C,0, ,0,500,0,2484195,
000061.SZ,000061,20251209,93344120,4115135,0,0,B,95200,500,4111107,4115134,
000061.SZ,000061,20251209,93344350,4117367,0,0,S,95200,600,4117366,4115134,
000061.SZ,000061,20251209,93344350,4117368,0,0,S,95100,100,4117366,4059907,
000061.SZ,000061,20251209,93344350,4117369,0,0,S,95100,100,4117366,4059908,
000061.SZ,000061,20251209,93344420,4118266,C,0, ,0,2800,0,4054223,
000061.SZ,000061,20251209,93345200,4124730,0,0,B,95300,200,1333374,4124729,
000061.SZ,000061,20251209,93345200,4124731,0,0,B,95300,3500,3930555,4124729,
000061.SZ,000061,20251209,93345200,4124732,0,0,B,95300,1200,4111156,4124729,
000061.SZ,000061,20251209,93345200,4124733,0,0,B,95300,100,4113528,4124729,
000061.SZ,000061,20251209,93345200,4124734,0,0,B,95300,100,4117438,4124729,
000061.SZ,000061,20251209,93345200,4124735,0,0,B,95300,200,4117623,4124729,
000061.SZ,000061,20251209,93345200,4124736,0,0,B,95400,100,18896,4124729,
000061.SZ,000061,20251209,93345200,4124737,0,0,B,95400,1000,258275,4124729,
000061.SZ,000061,20251209,93345200,4124738,0,0,B,95400,200,258411,4124729,
000061.SZ,000061,20251209,93345200,4124752,0,0,B,95400,1800,258411,4124751,
000061.SZ,000061,20251209,93345200,4124779,C,0, ,0,10100,0,4124751,
000061.SZ,000061,20251209,93345230,4125056,C,0, ,0,300,0,3911447,
000061.SZ,000061,20251209,93345240,4125069,0,0,B,95400,400,4124792,4125068,
000061.SZ,000061,20251209,93345240,4125070,0,0,B,95400,2100,4124794,4125068,
000061.SZ,000061,20251209,93345240,4125071,0,0,B,95400,900,4124798,4125068,
000061.SZ,000061,20251209,93345240,4125072,0,0,B,95400,200,4124957,4125068,
000061.SZ,000061,20251209,93345240,4125111,C,0, ,0,100,0,3911490,
000061.SZ,000061,20251209,93345240,4125113,0,0,S,95400,900,4125112,4125068,
000061.SZ,000061,20251209,93345260,4125322,C,0, ,0,1200,0,4125068,
000061.SZ,000061,20251209,93345260,4125343,C,0, ,0,100,0,3911740,
000061.SZ,000061,20251209,93345270,4125445,0,0,S,95200,600,4125444,4119763,
000061.SZ,000061,20251209,93345280,4125520,C,0, ,0,100,0,3911527,
000061.SZ,000061,20251209,93346560,4139658,C,0, ,0,2400,0,4032615,
000061.SZ,000061,20251209,93346710,4141300,C,0, ,0,100,0,3946603,
000061.SZ,000061,20251209,93348220,4155940,C,0, ,0,300,0,1212235,
000061.SZ,000061,20251209,93348580,4160162,0,0,S,95300,7500,4160161,4154805,
000061.SZ,000061,20251209,93348580,4160163,0,0,S,95200,2500,4160161,4119763,
000061.SZ,000061,20251209,93348660,4160949,0,0,B,95400,900,4126276,4160948,
000061.SZ,000061,20251209,93348870,4163347,C,0, ,0,400,0,4084738,
000061.SZ,000061,20251209,93348930,4163929,C,0, ,0,100,0,3783196,
000061.SZ,000061,20251209,93349980,4175141,0,0,S,95200,2200,4175140,4119763,
000061.SZ,000061,20251209,93350320,4178586,0,0,S,95200,1500,4178585,4119763,
000061.SZ,000061,20251209,93350970,4184070,0,0,B,95400,4100,4126276,4184069,
000061.SZ,000061,20251209,93350970,4184071,0,0,B,95400,500,4158830,4184069,
000061.SZ,000061,20251209,93350970,4184072,0,0,B,95400,3200,4164512,4184069,
000061.SZ,000061,20251209,93350970,4184073,0,0,B,95400,2800,4171492,4184069,
000061.SZ,000061,20251209,93350970,4184074,0,0,B,95400,400,4180192,4184069,
000061.SZ,000061,20251209,93350980,4184123,0,0,S,95400,2700,4184122,4184069,
000061.SZ,000061,20251209,93350980,4184125,0,0,S,95400,700,4184124,4184069,
