万得代码,交易所代码,自然日,时间,委托编号,交易所委托号,委托类型,委托代码,委托价格,委托数量,
000061.SZ,000061,20251209,91500050,0,1365,0,S,102600,100,
000061.SZ,000061,20251209,91500050,0,1651,0,S,102500,100,
000061.SZ,000061,20251209,91500060,0,4126,0,S,92000,27700,
000061.SZ,000061,20251209,91500070,0,8874,0,S,102500,300,
000061.SZ,000061,20251209,91500070,0,8909,0,S,99500,300,
000061.SZ,000061,20251209,91500080,0,12665,0,B,84000,600,
000061.SZ,000061,20251209,91500090,0,15124,0,S,94300,5000,
000061.SZ,000061,20251209,91500100,0,17619,0,S,93200,500,
000061.SZ,000061,20251209,91500100,0,18896,0,S,95400,100,
000061.SZ,000061,20251209,91500120,0,24170,0,S,94600,100,
000061.SZ,000061,20251209,91500120,0,24250,0,B,91300,100,
000061.SZ,000061,20251209,91500120,0,24421,0,S,96000,5000,
000061.SZ,000061,20251209,91500130,0,25995,0,S,102600,500,
000061.SZ,000061,20251209,91500130,0,27052,0,S,100300,6000,
000061.SZ,000061,20251209,91500130,0,27055,0,S,102600,6000,
000061.SZ,000061,20251209,91500130,0,27125,0,B,91000,8000,
000061.SZ,000061,20251209,91500140,0,30664,0,B,90000,200,
000061.SZ,000061,20251209,91500140,0,30848,0,B,91900,200,
000061.SZ,000061,20251209,91500140,0,31179,0,B,90900,400,
000061.SZ,000061,20251209,91500140,0,31191,0,S,100200,2000,
000061.SZ,000061,20251209,91500150,0,34031,0,S,99500,500,
000061.SZ,000061,20251209,91500150,0,35263,0,S,102600,1000,
000061.SZ,000061,20251209,91500150,0,36563,0,B,93300,200,
000061.SZ,000061,20251209,91500150,0,36639,0,S,92000,2900,
000061.SZ,000061,20251209,91500160,0,38612,0,B,90600,200,
000061.SZ,000061,20251209,91500190,0,47936,0,S,96900,100,
000061.SZ,000061,20251209,91500190,0,47937,0,S,99200,100,
000061.SZ,000061,20251209,91500190,0,47940,0,S,101400,100,
000061.SZ,000061,20251209,91500200,0,49865,0,B,91800,1000,
000061.SZ,000061,20251209,91500220,0,54866,0,S,84000,600,
000061.SZ,000061,20251209,91500220,0,55738,0,S,102600,5000,
000061.SZ,000061,20251209,91500280,0,64926,0,B,92800,100,
000061.SZ,000061,20251209,91500300,0,68181,0,B,91600,2000,
000061.SZ,000061,20251209,91500300,0,68185,0,S,94800,2000,
000061.SZ,000061,20251209,91500310,0,70864,0,S,94800,5000,
000061.SZ,000061,20251209,91500310,0,70867,0,S,94800,5000,
000061.SZ,000061,20251209,91500340,0,76327,0,B,91600,1000,
000061.SZ,000061,20251209,91500340,0,76328,0,S,96800,1000,
000061.SZ,000061,20251209,91500340,0,76329,0,S,100000,1000,
000061.SZ,000061,20251209,91500360,0,79052,0,B,93400,500,
000061.SZ,000061,20251209,91500370,0,79498,0,S,98200,4500,
000061.SZ,000061,20251209,91500370,0,80047,0,S,96000,3400,
000061.SZ,000061,20251209,91500390,0,82542,0,S,102000,400,
000061.SZ,000061,20251209,91500390,0,82546,0,B,90000,200,
000061.SZ,000061,20251209,91500410,0,84847,0,B,90600,100,
000061.SZ,000061,20251209,91500420,0,86338,0,S,96600,600,
000061.SZ,000061,20251209,91500440,0,87715,0,S,90000,500,
000061.SZ,000061,20251209,91500440,0,87716,0,S,94300,500,
000061.SZ,000061,20251209,91500440,0,87717,0,S,95200,1000,
000061.SZ,000061,20251209,91500440,0,87718,0,S,96100,500,
000061.SZ,000061,20251209,91500440,0,87729,0,S,97000,1500,
000061.SZ,000061,20251209,91500440,0,87735,0,S,98000,1000,
000061.SZ,000061,20251209,91500440,0,87736,0,S,99400,500,
000061.SZ,000061,20251209,91500440,0,87737,0,S,101000,1000,
000061.SZ,000061,20251209,91500440,0,87738,0,S,102500,500,
000061.SZ,000061,20251209,91500440,0,87766,0,B,86000,100,
000061.SZ,000061,20251209,91500440,0,87777,0,S,94300,100,
000061.SZ,000061,20251209,91500470,0,91716,0,B,88500,100,
000061.SZ,000061,20251209,91500480,0,92225,0,B,93000,1000,
000061.SZ,000061,20251209,91500540,0,99949,0,S,102600,2400,
000061.SZ,000061,20251209,91500550,0,101056,0,S,102600,1000,
000061.SZ,000061,20251209,91500600,0,106133,0,S,95900,300,
000061.SZ,000061,20251209,91500630,0,108699,0,B,90000,200,
000061.SZ,000061,20251209,91500630,0,108717,0,S,102600,300,
000061.SZ,000061,20251209,91500630,0,108779,0,S,97300,700,
000061.SZ,000061,20251209,91500720,0,117656,0,S,95500,800,
000061.SZ,000061,20251209,91500730,0,118346,0,S,95000,200,
000061.SZ,000061,20251209,91500730,0,118647,0,S,97300,1000,
000061.SZ,000061,20251209,91500730,0,118998,0,S,98000,500,
000061.SZ,000061,20251209,91500770,0,122149,0,S,95000,2000,
000061.SZ,000061,20251209,91500820,0,126053,0,S,97000,42600,
000061.SZ,000061,20251209,91500830,0,126583,0,S,102600,400,
000061.SZ,000061,20251209,91500880,0,130575,0,S,98000,600,
000061.SZ,000061,20251209,91500900,0,131864,0,S,102600,1500,
000061.SZ,000061,20251209,91500940,0,134042,0,S,102600,1000,
000061.SZ,000061,20251209,91500960,0,135589,0,S,98000,1100,
000061.SZ,000061,20251209,91500990,0,137430,0,S,93900,21900,
000061.SZ,000061,20251209,91501010,0,139425,0,B,92400,100,
000061.SZ,000061,20251209,91501010,0,139604,0,B,88900,100,
000061.SZ,000061,20251209,91501020,0,139745,0,B,86800,100,
000061.SZ,000061,20251209,91501020,0,139840,0,B,84800,200,
000061.SZ,000061,20251209,91501020,0,140007,0,S,98000,1200,
000061.SZ,000061,20251209,91501030,0,140951,0,S,96800,200,
000061.SZ,000061,20251209,91501030,0,140953,0,S,98300,200,
000061.SZ,000061,20251209,91501040,0,141317,0,S,102600,10100,
000061.SZ,000061,20251209,91501040,0,141585,0,B,93300,100,
000061.SZ,000061,20251209,91501100,0,145159,0,S,102600,400,
000061.SZ,000061,20251209,91501170,0,150381,0,S,102500,800,
000061.SZ,000061,20251209,91501220,0,153528,0,S,99300,1500,
000061.SZ,000061,20251209,91501270,0,156025,0,B,91100,700,
000061.SZ,000061,20251209,91501340,0,160007,0,B,90300,200,
000061.SZ,000061,20251209,91501340,0,160024,0,B,86000,200,
000061.SZ,000061,20251209,91501390,0,162817,0,B,93300,500,
000061.SZ,000061,20251209,91501410,0,163943,0,S,101000,2000,
000061.SZ,000061,20251209,91501420,0,164852,0,B,85600,3000,
000061.SZ,000061,20251209,91501420,0,164869,0,S,102600,3000,
000061.SZ,000061,20251209,91501540,0,173155,0,S,98000,100,
000061.SZ,000061,20251209,91501540,0,173512,0,B,92000,3000,
000061.SZ,000061,20251209,91501540,0,173575,0,S,98000,100,
000061.SZ,000061,20251209,91501540,0,173576,0,B,86000,100,
000061.SZ,000061,20251209,91501560,0,174831,0,S,95000,1400,
000061.SZ,000061,20251209,91501570,0,176035,0,S,102600,1000,
000061.SZ,000061,20251209,91501660,0,181415,0,S,94800,2000,
000061.SZ,000061,20251209,91501680,0,182625,0,B,88600,200,
000061.SZ,000061,20251209,91501770,0,186999,0,S,102600,100,
000061.SZ,000061,20251209,91501770,0,187001,0,B,84000,100,
000061.SZ,000061,20251209,91501780,0,187140,0,B,86800,100,
000061.SZ,000061,20251209,91501800,0,187955,0,S,98500,100,
000061.SZ,000061,20251209,91501800,0,188520,0,B,89500,100,
000061.SZ,000061,20251209,91501850,0,190475,0,B,84400,300,
000061.SZ,000061,20251209,91501880,0,191601,0,B,86000,100,
000061.SZ,000061,20251209,91501980,0,195840,0,S,101800,1800,
000061.SZ,000061,20251209,91502040,0,199549,0,B,90000,500,
000061.SZ,000061,20251209,91502040,0,199563,0,B,89000,500,
000061.SZ,000061,20251209,91502040,0,199566,0,B,88000,500,
000061.SZ,000061,20251209,91502050,0,199738,0,B,91800,1000,
000061.SZ,000061,20251209,91502130,0,202732,0,B,91300,100,
000061.SZ,000061,20251209,91502130,0,202733,0,B,85300,300,
000061.SZ,000061,20251209,91502160,0,203830,0,S,96800,15900,
000061.SZ,000061,20251209,91502160,0,204213,0,S,98000,100,
000061.SZ,000061,20251209,91502170,0,204881,0,S,98200,1300,
000061.SZ,000061,20251209,91502220,0,207041,0,S,102600,300,
000061.SZ,000061,20251209,91502270,0,209145,0,B,92500,300,
000061.SZ,000061,20251209,91502290,0,209552,0,S,100200,16000,
000061.SZ,000061,20251209,91502430,0,214766,0,S,96700,200,
000061.SZ,000061,20251209,91502440,0,215057,0,S,100000,9200,
000061.SZ,000061,20251209,91502440,0,215061,0,S,95500,1000,
000061.SZ,000061,20251209,91502450,0,215475,0,S,100000,2000,
000061.SZ,000061,20251209,91502480,0,216844,0,S,102600,200,
000061.SZ,000061,20251209,91502560,0,221123,0,S,97500,1200,
000061.SZ,000061,20251209,91502560,0,221124,0,S,102500,1200,
000061.SZ,000061,20251209,91502750,0,228073,0,S,102600,5900,
000061.SZ,000061,20251209,91502790,0,228906,0,S,96000,1000,
000061.SZ,000061,20251209,91502910,0,231428,0,B,93000,1400,
000061.SZ,000061,20251209,91502920,0,231607,0,S,95200,300,
000061.SZ,000061,20251209,91502950,0,232790,0,S,102600,100,
000061.SZ,000061,20251209,91502950,0,232882,0,S,84000,100,
000061.SZ,000061,20251209,91503000,0,234263,0,B,90000,2000,
000061.SZ,000061,20251209,91503000,0,234264,0,B,84000,2000,
000061.SZ,000061,20251209,91503160,0,239283,0,S,93200,500,
000061.SZ,000061,20251209,91503160,0,239286,0,S,93200,600,
000061.SZ,000061,20251209,91503190,0,240230,0,S,92900,400,
000061.SZ,000061,20251209,91503220,0,240867,0,S,101800,1200,
000061.SZ,000061,20251209,91503680,0,252691,0,S,95000,200,
000061.SZ,000061,20251209,91503680,0,252700,0,S,95500,200,
000061.SZ,000061,20251209,91503680,0,252701,0,S,96000,200,
000061.SZ,000061,20251209,91503820,0,255067,0,B,92800,500,
000061.SZ,000061,20251209,91503930,0,256629,0,S,102600,200,
000061.SZ,000061,20251209,91503940,0,256742,0,S,102600,100,
000061.SZ,000061,20251209,91504010,0,258216,0,S,93800,1000,
000061.SZ,000061,20251209,91504020,0,258221,0,S,94000,1000,
000061.SZ,000061,20251209,91504020,0,258222,0,S,94200,1000,
000061.SZ,000061,20251209,91504020,0,258225,0,S,94400,1000,
000061.SZ,000061,20251209,91504020,0,258231,0,S,94600,1000,
000061.SZ,000061,20251209,91504020,0,258234,0,S,94800,1000,
000061.SZ,000061,20251209,91504020,0,258251,0,S,95000,1000,
000061.SZ,000061,20251209,91504020,0,258275,0,S,95400,1000,
000061.SZ,000061,20251209,91504020,0,258276,0,S,95800,1000,
000061.SZ,000061,20251209,91504020,0,258281,0,S,96000,1000,
000061.SZ,000061,20251209,91504020,0,258288,0,S,96400,1000,
000061.SZ,000061,20251209,91504020,0,258293,0,S,96800,1000,
000061.SZ,000061,20251209,91504020,0,258304,0,B,93000,1000,
000061.SZ,000061,20251209,91504020,0,258305,0,B,92800,1000,
000061.SZ,000061,20251209,91504020,0,258308,0,B,92600,1000,
000061.SZ,000061,20251209,91504020,0,258309,0,B,92400,1000,
000061.SZ,000061,20251209,91504020,0,258312,0,B,92200,1000,
000061.SZ,000061,20251209,91504020,0,258336,0,S,93800,2000,
000061.SZ,000061,20251209,91504020,0,258341,0,S,94000,2000,
000061.SZ,000061,20251209,91504030,0,258360,0,S,94200,2000,
000061.SZ,000061,20251209,91504030,0,258368,0,S,94400,2000,
000061.SZ,000061,20251209,91504030,0,258389,0,S,94600,2000,
000061.SZ,000061,20251209,91504030,0,258395,0,S,94800,2000,
000061.SZ,000061,20251209,91504030,0,258406,0,S,95000,2000,
000061.SZ,000061,20251209,91504030,0,258411,0,S,95400,2000,
000061.SZ,000061,20251209,91504030,0,258449,0,S,95800,2000,
000061.SZ,000061,20251209,91504030,0,258477,0,S,96000,2000,
000061.SZ,000061,20251209,91504030,0,258488,0,B,93000,2000,
000061.SZ,000061,20251209,91504030,0,258492,0,B,92800,2000,
000061.SZ,000061,20251209,91504030,0,258493,0,B,92600,2000,
000061.SZ,000061,20251209,91504030,0,258498,0,B,92400,2000,
000061.SZ,000061,20251209,91504040,0,258542,0,B,92200,2000,
000061.SZ,000061,20251209,91504280,0,261393,0,B,91800,1500,
000061.SZ,000061,20251209,91504500,0,264491,0,B,85000,300,
000061.SZ,000061,20251209,91504560,0,265670,0,B,89000,200,
000061.SZ,000061,20251209,91504620,0,266849,0,B,89700,10000,
000061.SZ,000061,20251209,91504640,0,267269,0,B,85500,500,
000061.SZ,000061,20251209,91504910,0,268880,0,B,86800,3900,
000061.SZ,000061,20251209,91505490,0,272957,0,S,94200,1800,
000061.SZ,000061,20251209,91505510,0,273293,0,S,93300,3100,
000061.SZ,000061,20251209,91505620,0,275136,0,S,102600,1800,
000061.SZ,000061,20251209,91505630,0,275278,0,S,94500,2000,
000061.SZ,000061,20251209,91506100,0,277666,0,B,92200,300,
000061.SZ,000061,20251209,91506100,0,277706,0,S,97800,600,
000061.SZ,000061,20251209,91506100,0,277709,0,S,98800,1000,
000061.SZ,000061,20251209,91506190,0,278410,0,S,100800,300,
000061.SZ,000061,20251209,91506200,0,278494,0,B,92700,100,
000061.SZ,000061,20251209,91506200,0,278498,0,S,94800,100,
000061.SZ,000061,20251209,91506220,0,278586,0,S,94500,100,
000061.SZ,000061,20251209,91506220,0,278591,0,B,92300,100,
000061.SZ,000061,20251209,91506590,0,280607,0,B,91100,2000,
000061.SZ,000061,20251209,91507640,0,285249,0,S,102300,500,
000061.SZ,000061,20251209,91507950,0,286365,0,B,93300,2100,
000061.SZ,000061,20251209,91508550,0,287255,0,S,102600,4200,
000061.SZ,000061,20251209,91508920,0,288570,0,S,95800,1200,
000061.SZ,000061,20251209,91509170,0,288940,0,S,91500,100,
000061.SZ,000061,20251209,91510490,0,290969,0,S,102600,1400,
000061.SZ,000061,20251209,91511080,0,292108,0,S,88700,100,
000061.SZ,000061,20251209,91512650,0,294086,0,S,93700,500,
000061.SZ,000061,20251209,91513080,0,294207,0,S,88700,100,
000061.SZ,000061,20251209,91538660,0,299865,0,B,92000,500,
000061.SZ,000061,20251209,91556680,0,304434,0,S,102500,800,
000061.SZ,000061,20251209,91600380,0,305515,0,B,92000,600,
000061.SZ,000061,20251209,91607130,0,307372,0,S,99300,3000,
000061.SZ,000061,20251209,91609280,0,307899,0,B,91500,700,
000061.SZ,000061,20251209,91620520,0,310877,0,S,102500,3000,
000061.SZ,000061,20251209,91621450,0,311080,0,B,92000,600,
000061.SZ,000061,20251209,91633250,0,314271,0,S,94800,700,
000061.SZ,000061,20251209,91637240,0,315304,0,B,91700,500,
000061.SZ,000061,20251209,91644140,0,317209,0,B,91100,5000,
000061.SZ,000061,20251209,91645880,0,317650,0,B,90000,6000,
000061.SZ,000061,20251209,91659230,0,321445,0,B,92000,1000,
000061.SZ,000061,20251209,91659400,0,321488,0,S,99000,600,
000061.SZ,000061,20251209,91704000,0,322893,0,S,84000,15300,
000061.SZ,000061,20251209,91710160,0,324625,0,B,90300,10000,
000061.SZ,000061,20251209,91730010,0,330575,0,S,92000,300,
000061.SZ,000061,20251209,91735170,0,332266,0,B,92700,500,
000061.SZ,000061,20251209,91737590,0,333005,0,B,92000,1000,
000061.SZ,000061,20251209,91754760,0,338510,0,B,92100,3000,
000061.SZ,000061,20251209,91755540,0,338797,0,S,94600,3000,
000061.SZ,000061,20251209,91757020,0,339291,0,B,91800,1100,
000061.SZ,000061,20251209,91801540,0,340789,0,B,91000,2000,
000061.SZ,000061,20251209,91810540,0,343932,0,B,92000,300,
000061.SZ,000061,20251209,91815260,0,345595,0,B,91800,800,
000061.SZ,000061,20251209,91818370,0,346688,0,B,92000,600,
000061.SZ,000061,20251209,91818770,0,346837,0,B,92000,1200,
000061.SZ,000061,20251209,91824310,0,348808,0,S,97500,1100,
000061.SZ,000061,20251209,91824430,0,348849,0,B,92000,4000,
000061.SZ,000061,20251209,91833200,0,352053,0,S,93700,16000,
000061.SZ,000061,20251209,91842940,0,355534,0,B,91000,400,
000061.SZ,000061,20251209,91847930,0,357337,0,S,102600,900,
000061.SZ,000061,20251209,91849870,0,357992,0,S,102600,900,
000061.SZ,000061,20251209,91913660,0,367140,0,B,92000,500,
000061.SZ,000061,20251209,91915030,0,367624,0,S,102600,300,
000061.SZ,000061,20251209,91919440,0,369336,0,S,101400,200,
000061.SZ,000061,20251209,91925450,0,371734,0,S,102500,2400,
000061.SZ,000061,20251209,91925810,0,371886,0,S,100000,100,
000061.SZ,000061,20251209,91926350,0,372125,0,B,90800,100,
000061.SZ,000061,20251209,91926610,0,372244,0,B,91800,3200,
000061.SZ,000061,20251209,91940270,0,377625,0,B,91800,500,
000061.SZ,000061,20251209,91941330,0,378061,0,B,92000,1000,
000061.SZ,000061,20251209,91942010,0,378361,0,B,91800,1100,
000061.SZ,000061,20251209,91945750,0,379977,0,S,98600,300,
000061.SZ,000061,20251209,91946430,0,380248,0,S,102000,4000,
000061.SZ,000061,20251209,91947830,0,380816,0,B,92000,500,
000061.SZ,000061,20251209,92001040,0,386758,0,B,97900,100,
000061.SZ,000061,20251209,92002240,0,387398,0,S,91500,100,
000061.SZ,000061,20251209,92003020,0,387715,0,B,95100,100,
000061.SZ,000061,20251209,92004060,0,388147,0,S,102600,3000,
000061.SZ,000061,20251209,92004810,0,388433,0,S,94800,500,
000061.SZ,000061,20251209,92005130,0,388606,0,S,91500,100,
000061.SZ,000061,20251209,92006120,0,389026,0,S,91500,100,
000061.SZ,000061,20251209,92008020,0,389699,0,S,102600,800,
000061.SZ,000061,20251209,92012160,0,391263,0,B,92000,3200,
000061.SZ,000061,20251209,92016600,0,392838,0,B,91500,3000,
000061.SZ,000061,20251209,92019040,0,393752,0,S,95800,500,
000061.SZ,000061,20251209,92031550,0,398383,0,S,95200,2400,
000061.SZ,000061,20251209,92039830,0,401423,0,B,91000,3000,
000061.SZ,000061,20251209,92039830,0,401424,0,B,92100,1000,
000061.SZ,000061,20251209,92053190,0,406453,0,B,91700,5000,
000061.SZ,000061,20251209,92053460,0,406563,0,S,99000,4000,
000061.SZ,000061,20251209,92058290,0,408388,0,B,92000,100,
000061.SZ,000061,20251209,92101700,0,409761,0,B,92000,500,
000061.SZ,000061,20251209,92108310,0,412409,0,B,91600,1000,
000061.SZ,000061,20251209,92111470,0,413661,0,B,91000,1000,
000061.SZ,000061,20251209,92112360,0,414032,0,S,93500,1000,
000061.SZ,000061,20251209,92123330,0,418520,0,B,92000,5000,
000061.SZ,000061,20251209,92124630,0,419053,0,S,92000,1000,
000061.SZ,000061,20251209,92128460,0,420648,0,B,92000,200,
000061.SZ,000061,20251209,92130840,0,421629,0,B,91600,400,
000061.SZ,000061,20251209,92131500,0,421945,0,B,90700,37100,
000061.SZ,000061,20251209,92133320,0,422747,0,B,92600,2000,
000061.SZ,000061,20251209,92135000,0,423496,0,S,95200,1000,
000061.SZ,000061,20251209,92139120,0,425258,0,B,84000,2500,
000061.SZ,000061,20251209,92141390,0,426240,0,S,100000,29900,
000061.SZ,000061,20251209,92142100,0,426527,0,B,92000,500,
000061.SZ,000061,20251209,92151790,0,430766,0,B,89800,200,
000061.SZ,000061,20251209,92154590,0,431958,0,B,91600,300,
000061.SZ,000061,20251209,92155450,0,432377,0,B,92200,800,
000061.SZ,000061,20251209,92201470,0,435405,0,S,94500,8000,
000061.SZ,000061,20251209,92201820,0,435593,0,B,92000,1100,
000061.SZ,000061,20251209,92202530,0,435950,0,B,88000,100,
000061.SZ,000061,20251209,92210170,0,439572,0,B,91400,300,
000061.SZ,000061,20251209,92210630,0,439766,0,B,92000,5000,
000061.SZ,000061,20251209,92212470,0,440692,0,B,92000,1000,
000061.SZ,000061,20251209,92222740,0,445466,0,B,92000,200,
000061.SZ,000061,20251209,92223380,0,445790,0,B,92000,2000,
000061.SZ,000061,20251209,92230640,0,449174,0,B,91000,200,
000061.SZ,000061,20251209,92242060,0,454784,0,B,92200,100,
000061.SZ,000061,20251209,92242510,0,455018,0,B,91200,6000,
000061.SZ,000061,20251209,92242550,0,455035,0,B,86500,10000,
000061.SZ,000061,20251209,92243860,0,455682,0,B,90000,1000,
000061.SZ,000061,20251209,92258700,0,463175,0,S,91500,1000,
000061.SZ,000061,20251209,92259710,0,463687,0,B,91100,100,
000061.SZ,000061,20251209,92301180,0,464465,0,B,88800,1000,
000061.SZ,000061,20251209,92302620,0,465248,0,S,84000,100,
000061.SZ,000061,20251209,92302930,0,465436,0,S,97400,4500,
000061.SZ,000061,20251209,92303260,0,465580,0,B,92000,600,
000061.SZ,000061,20251209,92304800,0,466351,0,B,91500,300,
000061.SZ,000061,20251209,92307810,0,467913,0,B,92000,20000,
000061.SZ,000061,20251209,92310790,0,469561,0,B,91000,1000,
000061.SZ,000061,20251209,92313700,0,471086,0,B,89700,2300,
000061.SZ,000061,20251209,92314220,0,471378,0,B,92000,200,
000061.SZ,000061,20251209,92315520,0,472097,0,S,90500,4000,
000061.SZ,000061,20251209,92316710,0,472769,0,B,92000,100,
000061.SZ,000061,20251209,92318620,0,473851,0,S,96200,4500,
000061.SZ,000061,20251209,92320460,0,474911,0,B,91000,100,
000061.SZ,000061,20251209,92320650,0,475015,0,B,88000,2000,
000061.SZ,000061,20251209,92324760,0,477209,0,B,91400,1000,
000061.SZ,000061,20251209,92325890,0,477844,0,B,90000,100,
000061.SZ,000061,20251209,92332420,0,481637,0,B,88600,100,
000061.SZ,000061,20251209,92336330,0,483890,0,S,98600,2000,
000061.SZ,000061,20251209,92337010,0,484271,0,B,87500,100,
000061.SZ,000061,20251209,92339470,0,485686,0,B,89400,1000,
000061.SZ,000061,20251209,92339490,0,485699,0,S,91800,1600,
000061.SZ,000061,20251209,92340500,0,486280,0,B,91700,500,
000061.SZ,000061,20251209,92342350,0,487329,0,B,84000,100,
000061.SZ,000061,20251209,92346230,0,489729,0,B,85000,100,
000061.SZ,000061,20251209,92346400,0,489821,0,S,96000,100,
000061.SZ,000061,20251209,92350210,0,492236,0,B,92000,500,
000061.SZ,000061,20251209,92353320,0,494077,0,B,91600,2900,
000061.SZ,000061,20251209,92401740,0,499347,0,B,92000,1000,
000061.SZ,000061,20251209,92402020,0,499510,0,B,91500,1000,
000061.SZ,000061,20251209,92405500,0,501780,0,S,98500,9400,
000061.SZ,000061,20251209,92407680,0,503304,0,B,92100,500,
000061.SZ,000061,20251209,92409270,0,504457,0,B,90800,1000,
000061.SZ,000061,20251209,92411010,0,505760,0,S,92000,300,
000061.SZ,000061,20251209,92414280,0,508392,0,B,91800,500,
000061.SZ,000061,20251209,92423060,0,515542,0,B,92900,2400,
000061.SZ,000061,20251209,92424890,0,517010,0,B,91400,600,
000061.SZ,000061,20251209,92429610,0,521082,0,S,91900,1000,
000061.SZ,000061,20251209,92429680,0,521136,0,B,93000,300,
000061.SZ,000061,20251209,92431240,0,522699,0,B,102600,1000,
000061.SZ,000061,20251209,92433060,0,524329,0,B,91800,300,
000061.SZ,000061,20251209,92433280,0,524539,0,B,92000,11100,
000061.SZ,000061,20251209,92435200,0,526210,0,B,90000,300,
000061.SZ,000061,20251209,92436260,0,527118,0,S,90000,1000,
000061.SZ,000061,20251209,92438690,0,529655,0,B,92000,200,
000061.SZ,000061,20251209,92439090,0,530109,0,B,92200,1300,
000061.SZ,000061,20251209,92439340,0,530396,0,S,93300,1400,
000061.SZ,000061,20251209,92440500,0,531544,0,B,91600,1000,
000061.SZ,000061,20251209,92440590,0,531637,0,B,101700,2400,
000061.SZ,000061,20251209,92442750,0,533818,0,B,92000,3000,
000061.SZ,000061,20251209,92443070,0,534157,0,B,92200,17300,
000061.SZ,000061,20251209,92443900,0,535095,0,B,92400,4200,
000061.SZ,000061,20251209,92444080,0,535283,0,B,92100,300,
000061.SZ,000061,20251209,92446340,0,537580,0,B,94200,3600,
000061.SZ,000061,20251209,92447880,0,539157,0,B,92100,5000,
000061.SZ,000061,20251209,92450590,0,543351,0,B,92000,10700,
000061.SZ,000061,20251209,92451680,0,545173,0,B,92300,5100,
000061.SZ,000061,20251209,92454620,0,549470,0,B,94100,2400,
000061.SZ,000061,20251209,92455930,0,552039,0,B,93700,1100,
000061.SZ,000061,20251209,92455970,0,552107,0,B,93700,900,
000061.SZ,000061,20251209,92456000,0,552177,0,B,93700,600,
000061.SZ,000061,20251209,92456050,0,552291,0,B,92200,5400,
000061.SZ,000061,20251209,92456250,0,552962,0,B,94000,4300,
000061.SZ,000061,20251209,92456320,0,553143,0,S,92200,1000,
000061.SZ,000061,20251209,92456320,0,553155,0,B,94000,100,
000061.SZ,000061,20251209,92456360,0,553268,0,B,94100,200,
000061.SZ,000061,20251209,92456410,0,553448,0,B,94100,3600,
000061.SZ,000061,20251209,92456410,0,553456,0,B,91800,700,
000061.SZ,000061,20251209,92456440,0,553548,0,B,94100,100,
000061.SZ,000061,20251209,92456460,0,553603,0,B,94100,100,
000061.SZ,000061,20251209,92457490,0,556548,0,B,92100,10000,
000061.SZ,000061,20251209,92457610,0,556917,0,B,94000,100,
000061.SZ,000061,20251209,92457640,0,557049,0,B,95000,1200,
000061.SZ,000061,20251209,92457650,0,557072,0,B,102600,500,
000061.SZ,000061,20251209,92458520,0,560129,0,B,93200,2100,
000061.SZ,000061,20251209,92458640,0,560592,0,B,92200,600,
000061.SZ,000061,20251209,92458950,0,561547,0,B,96100,600,
000061.SZ,000061,20251209,92459270,0,562895,0,B,93400,1500,
000061.SZ,000061,20251209,92459300,0,563049,0,B,93400,1900,
000061.SZ,000061,20251209,92459350,0,563233,0,B,93400,1400,
000061.SZ,000061,20251209,92459360,0,563307,0,B,93400,700,
000061.SZ,000061,20251209,92459390,0,563475,0,B,93400,1500,
000061.SZ,000061,20251209,92459550,0,564286,0,B,93000,32400,
000061.SZ,000061,20251209,92459620,0,564765,0,B,94300,7100,
000061.SZ,000061,20251209,92459820,0,565694,0,B,96900,10300,
000061.SZ,000061,20251209,92459830,0,565727,0,B,97100,400,
000061.SZ,000061,20251209,92459890,0,566077,0,S,89600,6500,
000061.SZ,000061,20251209,93000040,0,674231,0,B,93300,1200,
000061.SZ,000061,20251209,93000050,0,678807,0,B,94600,100,
000061.SZ,000061,20251209,93000050,0,682012,0,S,93600,500,
000061.SZ,000061,20251209,93000050,0,683671,0,B,89900,5000,
000061.SZ,000061,20251209,93000050,0,684436,0,S,93200,1600,
000061.SZ,000061,20251209,93000060,0,689448,0,B,93200,10000,
000061.SZ,000061,20251209,93000060,0,690678,0,B,93400,2600,
000061.SZ,000061,20251209,93000060,0,690711,0,B,91800,1000,
000061.SZ,000061,20251209,93000080,0,700045,0,B,93300,200,
000061.SZ,000061,20251209,93000080,0,700451,0,S,93600,4400,
000061.SZ,000061,20251209,93000080,0,701232,0,B,93300,1400,
000061.SZ,000061,20251209,93000090,0,708557,0,B,93000,2200,
000061.SZ,000061,20251209,93000090,0,708810,0,B,93100,1000,
000061.SZ,000061,20251209,93000090,0,709024,0,S,94000,3300,
000061.SZ,000061,20251209,93000100,0,712860,0,B,92500,2200,
000061.SZ,000061,20251209,93000100,0,713107,0,B,92000,4500,
000061.SZ,000061,20251209,93000100,0,713476,0,S,94500,2000,
000061.SZ,000061,20251209,93000110,0,715989,0,S,93000,6000,
000061.SZ,000061,20251209,93000110,0,719594,0,B,91800,1700,
000061.SZ,000061,20251209,93000130,0,727033,0,B,93300,1000,
000061.SZ,000061,20251209,93000150,0,739831,0,S,93900,1000,
000061.SZ,000061,20251209,93000150,0,740590,0,S,93200,500,
000061.SZ,000061,20251209,93000150,0,740733,0,B,92300,6000,
000061.SZ,000061,20251209,93000160,0,747906,0,B,93000,1000,
000061.SZ,000061,20251209,93000180,0,754911,0,S,98700,300,
000061.SZ,000061,20251209,93000180,0,755192,0,B,88400,100,
000061.SZ,000061,20251209,93000190,0,758931,0,S,94900,39300,
000061.SZ,000061,20251209,93000190,0,759123,0,B,91200,1200,
000061.SZ,000061,20251209,93000190,0,761990,0,S,94400,800,
000061.SZ,000061,20251209,93000200,0,764924,0,B,93300,200,
000061.SZ,000061,20251209,93000220,0,774206,0,S,93200,200,
000061.SZ,000061,20251209,93000230,0,775915,0,S,93200,300,
000061.SZ,000061,20251209,93000240,0,781801,0,B,90500,500,
000061.SZ,000061,20251209,93000240,0,781935,0,B,91400,100,
000061.SZ,000061,20251209,93000250,0,784061,0,B,91800,2000,
000061.SZ,000061,20251209,93000250,0,785083,0,S,93900,10000,
000061.SZ,000061,20251209,93000260,0,786668,0,B,93100,3000,
000061.SZ,000061,20251209,93000260,0,787838,0,B,92900,5000,
000061.SZ,000061,20251209,93000260,0,787961,0,B,91900,10000,
000061.SZ,000061,20251209,93000260,0,789130,0,S,95900,20000,
000061.SZ,000061,20251209,93000270,0,790388,0,B,90500,100,
000061.SZ,000061,20251209,93000270,0,790462,0,S,96600,3000,
000061.SZ,000061,20251209,93000270,0,792447,0,B,93500,5300,
000061.SZ,000061,20251209,93000280,0,793348,0,S,96900,30000,
000061.SZ,000061,20251209,93000280,0,795208,0,B,92300,100,
000061.SZ,000061,20251209,93000280,0,795232,0,B,92200,100,
000061.SZ,000061,20251209,93000300,0,799424,0,B,93900,1500,
000061.SZ,000061,20251209,93000320,0,805342,0,B,93300,20000,
000061.SZ,000061,20251209,93000330,0,808792,0,B,92000,300,
000061.SZ,000061,20251209,93000340,0,811818,0,S,93800,6700,
000061.SZ,000061,20251209,93000350,0,812883,0,B,93300,500,
000061.SZ,000061,20251209,93000400,0,822686,0,S,93200,700,
000061.SZ,000061,20251209,93000400,0,822927,0,S,93200,100,
000061.SZ,000061,20251209,93000420,0,825881,0,B,89800,1000,
000061.SZ,000061,20251209,93000420,0,826965,0,S,94600,2000,
000061.SZ,000061,20251209,93000480,0,837519,0,S,93400,100,
000061.SZ,000061,20251209,93000480,0,837539,0,S,93400,100,
000061.SZ,000061,20251209,93000480,0,837545,0,S,93400,100,
000061.SZ,000061,20251209,93000480,0,837789,0,S,96800,1000,
000061.SZ,000061,20251209,93000480,0,838559,0,S,93300,1000,
000061.SZ,000061,20251209,93000480,0,838561,0,S,93300,400,
000061.SZ,000061,20251209,93000480,0,838693,0,S,93500,200,
000061.SZ,000061,20251209,93000480,0,839259,0,S,93500,100,
000061.SZ,000061,20251209,93000490,0,839711,0,S,93400,600,
000061.SZ,000061,20251209,93000490,0,839713,0,S,93400,100,
000061.SZ,000061,20251209,93000510,0,843436,0,S,93400,1300,
000061.SZ,000061,20251209,93000540,0,849224,0,S,93500,1200,
000061.SZ,000061,20251209,93000560,0,852870,0,S,96500,1800,
000061.SZ,000061,20251209,93000570,0,854408,0,B,86000,3000,
000061.SZ,000061,20251209,93000570,0,854565,0,S,96000,9200,
000061.SZ,000061,20251209,93000570,0,855256,0,S,97900,30000,
000061.SZ,000061,20251209,93000580,0,855925,0,S,93500,100,
000061.SZ,000061,20251209,93000580,0,856805,0,S,93600,100,
000061.SZ,000061,20251209,93000590,0,857698,0,S,93500,100,
000061.SZ,000061,20251209,93000590,0,857885,0,B,93200,5400,
000061.SZ,000061,20251209,93000600,0,860194,0,B,93300,5800,
000061.SZ,000061,20251209,93000610,0,861774,0,B,93200,11900,
000061.SZ,000061,20251209,93000630,0,865207,0,S,93500,9900,
000061.SZ,000061,20251209,93000660,0,870799,0,B,91800,10000,
000061.SZ,000061,20251209,93000680,0,873114,0,S,94200,20000,
000061.SZ,000061,20251209,93000680,0,873187,0,S,94900,20000,
000061.SZ,000061,20251209,93000710,0,878456,0,B,92000,500,
000061.SZ,000061,20251209,93000720,0,879399,0,S,94500,10000,
000061.SZ,000061,20251209,93000740,0,883411,0,S,94800,6000,
000061.SZ,000061,20251209,93000810,0,894717,0,B,90800,3000,
000061.SZ,000061,20251209,93000850,0,901769,0,S,93500,900,
000061.SZ,000061,20251209,93000890,0,907520,0,S,93500,100,
000061.SZ,000061,20251209,93000900,0,909565,0,S,93100,4900,
000061.SZ,000061,20251209,93000940,0,914898,0,S,93800,900,
000061.SZ,000061,20251209,93000940,0,915844,0,S,93200,4400,
000061.SZ,000061,20251209,93000960,0,918804,0,S,94600,6400,
000061.SZ,000061,20251209,93000990,0,924495,0,B,90000,600,
000061.SZ,000061,20251209,93001010,0,927142,0,B,93100,100,
000061.SZ,000061,20251209,93001020,0,929598,0,B,90000,600,
000061.SZ,000061,20251209,93001040,0,932452,0,B,92800,200,
000061.SZ,000061,20251209,93001050,0,934599,0,S,93800,1000,
000061.SZ,000061,20251209,93001060,0,935090,0,B,84000,1200,
000061.SZ,000061,20251209,93001060,0,935725,0,S,97700,3000,
000061.SZ,000061,20251209,93001070,0,936299,0,S,102500,500,
000061.SZ,000061,20251209,93001070,0,936595,0,B,92200,1600,
000061.SZ,000061,20251209,93001070,0,936788,0,B,93100,200,
000061.SZ,000061,20251209,93001120,0,941665,0,B,92000,3200,
000061.SZ,000061,20251209,93001170,0,948847,0,B,89000,1200,
000061.SZ,000061,20251209,93001200,0,952032,0,S,94200,500,
000061.SZ,000061,20251209,93001210,0,952869,0,S,93500,100,
000061.SZ,000061,20251209,93001220,0,954455,0,B,90600,5000,
000061.SZ,000061,20251209,93001310,0,962286,0,S,93300,100,
000061.SZ,000061,20251209,93001310,0,962361,0,S,93400,100,
000061.SZ,000061,20251209,93001310,0,962388,0,S,93400,100,
000061.SZ,000061,20251209,93001310,0,962412,0,S,93300,100,
000061.SZ,000061,20251209,93001310,0,962610,0,B,92500,500,
000061.SZ,000061,20251209,93001310,0,962665,0,B,92800,500,
000061.SZ,000061,20251209,93001380,0,967488,0,S,94400,1000,
000061.SZ,000061,20251209,93001410,0,970363,0,B,93300,200,
000061.SZ,000061,20251209,93001420,0,970775,0,B,93000,400,
000061.SZ,000061,20251209,93001440,0,973047,0,B,93100,2900,
000061.SZ,000061,20251209,93001500,0,978020,0,S,94800,100,
000061.SZ,000061,20251209,93001510,0,978766,0,S,94500,400,
000061.SZ,000061,20251209,93001660,0,992081,0,S,93600,200,
000061.SZ,000061,20251209,93001670,0,993061,0,S,93000,26200,
000061.SZ,000061,20251209,93001700,0,995504,0,S,94200,50000,
000061.SZ,000061,20251209,93001750,0,999632,0,S,94900,100000,
000061.SZ,000061,20251209,93001770,0,1001968,0,B,92000,4700,
000061.SZ,000061,20251209,93001780,0,1002715,0,S,94300,4100,
000061.SZ,000061,20251209,93001820,0,1005469,0,S,95000,100,
000061.SZ,000061,20251209,93001880,0,1010560,0,S,95000,1000,
000061.SZ,000061,20251209,93001880,0,1010869,0,S,93500,1400,
000061.SZ,000061,20251209,93001920,0,1014306,0,B,93100,3000,
000061.SZ,000061,20251209,93001930,0,1015373,0,B,91600,1000,
000061.SZ,000061,20251209,93001930,0,1015979,0,B,93200,8100,
000061.SZ,000061,20251209,93001940,0,1017075,0,B,93200,1300,
000061.SZ,000061,20251209,93001980,0,1021561,0,B,93100,100,
000061.SZ,000061,20251209,93002070,0,1032273,0,B,90800,1000,
000061.SZ,000061,20251209,93002080,0,1033122,0,S,95000,3000,
000061.SZ,000061,20251209,93002120,0,1036782,0,S,93400,3400,
000061.SZ,000061,20251209,93002190,0,1041951,0,B,92000,2000,
000061.SZ,000061,20251209,93002250,0,1045947,0,S,93600,200,
000061.SZ,000061,20251209,93002290,0,1049050,0,S,92500,200,
000061.SZ,000061,20251209,93002310,0,1050378,0,S,102600,800,
000061.SZ,000061,20251209,93002410,0,1055183,0,S,94900,500,
000061.SZ,000061,20251209,93002430,0,1056339,0,B,91100,100,
000061.SZ,000061,20251209,93002480,0,1060210,0,B,92800,700,
000061.SZ,000061,20251209,93002570,0,1065366,0,B,93100,2100,
000061.SZ,000061,20251209,93002580,0,1066189,0,S,93600,2000,
000061.SZ,000061,20251209,93002600,0,1067781,0,S,95500,100000,
000061.SZ,000061,20251209,93002640,0,1070807,0,B,93300,500,
000061.SZ,000061,20251209,93002650,0,1071400,0,B,93300,11100,
000061.SZ,000061,20251209,93002670,0,1072859,0,S,93900,50000,
000061.SZ,000061,20251209,93002730,0,1076139,0,S,95200,1100,
000061.SZ,000061,20251209,93002730,0,1076335,0,S,95600,300,
000061.SZ,000061,20251209,93002750,0,1077630,0,S,93300,300,
000061.SZ,000061,20251209,93002780,0,1079253,0,B,93300,12800,
000061.SZ,000061,20251209,93002800,0,1080450,0,B,92500,1100,
000061.SZ,000061,20251209,93002910,0,1086899,0,B,90100,5500,
000061.SZ,000061,20251209,93002920,0,1087586,0,S,102600,1000,
000061.SZ,000061,20251209,93002960,0,1090857,0,S,93300,500,
000061.SZ,000061,20251209,93003010,0,1093824,0,B,91400,800,
000061.SZ,000061,20251209,93003020,0,1095963,0,S,96100,500,
000061.SZ,000061,20251209,93003100,0,1101267,0,B,93300,600,
000061.SZ,000061,20251209,93003190,0,1107814,0,S,93300,100,
000061.SZ,000061,20251209,93003280,0,1113079,0,B,93300,10800,
000061.SZ,000061,20251209,93003350,0,1115511,0,S,98100,500,
000061.SZ,000061,20251209,93003400,0,1119114,0,S,93500,100,
000061.SZ,000061,20251209,93003470,0,1122267,0,S,93400,200,
000061.SZ,000061,20251209,93003470,0,1122432,0,B,93300,1000,
000061.SZ,000061,20251209,93003520,0,1123913,0,S,93400,3100,
000061.SZ,000061,20251209,93003520,0,1124560,0,B,92800,10800,
000061.SZ,000061,20251209,93003550,0,1126128,0,S,93500,100,
000061.SZ,000061,20251209,93003610,0,1129534,0,S,94500,1200,
000061.SZ,000061,20251209,93003660,0,1132934,0,S,93200,2000,
000061.SZ,000061,20251209,93003960,0,1148347,0,B,92800,100,
000061.SZ,000061,20251209,93003980,0,1149562,0,S,93400,200,
000061.SZ,000061,20251209,93003990,0,1150209,0,S,93500,200,
000061.SZ,000061,20251209,93004020,0,1151832,0,B,93200,500,
000061.SZ,000061,20251209,93004030,0,1152336,0,S,98000,4000,
000061.SZ,000061,20251209,93004180,0,1159659,0,S,93200,400,
000061.SZ,000061,20251209,93004490,0,1173036,0,B,93400,100,
000061.SZ,000061,20251209,93004530,0,1174641,0,S,93500,3400,
000061.SZ,000061,20251209,93004650,0,1180102,0,S,93400,200,
000061.SZ,000061,20251209,93004670,0,1181031,0,S,94000,100,
000061.SZ,000061,20251209,93004670,0,1181050,0,S,94500,200,
000061.SZ,000061,20251209,93004670,0,1181057,0,S,95000,200,
000061.SZ,000061,20251209,93004680,0,1181590,0,S,93500,200,
000061.SZ,000061,20251209,93004720,0,1183194,0,S,93800,800,
000061.SZ,000061,20251209,93004800,0,1186359,0,S,93500,100,
000061.SZ,000061,20251209,93004890,0,1189674,0,B,93300,600,
000061.SZ,000061,20251209,93004990,0,1193582,0,S,102000,10000,
000061.SZ,000061,20251209,93005070,0,1199357,0,S,93500,4300,
000061.SZ,000061,20251209,93005170,0,1202538,0,B,89800,500,
000061.SZ,000061,20251209,93005250,0,1204352,0,S,93500,200,
000061.SZ,000061,20251209,93005250,0,1204368,0,S,93400,200,
000061.SZ,000061,20251209,93005290,0,1205212,0,S,93600,2000,
000061.SZ,000061,20251209,93005390,0,1207276,0,S,93500,500,
000061.SZ,000061,20251209,93005400,0,1207376,0,S,93200,400,
000061.SZ,000061,20251209,93005410,0,1207472,0,S,93700,2000,
000061.SZ,000061,20251209,93005410,0,1207572,0,S,93500,500,
000061.SZ,000061,20251209,93005440,0,1208267,0,S,91500,2600,
000061.SZ,000061,20251209,93005620,0,1212235,0,B,93000,300,
000061.SZ,000061,20251209,93005620,0,1212403,0,S,93700,5000,
000061.SZ,000061,20251209,93005680,0,1214808,0,S,93500,200,
000061.SZ,000061,20251209,93005810,0,1218508,0,S,93500,200,
000061.SZ,000061,20251209,93005870,0,1220177,0,S,93600,3400,
000061.SZ,000061,20251209,93006010,0,1225015,0,B,92500,3000,
000061.SZ,000061,20251209,93006040,0,1226777,0,S,102500,500,
000061.SZ,000061,20251209,93006070,0,1228384,0,B,91000,500,
000061.SZ,000061,20251209,93006290,0,1232875,0,S,94100,2400,
000061.SZ,000061,20251209,93006310,0,1233401,0,B,93300,500,
000061.SZ,000061,20251209,93006310,0,1233562,0,B,93300,1000,
000061.SZ,000061,20251209,93006340,0,1235483,0,S,93400,500,
000061.SZ,000061,20251209,93006530,0,1241577,0,B,89900,2000,
000061.SZ,000061,20251209,93006650,0,1245987,0,S,93400,500,
000061.SZ,000061,20251209,93006660,0,1246476,0,S,93700,7000,
000061.SZ,000061,20251209,93006670,0,1247023,0,S,93400,500,
000061.SZ,000061,20251209,93006890,0,1253463,0,S,93500,400,
000061.SZ,000061,20251209,93006960,0,1255247,0,B,93400,200,
000061.SZ,000061,20251209,93007010,0,1256698,0,S,100000,1000,
000061.SZ,000061,20251209,93007240,0,1262396,0,S,93500,100,
000061.SZ,000061,20251209,93007340,0,1264839,0,S,93500,3400,
000061.SZ,000061,20251209,93007390,0,1266031,0,S,93500,100,
000061.SZ,000061,20251209,93007410,0,1266698,0,S,93400,100,
000061.SZ,000061,20251209,93007540,0,1270208,0,S,94000,26200,
000061.SZ,000061,20251209,93007620,0,1272517,0,B,92300,300,
000061.SZ,000061,20251209,93007680,0,1274559,0,B,93300,6800,
000061.SZ,000061,20251209,93007710,0,1275979,0,S,92900,100,
000061.SZ,000061,20251209,93007840,0,1278376,0,S,93300,100,
000061.SZ,000061,20251209,93007840,0,1278378,0,S,93300,100,
000061.SZ,000061,20251209,93007840,0,1278440,0,S,93300,100,
000061.SZ,000061,20251209,93007840,0,1278464,0,S,93300,100,
000061.SZ,000061,20251209,93007850,0,1278754,0,S,93500,200,
000061.SZ,000061,20251209,93007930,0,1280348,0,B,93200,1000,
000061.SZ,000061,20251209,93008000,0,1282072,0,S,94800,1400,
000061.SZ,000061,20251209,93008300,0,1287219,0,S,93400,100,
000061.SZ,000061,20251209,93008670,0,1292532,0,B,93800,1000,
000061.SZ,000061,20251209,93008710,0,1293307,0,S,95800,1000,
000061.SZ,000061,20251209,93008730,0,1293545,0,S,93500,100,
000061.SZ,000061,20251209,93008810,0,1294400,0,S,93400,200,
000061.SZ,000061,20251209,93008870,0,1295711,0,S,93400,400,
000061.SZ,000061,20251209,93008940,0,1296729,0,B,93700,300,
000061.SZ,000061,20251209,93009050,0,1299287,0,S,93500,100,
000061.SZ,000061,20251209,93009170,0,1301185,0,B,93400,4300,
000061.SZ,000061,20251209,93009180,0,1301215,0,B,93200,100,
000061.SZ,000061,20251209,93009230,0,1302086,0,S,93500,100,
000061.SZ,000061,20251209,93009250,0,1302439,0,B,93400,600,
000061.SZ,000061,20251209,93009250,0,1302442,0,B,93400,1100,
000061.SZ,000061,20251209,93009250,0,1302443,0,B,93400,1700,
000061.SZ,000061,20251209,93009250,0,1302444,0,B,93400,300,
000061.SZ,000061,20251209,93009410,0,1306269,0,B,93200,600,
000061.SZ,000061,20251209,93009470,0,1308942,0,S,93500,100,
000061.SZ,000061,20251209,93009530,0,1310184,0,S,93500,100,
000061.SZ,000061,20251209,93009660,0,1313095,0,B,93300,700,
000061.SZ,000061,20251209,93010000,0,1320018,0,S,93400,200,
000061.SZ,000061,20251209,93010250,0,1324873,0,B,92300,200,
000061.SZ,000061,20251209,93010650,0,1333374,0,S,95300,200,
000061.SZ,000061,20251209,93011100,0,1340449,0,S,93500,100,
000061.SZ,000061,20251209,93011430,0,1344163,0,S,93300,100,
000061.SZ,000061,20251209,93012040,0,1350918,0,B,93700,1000,
000061.SZ,000061,20251209,93012100,0,1351490,0,B,92500,2000,
000061.SZ,000061,20251209,93012240,0,1353863,0,S,93400,200,
000061.SZ,000061,20251209,93012240,0,1353866,0,S,93400,300,
000061.SZ,000061,20251209,93012240,0,1353871,0,S,93400,200,
000061.SZ,000061,20251209,93012240,0,1353873,0,S,93400,200,
000061.SZ,000061,20251209,93012240,0,1353875,0,S,93400,100,
000061.SZ,000061,20251209,93012240,0,1353877,0,S,93400,400,
000061.SZ,000061,20251209,93012240,0,1353879,0,S,93400,600,
000061.SZ,000061,20251209,93012240,0,1353883,0,S,93400,200,
000061.SZ,000061,20251209,93012240,0,1353885,0,S,93400,300,
000061.SZ,000061,20251209,93012240,0,1353887,0,S,93400,1900,
000061.SZ,000061,20251209,93012240,0,1353890,0,S,93400,100,
000061.SZ,000061,20251209,93012240,0,1353894,0,S,93400,400,
000061.SZ,000061,20251209,93012630,0,1362038,0,S,93500,100,
000061.SZ,000061,20251209,93012710,0,1364432,0,B,93400,500,
000061.SZ,000061,20251209,93012950,0,1369024,0,S,93500,100,
000061.SZ,000061,20251209,93013070,0,1370701,0,S,93300,2600,
000061.SZ,000061,20251209,93013140,0,1371384,0,S,93600,100,
000061.SZ,000061,20251209,93013560,0,1380136,0,B,92800,300,
000061.SZ,000061,20251209,93013620,0,1381386,0,S,93500,100,
000061.SZ,000061,20251209,93014430,0,1392806,0,S,93300,100,
000061.SZ,000061,20251209,93014480,0,1393267,0,B,93500,200,
000061.SZ,000061,20251209,93014550,0,1394097,0,B,92800,400,
000061.SZ,000061,20251209,93014750,0,1396436,0,S,93500,100,
000061.SZ,000061,20251209,93014980,0,1398915,0,B,93500,3900,
000061.SZ,000061,20251209,93015150,0,1401157,0,B,93000,1000,
000061.SZ,000061,20251209,93015240,0,1402570,0,B,93300,100,
000061.SZ,000061,20251209,93015300,0,1403824,0,B,93200,2700,
000061.SZ,000061,20251209,93015300,0,1403852,0,B,93200,4000,
000061.SZ,000061,20251209,93015300,0,1403948,0,B,93200,2600,
000061.SZ,000061,20251209,93015310,0,1404066,0,B,93200,1900,
000061.SZ,000061,20251209,93015430,0,1406867,0,S,93300,100,
000061.SZ,000061,20251209,93015680,0,1414907,0,S,93400,100,
000061.SZ,000061,20251209,93015850,0,1419508,0,B,93500,3000,
000061.SZ,000061,20251209,93015920,0,1420503,0,S,93200,1400,
000061.SZ,000061,20251209,93016330,0,1428090,0,B,93500,4900,
000061.SZ,000061,20251209,93016440,0,1431103,0,S,93300,100,
000061.SZ,000061,20251209,93016650,0,1436257,0,S,93500,200,
000061.SZ,000061,20251209,93016700,0,1437414,0,S,93500,100,
000061.SZ,000061,20251209,93016950,0,1440646,0,S,93600,100,
000061.SZ,000061,20251209,93017000,0,1441433,0,S,99500,10900,
000061.SZ,000061,20251209,93017190,0,1443725,0,B,93500,5000,
000061.SZ,000061,20251209,93017220,0,1444105,0,S,93600,100,
000061.SZ,000061,20251209,93017250,0,1444562,0,S,93500,300,
000061.SZ,000061,20251209,93017320,0,1445478,0,B,93500,49200,
000061.SZ,000061,20251209,93017540,0,1448162,0,S,93600,100,
000061.SZ,000061,20251209,93017650,0,1449311,0,S,93600,100,
000061.SZ,000061,20251209,93017680,0,1449755,0,S,93500,200,
000061.SZ,000061,20251209,93017860,0,1451595,0,S,93500,200,
000061.SZ,000061,20251209,93018150,0,1455174,0,B,93500,100,
000061.SZ,000061,20251209,93018610,0,1464766,0,B,93200,500,
000061.SZ,000061,20251209,93018650,0,1465408,0,B,93500,100,
000061.SZ,000061,20251209,93018650,0,1465409,0,B,93500,100,
000061.SZ,000061,20251209,93019270,0,1476561,0,S,93700,100,
000061.SZ,000061,20251209,93019660,0,1483612,0,S,93700,300,
000061.SZ,000061,20251209,93019830,0,1486801,0,S,93600,200,
000061.SZ,000061,20251209,93019910,0,1487660,0,S,93700,100,
000061.SZ,000061,20251209,93019980,0,1488609,0,S,93500,100,
000061.SZ,000061,20251209,93020260,0,1492042,0,S,93700,500,
000061.SZ,000061,20251209,93020660,0,1497349,0,B,93600,1500,
000061.SZ,000061,20251209,93021030,0,1501498,0,B,93400,1000,
000061.SZ,000061,20251209,93021150,0,1503168,0,S,93500,100,
000061.SZ,000061,20251209,93021380,0,1507618,0,S,94400,2000,
000061.SZ,000061,20251209,93021420,0,1508188,0,S,93900,10000,
000061.SZ,000061,20251209,93021480,0,1509095,0,S,93700,100,
000061.SZ,000061,20251209,93021660,0,1515312,0,S,93700,100,
000061.SZ,000061,20251209,93021850,0,1518149,0,S,93600,100,
000061.SZ,000061,20251209,93021860,0,1518594,0,S,93700,200,
000061.SZ,000061,20251209,93021880,0,1518917,0,S,93700,100,
000061.SZ,000061,20251209,93021950,0,1519818,0,S,93700,200,
000061.SZ,000061,20251209,93023890,0,1547597,0,B,93600,700,
000061.SZ,000061,20251209,93024030,0,1549219,0,S,93700,1600,
000061.SZ,000061,20251209,93024180,0,1551186,0,S,93700,100,
000061.SZ,000061,20251209,93024190,0,1551310,0,S,93600,1100,
000061.SZ,000061,20251209,93024210,0,1551472,0,B,93500,1000,
000061.SZ,000061,20251209,93024210,0,1551483,0,B,93500,1000,
000061.SZ,000061,20251209,93024280,0,1552772,0,B,93500,500,
000061.SZ,000061,20251209,93024780,0,1563414,0,S,93700,100,
000061.SZ,000061,20251209,93025080,0,1567797,0,S,100000,500,
000061.SZ,000061,20251209,93025330,0,1572171,0,S,93600,2900,
000061.SZ,000061,20251209,93025910,0,1581874,0,S,93700,200,
000061.SZ,000061,20251209,93026010,0,1582874,0,B,93600,100,
000061.SZ,000061,20251209,93026050,0,1583426,0,S,93700,100,
000061.SZ,000061,20251209,93026540,0,1588751,0,S,93600,1500,
000061.SZ,000061,20251209,93026680,0,1590300,0,S,94500,10100,
000061.SZ,000061,20251209,93026690,0,1590302,0,S,93700,200,
000061.SZ,000061,20251209,93026870,0,1592144,0,S,93700,100,
000061.SZ,000061,20251209,93026940,0,1592910,0,S,93600,500,
000061.SZ,000061,20251209,93027210,0,1596235,0,S,93700,100,
000061.SZ,000061,20251209,93027290,0,1597230,0,S,93500,1900,
000061.SZ,000061,20251209,93027290,0,1597232,0,S,93500,14700,
000061.SZ,000061,20251209,93027290,0,1597234,0,S,93500,1400,
000061.SZ,000061,20251209,93027290,0,1597236,0,S,93500,800,
000061.SZ,000061,20251209,93027290,0,1597238,0,S,93500,3400,
000061.SZ,000061,20251209,93027290,0,1597240,0,S,93500,2200,
000061.SZ,000061,20251209,93027290,0,1597245,0,S,93500,1300,
000061.SZ,000061,20251209,93027300,0,1597559,0,S,93500,200,
000061.SZ,000061,20251209,93027300,0,1597562,0,S,93600,100,
000061.SZ,000061,20251209,93027300,0,1597591,0,S,93500,3000,
000061.SZ,000061,20251209,93027300,0,1597593,0,S,93500,1700,
000061.SZ,000061,20251209,93027300,0,1597595,0,S,93500,2900,
000061.SZ,000061,20251209,93027300,0,1597599,0,S,93500,3500,
000061.SZ,000061,20251209,93027300,0,1597602,0,S,93500,5100,
000061.SZ,000061,20251209,93027390,0,1600830,0,S,93500,600,
000061.SZ,000061,20251209,93027390,0,1600834,0,S,93500,1100,
000061.SZ,000061,20251209,93027390,0,1600836,0,S,93500,1700,
000061.SZ,000061,20251209,93027390,0,1600839,0,S,93500,300,
000061.SZ,000061,20251209,93027760,0,1607205,0,S,93700,100,
000061.SZ,000061,20251209,93027830,0,1608311,0,S,93600,5000,
000061.SZ,000061,20251209,93028310,0,1615416,0,B,93600,2100,
000061.SZ,000061,20251209,93028320,0,1615776,0,B,93900,1000,
000061.SZ,000061,20251209,93028770,0,1623979,0,S,93900,1000,
000061.SZ,000061,20251209,93029060,0,1627772,0,S,102600,200,
000061.SZ,000061,20251209,93029310,0,1631177,0,S,93600,200,
000061.SZ,000061,20251209,93029310,0,1631203,0,S,93700,300,
000061.SZ,000061,20251209,93029970,0,1639707,0,S,93700,200,
000061.SZ,000061,20251209,93030140,0,1642362,0,B,93600,300,
000061.SZ,000061,20251209,93030260,0,1644330,0,S,93500,3900,
000061.SZ,000061,20251209,93030260,0,1644343,0,S,93500,200,
000061.SZ,000061,20251209,93030270,0,1644431,0,S,93600,600,
000061.SZ,000061,20251209,93030270,0,1644436,0,S,93500,200,
000061.SZ,000061,20251209,93030270,0,1644438,0,S,93500,900,
000061.SZ,000061,20251209,93030270,0,1644442,0,S,93500,500,
000061.SZ,000061,20251209,93030270,0,1644445,0,S,93500,100,
000061.SZ,000061,20251209,93030270,0,1644541,0,B,93500,2700,
000061.SZ,000061,20251209,93030280,0,1644645,0,S,93500,300,
000061.SZ,000061,20251209,93030290,0,1645064,0,S,93500,500,
000061.SZ,000061,20251209,93030390,0,1647022,0,B,93400,300,
000061.SZ,000061,20251209,93030390,0,1647038,0,B,93400,2600,
000061.SZ,000061,20251209,93030410,0,1647504,0,B,93400,300,
000061.SZ,000061,20251209,93030490,0,1649740,0,B,93600,11100,
000061.SZ,000061,20251209,93030590,0,1651422,0,B,93500,100,
000061.SZ,000061,20251209,93030620,0,1651868,0,B,93500,100,
000061.SZ,000061,20251209,93030660,0,1652786,0,B,90100,4000,
000061.SZ,000061,20251209,93030900,0,1657622,0,S,102000,2600,
000061.SZ,000061,20251209,93030990,0,1658943,0,S,93700,200,
000061.SZ,000061,20251209,93031060,0,1660160,0,S,93500,2000,
000061.SZ,000061,20251209,93031550,0,1669894,0,S,93700,100,
000061.SZ,000061,20251209,93031680,0,1671796,0,S,93600,100,
000061.SZ,000061,20251209,93031950,0,1675679,0,S,93700,400,
000061.SZ,000061,20251209,93032030,0,1676982,0,B,93600,15100,
000061.SZ,000061,20251209,93032100,0,1677803,0,S,93600,5000,
000061.SZ,000061,20251209,93032150,0,1678463,0,B,93600,3200,
000061.SZ,000061,20251209,93032370,0,1681328,0,S,93600,200,
000061.SZ,000061,20251209,93032370,0,1681346,0,S,93700,100,
000061.SZ,000061,20251209,93032710,0,1685418,0,B,93300,2800,
000061.SZ,000061,20251209,93033100,0,1689775,0,S,93600,1000,
000061.SZ,000061,20251209,93033210,0,1691415,0,B,93600,100,
000061.SZ,000061,20251209,93033210,0,1691494,0,B,93600,200,
000061.SZ,000061,20251209,93033220,0,1691515,0,B,93600,100,
000061.SZ,000061,20251209,93033280,0,1692839,0,B,93600,200,
000061.SZ,000061,20251209,93033280,0,1692894,0,B,93600,700,
000061.SZ,000061,20251209,93033320,0,1693587,0,B,93600,700,
000061.SZ,000061,20251209,93033370,0,1694377,0,S,93500,10000,
000061.SZ,000061,20251209,93033380,0,1694457,0,B,93500,2700,
000061.SZ,000061,20251209,93033380,0,1694459,0,B,93500,2600,
000061.SZ,000061,20251209,93033380,0,1694462,0,B,93500,4000,
000061.SZ,000061,20251209,93033380,0,1694576,0,B,93500,1900,
000061.SZ,000061,20251209,93033440,0,1695610,0,B,93500,600,
000061.SZ,000061,20251209,93033550,0,1697882,0,B,93600,2300,
000061.SZ,000061,20251209,93033570,0,1698213,0,S,93500,500,
000061.SZ,000061,20251209,93033910,0,1704989,0,B,93500,400,
000061.SZ,000061,20251209,93034480,0,1714872,0,S,93800,100,
000061.SZ,000061,20251209,93034900,0,1721494,0,S,95500,700,
000061.SZ,000061,20251209,93035070,0,1723838,0,B,93600,300,
000061.SZ,000061,20251209,93035230,0,1726473,0,S,93600,100,
000061.SZ,000061,20251209,93035240,0,1726674,0,S,93600,100,
000061.SZ,000061,20251209,93035240,0,1726700,0,S,93600,100,
000061.SZ,000061,20251209,93035260,0,1726927,0,S,93600,100,
000061.SZ,000061,20251209,93035280,0,1727335,0,S,93600,100,
000061.SZ,000061,20251209,93035580,0,1731883,0,S,93600,100,
000061.SZ,000061,20251209,93035580,0,1731885,0,S,93600,100,
000061.SZ,000061,20251209,93035580,0,1731891,0,S,93600,100,
000061.SZ,000061,20251209,93035670,0,1733045,0,B,93600,1600,
000061.SZ,000061,20251209,93035770,0,1734376,0,S,96500,15100,
000061.SZ,000061,20251209,93035820,0,1734986,0,S,93600,100,
000061.SZ,000061,20251209,93036230,0,1741278,0,S,93600,100,
000061.SZ,000061,20251209,93036260,0,1741793,0,B,93600,200,
000061.SZ,000061,20251209,93036340,0,1743797,0,S,93600,200,
000061.SZ,000061,20251209,93036340,0,1743799,0,S,93600,600,
000061.SZ,000061,20251209,93036640,0,1752079,0,B,93600,200,
000061.SZ,000061,20251209,93036880,0,1756133,0,S,98500,1000,
000061.SZ,000061,20251209,93036970,0,1758316,0,S,93600,100,
000061.SZ,000061,20251209,93036980,0,1758337,0,S,93600,100,
000061.SZ,000061,20251209,93036980,0,1758356,0,S,93600,100,
000061.SZ,000061,20251209,93036980,0,1758384,0,S,93600,100,
000061.SZ,000061,20251209,93037190,0,1763048,0,S,98100,6700,
000061.SZ,000061,20251209,93037250,0,1764473,0,B,93700,29600,
000061.SZ,000061,20251209,93037250,0,1764536,0,S,93700,200,
000061.SZ,000061,20251209,93037260,0,1764632,0,S,93700,100,
000061.SZ,000061,20251209,93037400,0,1767596,0,B,93300,2000,
000061.SZ,000061,20251209,93037970,0,1777326,0,S,93700,100,
000061.SZ,000061,20251209,93038620,0,1786024,0,S,93500,900,
000061.SZ,000061,20251209,93039150,0,1794882,0,B,93700,300,
000061.SZ,000061,20251209,93039150,0,1795020,0,B,93600,100,
000061.SZ,000061,20251209,93039150,0,1795021,0,B,93700,100,
000061.SZ,000061,20251209,93039180,0,1795610,0,B,93600,200,
000061.SZ,000061,20251209,93039210,0,1796836,0,B,93600,2600,
000061.SZ,000061,20251209,93039270,0,1798668,0,B,93600,500,
000061.SZ,000061,20251209,93039400,0,1800666,0,B,93600,500,
000061.SZ,000061,20251209,93039950,0,1813502,0,S,93800,200,
000061.SZ,000061,20251209,93040490,0,1824564,0,B,93800,5000,
000061.SZ,000061,20251209,93040810,0,1829345,0,B,93600,100,
000061.SZ,000061,20251209,93041440,0,1841360,0,B,93700,100,
000061.SZ,000061,20251209,93041490,0,1842149,0,B,93900,8100,
000061.SZ,000061,20251209,93041490,0,1842257,0,B,93900,600,
000061.SZ,000061,20251209,93041510,0,1842670,0,B,93600,2600,
000061.SZ,000061,20251209,93041530,0,1842915,0,S,93500,100,
000061.SZ,000061,20251209,93041540,0,1843058,0,S,93500,100,
000061.SZ,000061,20251209,93041830,0,1848720,0,B,93700,100,
000061.SZ,000061,20251209,93041830,0,1848733,0,B,93700,100,
000061.SZ,000061,20251209,93041830,0,1848791,0,B,93800,7700,
000061.SZ,000061,20251209,93041850,0,1849000,0,B,93700,400,
000061.SZ,000061,20251209,93042030,0,1851996,0,B,93600,1900,
000061.SZ,000061,20251209,93042180,0,1854574,0,B,93900,1000,
000061.SZ,000061,20251209,93042180,0,1854579,0,B,93900,400,
000061.SZ,000061,20251209,93042180,0,1854584,0,B,93900,1700,
000061.SZ,000061,20251209,93042240,0,1856215,0,B,93800,100,
000061.SZ,000061,20251209,93042340,0,1858466,0,S,94000,100,
000061.SZ,000061,20251209,93042380,0,1859181,0,B,93800,100,
000061.SZ,000061,20251209,93042390,0,1859301,0,B,93800,4000,
000061.SZ,000061,20251209,93042390,0,1859333,0,B,93800,1200,
000061.SZ,000061,20251209,93042390,0,1859349,0,B,93800,2600,
000061.SZ,000061,20251209,93042400,0,1859583,0,B,93800,1900,
000061.SZ,000061,20251209,93042460,0,1861255,0,B,93800,500,
000061.SZ,000061,20251209,93042560,0,1863367,0,S,93500,3200,
000061.SZ,000061,20251209,93042580,0,1863788,0,S,93500,700,
000061.SZ,000061,20251209,93042600,0,1864542,0,S,93500,1000,
000061.SZ,000061,20251209,93042600,0,1864824,0,S,93500,900,
000061.SZ,000061,20251209,93042710,0,1867164,0,B,92000,1000,
000061.SZ,000061,20251209,93042910,0,1870603,0,B,93800,300,
000061.SZ,000061,20251209,93042910,0,1870619,0,B,93800,500,
000061.SZ,000061,20251209,93042910,0,1870620,0,B,93800,300,
000061.SZ,000061,20251209,93042910,0,1870628,0,B,93800,300,
000061.SZ,000061,20251209,93042990,0,1871901,0,S,93800,1200,
000061.SZ,000061,20251209,93043070,0,1873173,0,B,93700,600,
000061.SZ,000061,20251209,93043120,0,1874231,0,S,93500,100,
000061.SZ,000061,20251209,93043130,0,1874287,0,B,93900,100,
000061.SZ,000061,20251209,93043290,0,1877845,0,S,94300,500,
000061.SZ,000061,20251209,93043570,0,1884008,0,B,93600,200,
000061.SZ,000061,20251209,93043660,0,1885508,0,B,93600,500,
000061.SZ,000061,20251209,93045150,0,1915479,0,B,93900,400,
000061.SZ,000061,20251209,93045150,0,1915481,0,B,93900,1600,
000061.SZ,000061,20251209,93045440,0,1921802,0,B,94000,100,
000061.SZ,000061,20251209,93045670,0,1926417,0,B,93200,300,
000061.SZ,000061,20251209,93045690,0,1926808,0,S,93500,200,
000061.SZ,000061,20251209,93045750,0,1928020,0,S,93900,100,
000061.SZ,000061,20251209,93045880,0,1929957,0,B,92800,800,
000061.SZ,000061,20251209,93047210,0,1953417,0,B,94100,2100,
000061.SZ,000061,20251209,93047410,0,1956150,0,S,93200,4300,
000061.SZ,000061,20251209,93047980,0,1963444,0,S,94000,700,
000061.SZ,000061,20251209,93048150,0,1966062,0,B,93900,400,
000061.SZ,000061,20251209,93048150,0,1966066,0,B,93900,400,
000061.SZ,000061,20251209,93048530,0,1972218,0,B,94000,100,
000061.SZ,000061,20251209,93048700,0,1974979,0,S,94100,5000,
000061.SZ,000061,20251209,93049290,0,1984695,0,S,93900,400,
000061.SZ,000061,20251209,93049400,0,1986346,0,S,93800,6000,
000061.SZ,000061,20251209,93050580,0,2003522,0,S,94100,1100,
000061.SZ,000061,20251209,93050660,0,2004560,0,B,93700,1000,
000061.SZ,000061,20251209,93050670,0,2004587,0,B,93700,200,
000061.SZ,000061,20251209,93050670,0,2004648,0,S,93700,2200,
000061.SZ,000061,20251209,93050680,0,2004775,0,B,93700,100,
000061.SZ,000061,20251209,93050770,0,2005785,0,S,93800,400,
000061.SZ,000061,20251209,93050780,0,2005940,0,S,95900,2000,
000061.SZ,000061,20251209,93051180,0,2010961,0,S,93800,100,
000061.SZ,000061,20251209,93051210,0,2011504,0,S,95000,3500,
000061.SZ,000061,20251209,93051270,0,2012522,0,S,94500,6700,
000061.SZ,000061,20251209,93051680,0,2019128,0,B,93900,100,
000061.SZ,000061,20251209,93051730,0,2019979,0,S,93900,500,
000061.SZ,000061,20251209,93052060,0,2024354,0,S,100800,1000,
000061.SZ,000061,20251209,93052130,0,2025094,0,S,94600,5000,
000061.SZ,000061,20251209,93052750,0,2034490,0,B,93800,3000,
000061.SZ,000061,20251209,93052760,0,2034606,0,S,93800,2900,
000061.SZ,000061,20251209,93052760,0,2034649,0,S,93800,2900,
000061.SZ,000061,20251209,93052800,0,2035116,0,S,93900,400,
000061.SZ,000061,20251209,93053440,0,2042742,0,S,93800,400,
000061.SZ,000061,20251209,93053610,0,2044698,0,B,93800,400,
000061.SZ,000061,20251209,93054150,0,2051673,0,B,93700,100,
000061.SZ,000061,20251209,93054150,0,2051728,0,B,93700,100,
000061.SZ,000061,20251209,93054370,0,2055505,0,S,93800,100,
000061.SZ,000061,20251209,93054580,0,2059017,0,B,93900,100,
000061.SZ,000061,20251209,93054990,0,2065277,0,S,94200,2200,
000061.SZ,000061,20251209,93055430,0,2072517,0,S,93800,100,
000061.SZ,000061,20251209,93055540,0,2074148,0,B,93900,5000,
000061.SZ,000061,20251209,93056200,0,2082341,0,B,91800,300,
000061.SZ,000061,20251209,93056740,0,2088942,0,S,93800,10000,
000061.SZ,000061,20251209,93057670,0,2101221,0,B,93900,100,
000061.SZ,000061,20251209,93058470,0,2111837,0,S,93700,200,
000061.SZ,000061,20251209,93058740,0,2115377,0,S,93800,1000,
000061.SZ,000061,20251209,93058760,0,2115641,0,B,93600,200,
000061.SZ,000061,20251209,93058820,0,2116299,0,B,93200,2000,
000061.SZ,000061,20251209,93059370,0,2122832,0,B,93700,2000,
000061.SZ,000061,20251209,93059370,0,2122931,0,S,93700,2000,
000061.SZ,000061,20251209,93100240,0,2133903,0,S,97800,2000,
000061.SZ,000061,20251209,93100330,0,2136055,0,B,93800,400,
000061.SZ,000061,20251209,93100550,0,2140599,0,B,93800,400,
000061.SZ,000061,20251209,93101500,0,2160413,0,S,102600,8700,
000061.SZ,000061,20251209,93101520,0,2160750,0,S,94000,400,
000061.SZ,000061,20251209,93101900,0,2166775,0,S,93800,700,
000061.SZ,000061,20251209,93102010,0,2168185,0,S,93800,2000,
000061.SZ,000061,20251209,93102010,0,2168221,0,S,93800,100,
000061.SZ,000061,20251209,93102700,0,2177976,0,B,93200,100,
000061.SZ,000061,20251209,93104750,0,2211038,0,S,98300,1700,
000061.SZ,000061,20251209,93104790,0,2211677,0,S,94000,1200,
000061.SZ,000061,20251209,93104870,0,2213137,0,S,93700,1500,
000061.SZ,000061,20251209,93104890,0,2213342,0,S,93600,100,
000061.SZ,000061,20251209,93105080,0,2215879,0,S,94600,13900,
000061.SZ,000061,20251209,93105520,0,2222226,0,S,93900,1000,
000061.SZ,000061,20251209,93105730,0,2224761,0,B,91300,3300,
000061.SZ,000061,20251209,93106010,0,2227867,0,B,93800,200,
000061.SZ,000061,20251209,93106070,0,2228722,0,S,93900,1200,
000061.SZ,000061,20251209,93106120,0,2229567,0,S,95600,300,
000061.SZ,000061,20251209,93106410,0,2234426,0,S,93800,600,
000061.SZ,000061,20251209,93106850,0,2242479,0,B,93200,1000,
000061.SZ,000061,20251209,93107630,0,2255218,0,S,93600,900,
000061.SZ,000061,20251209,93107780,0,2257281,0,S,94000,20000,
000061.SZ,000061,20251209,93107910,0,2258884,0,B,93500,600,
000061.SZ,000061,20251209,93108260,0,2263853,0,S,93800,2300,
000061.SZ,000061,20251209,93108290,0,2264125,0,S,93600,1300,
000061.SZ,000061,20251209,93108420,0,2265888,0,S,93700,2000,
000061.SZ,000061,20251209,93108670,0,2268973,0,B,91000,1000,
000061.SZ,000061,20251209,93109640,0,2281832,0,S,93800,100,
000061.SZ,000061,20251209,93109640,0,2281964,0,S,93700,200,
000061.SZ,000061,20251209,93110160,0,2289466,0,B,93800,3000,
000061.SZ,000061,20251209,93110710,0,2299827,0,S,93800,400,
000061.SZ,000061,20251209,93111820,0,2314104,0,S,94200,200,
000061.SZ,000061,20251209,93112070,0,2317306,0,B,93700,800,
000061.SZ,000061,20251209,93112080,0,2317485,0,S,93700,1000,
000061.SZ,000061,20251209,93112120,0,2318092,0,S,93800,400,
000061.SZ,000061,20251209,93113460,0,2340634,0,S,93600,5000,
000061.SZ,000061,20251209,93113630,0,2343309,0,S,93600,300,
000061.SZ,000061,20251209,93113820,0,2345759,0,B,93900,10700,
000061.SZ,000061,20251209,93113860,0,2346197,0,S,93700,500,
000061.SZ,000061,20251209,93113910,0,2346813,0,B,93600,4100,
000061.SZ,000061,20251209,93115160,0,2360987,0,S,94200,100,
000061.SZ,000061,20251209,93115180,0,2361177,0,B,93700,100,
000061.SZ,000061,20251209,93115190,0,2361195,0,B,93700,100,
000061.SZ,000061,20251209,93115190,0,2361216,0,B,93600,100,
000061.SZ,000061,20251209,93115230,0,2361779,0,S,93700,500,
000061.SZ,000061,20251209,93115490,0,2365320,0,B,93600,1000,
000061.SZ,000061,20251209,93115760,0,2369672,0,S,100200,12100,
000061.SZ,000061,20251209,93115820,0,2370476,0,S,93600,1200,
000061.SZ,000061,20251209,93116440,0,2379043,0,S,94500,4000,
000061.SZ,000061,20251209,93116570,0,2380976,0,S,94500,500,
000061.SZ,000061,20251209,93116770,0,2383344,0,S,94500,29900,
000061.SZ,000061,20251209,93116840,0,2384092,0,B,93600,500,
000061.SZ,000061,20251209,93117060,0,2386507,0,B,93200,2000,
000061.SZ,000061,20251209,93118220,0,2400721,0,B,93600,200,
000061.SZ,000061,20251209,93118440,0,2403802,0,S,94000,4000,
000061.SZ,000061,20251209,93120610,0,2431451,0,B,93600,700,
000061.SZ,000061,20251209,93120670,0,2432114,0,S,93900,1000,
000061.SZ,000061,20251209,93120810,0,2433572,0,S,93900,2200,
000061.SZ,000061,20251209,93120900,0,2434558,0,B,93600,1000,
000061.SZ,000061,20251209,93121010,0,2435896,0,S,93900,3000,
000061.SZ,000061,20251209,93121150,0,2437647,0,B,93600,100,
000061.SZ,000061,20251209,93121220,0,2438770,0,S,93900,400,
000061.SZ,000061,20251209,93122510,0,2456711,0,S,94200,1100,
000061.SZ,000061,20251209,93122530,0,2456965,0,B,93600,200,
000061.SZ,000061,20251209,93122970,0,2462325,0,S,93600,600,
000061.SZ,000061,20251209,93123380,0,2467608,0,B,93800,1000,
000061.SZ,000061,20251209,93123380,0,2467645,0,S,93800,700,
000061.SZ,000061,20251209,93123380,0,2467649,0,S,93800,700,
000061.SZ,000061,20251209,93123380,0,2467662,0,S,93800,1000,
000061.SZ,000061,20251209,93123390,0,2467672,0,S,93800,1000,
000061.SZ,000061,20251209,93124090,0,2475870,0,S,93600,10000,
000061.SZ,000061,20251209,93124250,0,2477801,0,B,93500,100,
000061.SZ,000061,20251209,93124390,0,2480095,0,B,93600,1100,
000061.SZ,000061,20251209,93124640,0,2484195,0,B,93500,500,
000061.SZ,000061,20251209,93125300,0,2493861,0,B,93500,300,
000061.SZ,000061,20251209,93125540,0,2497586,0,B,93600,100,
000061.SZ,000061,20251209,93125860,0,2501902,0,S,94000,600,
000061.SZ,000061,20251209,93126220,0,2506525,0,B,93600,1000,
000061.SZ,000061,20251209,93126570,0,2510985,0,S,93900,800,
000061.SZ,000061,20251209,93126620,0,2511631,0,B,93500,200,
000061.SZ,000061,20251209,93128410,0,2536304,0,B,93700,800,
000061.SZ,000061,20251209,93128510,0,2537738,0,B,93600,100,
000061.SZ,000061,20251209,93128570,0,2538614,0,B,93000,2000,
000061.SZ,000061,20251209,93128860,0,2542852,0,S,93500,100,
000061.SZ,000061,20251209,93129050,0,2544945,0,S,93800,2100,
000061.SZ,000061,20251209,93129230,0,2546901,0,B,93600,2000,
000061.SZ,000061,20251209,93130090,0,2556289,0,B,89200,200,
000061.SZ,000061,20251209,93130340,0,2559544,0,B,93600,500,
000061.SZ,000061,20251209,93130670,0,2564235,0,S,93800,10000,
000061.SZ,000061,20251209,93133630,0,2599437,0,B,93700,200,
000061.SZ,000061,20251209,93134640,0,2612953,0,B,93700,800,
000061.SZ,000061,20251209,93135600,0,2623682,0,S,93800,7500,
000061.SZ,000061,20251209,93135620,0,2623917,0,B,93700,200,
000061.SZ,000061,20251209,93135870,0,2626260,0,S,93900,1000,
000061.SZ,000061,20251209,93136160,0,2629380,0,S,100800,5700,
000061.SZ,000061,20251209,93136210,0,2630062,0,B,93700,600,
000061.SZ,000061,20251209,93136800,0,2638541,0,S,93700,5000,
000061.SZ,000061,20251209,93137170,0,2643284,0,S,93700,200,
000061.SZ,000061,20251209,93137790,0,2651845,0,B,93700,400,
000061.SZ,000061,20251209,93139440,0,2670732,0,S,93800,2000,
000061.SZ,000061,20251209,93140050,0,2678590,0,S,95600,1900,
000061.SZ,000061,20251209,93140780,0,2688945,0,S,96000,13900,
000061.SZ,000061,20251209,93142990,0,2719371,0,B,93800,2000,
000061.SZ,000061,20251209,93143260,0,2723639,0,S,93900,1900,
000061.SZ,000061,20251209,93143440,0,2726348,0,S,93700,400,
000061.SZ,000061,20251209,93144300,0,2739014,0,B,93600,200,
000061.SZ,000061,20251209,93144730,0,2744332,0,S,93700,1000,
000061.SZ,000061,20251209,93145380,0,2752162,0,S,93800,10000,
000061.SZ,000061,20251209,93145480,0,2753710,0,S,93700,1000,
000061.SZ,000061,20251209,93146110,0,2764163,0,B,92800,5000,
000061.SZ,000061,20251209,93146620,0,2772262,0,B,93400,2800,
000061.SZ,000061,20251209,93147010,0,2777577,0,B,93800,20000,
000061.SZ,000061,20251209,93147010,0,2777642,0,S,100000,2000,
000061.SZ,000061,20251209,93148280,0,2792603,0,B,95200,1900,
000061.SZ,000061,20251209,93148290,0,2792796,0,S,96900,500,
000061.SZ,000061,20251209,93148300,0,2792990,0,B,93600,100,
000061.SZ,000061,20251209,93150010,0,2816298,0,B,93600,1000,
000061.SZ,000061,20251209,93150150,0,2817896,0,B,93700,5000,
000061.SZ,000061,20251209,93150680,0,2823828,0,B,93700,200,
000061.SZ,000061,20251209,93150930,0,2826393,0,S,102600,1100,
000061.SZ,000061,20251209,93151030,0,2827474,0,B,93700,200,
000061.SZ,000061,20251209,93151160,0,2828896,0,S,93600,10000,
000061.SZ,000061,20251209,93151170,0,2828967,0,B,93600,200,
000061.SZ,000061,20251209,93151170,0,2828970,0,B,93500,100,
000061.SZ,000061,20251209,93151170,0,2829001,0,B,93600,900,
000061.SZ,000061,20251209,93151170,0,2829023,0,B,93600,100,
000061.SZ,000061,20251209,93151180,0,2829105,0,B,93600,500,
000061.SZ,000061,20251209,93151220,0,2829540,0,S,93800,400,
000061.SZ,000061,20251209,93151260,0,2830036,0,S,94300,4000,
000061.SZ,000061,20251209,93151270,0,2830155,0,B,93700,300,
000061.SZ,000061,20251209,93151380,0,2832072,0,B,93700,700,
000061.SZ,000061,20251209,93151380,0,2832083,0,B,93700,300,
000061.SZ,000061,20251209,93151870,0,2838596,0,B,93700,100,
000061.SZ,000061,20251209,93151950,0,2839364,0,B,93700,200,
000061.SZ,000061,20251209,93152040,0,2840433,0,B,93700,200,
000061.SZ,000061,20251209,93152260,0,2843361,0,S,93800,200,
000061.SZ,000061,20251209,93152500,0,2846828,0,S,93600,5000,
000061.SZ,000061,20251209,93152510,0,2846949,0,B,93600,2500,
000061.SZ,000061,20251209,93152510,0,2846955,0,B,93500,100,
000061.SZ,000061,20251209,93152510,0,2846957,0,B,93500,300,
000061.SZ,000061,20251209,93152510,0,2846958,0,B,93600,2500,
000061.SZ,000061,20251209,93152510,0,2846968,0,B,93500,100,
000061.SZ,000061,20251209,93152970,0,2852670,0,B,93700,600,
000061.SZ,000061,20251209,93152970,0,2852674,0,B,84000,200,
000061.SZ,000061,20251209,93153040,0,2853502,0,B,91100,10100,
000061.SZ,000061,20251209,93153380,0,2857156,0,B,93700,500,
000061.SZ,000061,20251209,93153570,0,2859350,0,B,93200,100,
000061.SZ,000061,20251209,93153770,0,2861500,0,B,93700,300,
000061.SZ,000061,20251209,93154180,0,2866074,0,B,94600,1500,
000061.SZ,000061,20251209,93154300,0,2867717,0,S,93700,600,
000061.SZ,000061,20251209,93154300,0,2867757,0,B,93700,200,
000061.SZ,000061,20251209,93154500,0,2870177,0,B,93700,400,
000061.SZ,000061,20251209,93154850,0,2874883,0,S,93800,5000,
000061.SZ,000061,20251209,93154870,0,2875071,0,B,92000,400,
000061.SZ,000061,20251209,93155730,0,2885569,0,S,93800,100,
000061.SZ,000061,20251209,93156300,0,2892324,0,B,93700,400,
000061.SZ,000061,20251209,93156700,0,2897122,0,B,93700,2000,
000061.SZ,000061,20251209,93157110,0,2901818,0,S,100000,1200,
000061.SZ,000061,20251209,93157310,0,2904233,0,S,93800,2000,
000061.SZ,000061,20251209,93157710,0,2909148,0,S,94000,10000,
000061.SZ,000061,20251209,93158180,0,2914820,0,S,93800,600,
000061.SZ,000061,20251209,93158340,0,2917176,0,B,93600,300,
000061.SZ,000061,20251209,93159170,0,2926267,0,S,94100,5000,
000061.SZ,000061,20251209,93200040,0,2935467,0,S,93700,3800,
000061.SZ,000061,20251209,93200170,0,2937304,0,B,94600,600,
000061.SZ,000061,20251209,93200400,0,2940723,0,S,93700,1300,
000061.SZ,000061,20251209,93200490,0,2942210,0,B,94000,1000,
000061.SZ,000061,20251209,93200490,0,2942275,0,B,94000,1100,
000061.SZ,000061,20251209,93200490,0,2942294,0,B,94000,1400,
000061.SZ,000061,20251209,93200490,0,2942307,0,B,94000,1600,
000061.SZ,000061,20251209,93200550,0,2943729,0,B,94000,600,
000061.SZ,000061,20251209,93200590,0,2944454,0,B,94000,700,
000061.SZ,000061,20251209,93200590,0,2944457,0,B,94000,100,
000061.SZ,000061,20251209,93200590,0,2944463,0,B,94000,900,
000061.SZ,000061,20251209,93200600,0,2944485,0,B,94000,1000,
000061.SZ,000061,20251209,93200600,0,2944674,0,B,94000,100,
000061.SZ,000061,20251209,93200600,0,2944742,0,B,94000,100,
000061.SZ,000061,20251209,93200610,0,2944762,0,B,94000,400,
000061.SZ,000061,20251209,93200610,0,2944779,0,B,94000,100,
000061.SZ,000061,20251209,93200610,0,2944835,0,B,94000,900,
000061.SZ,000061,20251209,93200610,0,2944924,0,B,94000,700,
000061.SZ,000061,20251209,93200620,0,2945149,0,B,94000,2900,
000061.SZ,000061,20251209,93200640,0,2945469,0,B,94000,100,
000061.SZ,000061,20251209,93200650,0,2945624,0,B,94000,100,
000061.SZ,000061,20251209,93200650,0,2945633,0,B,94000,2600,
000061.SZ,000061,20251209,93200650,0,2945685,0,B,94000,900,
000061.SZ,000061,20251209,93200650,0,2945728,0,B,94000,200,
000061.SZ,000061,20251209,93200660,0,2945840,0,B,94000,600,
000061.SZ,000061,20251209,93200660,0,2945878,0,B,94000,100,
000061.SZ,000061,20251209,93200660,0,2945928,0,B,94000,200,
000061.SZ,000061,20251209,93200670,0,2946021,0,B,94000,100,
000061.SZ,000061,20251209,93200670,0,2946081,0,B,94000,500,
000061.SZ,000061,20251209,93200670,0,2946171,0,B,94000,200,
000061.SZ,000061,20251209,93200680,0,2946202,0,B,94000,100,
000061.SZ,000061,20251209,93200680,0,2946247,0,B,94000,3700,
000061.SZ,000061,20251209,93200690,0,2946417,0,B,94000,400,
000061.SZ,000061,20251209,93200690,0,2946572,0,B,94000,200,
000061.SZ,000061,20251209,93200690,0,2946660,0,B,93600,1400,
000061.SZ,000061,20251209,93200700,0,2946692,0,B,94000,600,
000061.SZ,000061,20251209,93200700,0,2946784,0,B,94000,200,
000061.SZ,000061,20251209,93200700,0,2946844,0,B,94000,200,
000061.SZ,000061,20251209,93200710,0,2946909,0,B,94000,200,
000061.SZ,000061,20251209,93200710,0,2946935,0,B,94000,100,
000061.SZ,000061,20251209,93200710,0,2946952,0,B,94000,100,
000061.SZ,000061,20251209,93200710,0,2947012,0,B,94000,100,
000061.SZ,000061,20251209,93200710,0,2947037,0,B,94000,200,
000061.SZ,000061,20251209,93200720,0,2947192,0,B,94000,200,
000061.SZ,000061,20251209,93200720,0,2947273,0,B,94000,400,
000061.SZ,000061,20251209,93200720,0,2947285,0,B,94000,200,
000061.SZ,000061,20251209,93200720,0,2947334,0,B,94000,1100,
000061.SZ,000061,20251209,93200720,0,2947346,0,B,94000,400,
000061.SZ,000061,20251209,93200730,0,2947378,0,B,94000,200,
000061.SZ,000061,20251209,93200730,0,2947500,0,B,93600,100,
000061.SZ,000061,20251209,93200730,0,2947579,0,B,94000,300,
000061.SZ,000061,20251209,93200740,0,2947644,0,B,94000,200,
000061.SZ,000061,20251209,93200770,0,2948424,0,B,93700,100,
000061.SZ,000061,20251209,93200770,0,2948477,0,B,94000,200,
000061.SZ,000061,20251209,93200780,0,2948545,0,B,93700,26200,
000061.SZ,000061,20251209,93200790,0,2948741,0,B,94000,200,
000061.SZ,000061,20251209,93200800,0,2949020,0,B,93700,100,
000061.SZ,000061,20251209,93200810,0,2949106,0,B,94000,200,
000061.SZ,000061,20251209,93203180,0,2979438,0,B,94600,2600,
000061.SZ,000061,20251209,93203180,0,2979498,0,B,93800,100,
000061.SZ,000061,20251209,93203190,0,2979592,0,B,93900,600,
000061.SZ,000061,20251209,93203190,0,2979594,0,B,93900,300,
000061.SZ,000061,20251209,93203200,0,2979688,0,B,93900,100,
000061.SZ,000061,20251209,93203230,0,2980020,0,S,93800,500,
000061.SZ,000061,20251209,93203310,0,2981060,0,B,93800,400,
000061.SZ,000061,20251209,93203390,0,2981870,0,B,93700,600,
000061.SZ,000061,20251209,93203410,0,2982094,0,B,93800,1300,
000061.SZ,000061,20251209,93203520,0,2983741,0,S,93700,300,
000061.SZ,000061,20251209,93203550,0,2984142,0,S,93800,1000,
000061.SZ,000061,20251209,93203560,0,2984168,0,B,93800,1000,
000061.SZ,000061,20251209,93203560,0,2984188,0,B,93800,1800,
000061.SZ,000061,20251209,93203560,0,2984201,0,B,93800,2000,
000061.SZ,000061,20251209,93203560,0,2984206,0,B,93800,1200,
000061.SZ,000061,20251209,93203560,0,2984211,0,B,93700,100,
000061.SZ,000061,20251209,93203590,0,2984641,0,B,93800,800,
000061.SZ,000061,20251209,93203630,0,2985118,0,B,93200,4000,
000061.SZ,000061,20251209,93203800,0,2987772,0,S,93900,600,
000061.SZ,000061,20251209,93204460,0,2997199,0,B,93500,5000,
000061.SZ,000061,20251209,93204680,0,3000031,0,B,93800,100,
000061.SZ,000061,20251209,93204770,0,3001074,0,S,93900,100,
000061.SZ,000061,20251209,93204840,0,3001679,0,B,93700,500,
000061.SZ,000061,20251209,93205230,0,3006687,0,S,94000,100,
000061.SZ,000061,20251209,93205240,0,3006781,0,S,93900,200,
000061.SZ,000061,20251209,93205550,0,3010401,0,B,93800,100,
000061.SZ,000061,20251209,93206150,0,3017344,0,B,93900,100,
000061.SZ,000061,20251209,93206160,0,3017446,0,B,94600,500,
000061.SZ,000061,20251209,93206320,0,3019525,0,B,93400,4500,
000061.SZ,000061,20251209,93208140,0,3042807,0,B,93900,3400,
000061.SZ,000061,20251209,93208770,0,3049703,0,S,99700,600,
000061.SZ,000061,20251209,93208840,0,3050258,0,B,94000,13200,
000061.SZ,000061,20251209,93208850,0,3050297,0,B,93900,1000,
000061.SZ,000061,20251209,93209190,0,3054216,0,B,94600,1600,
000061.SZ,000061,20251209,93209200,0,3054385,0,B,93900,100,
000061.SZ,000061,20251209,93209790,0,3061566,0,S,93700,21000,
000061.SZ,000061,20251209,93209800,0,3061661,0,B,93700,2500,
000061.SZ,000061,20251209,93209800,0,3061665,0,B,93700,500,
000061.SZ,000061,20251209,93209800,0,3061667,0,B,93700,12900,
000061.SZ,000061,20251209,93209800,0,3061669,0,B,93700,5900,
000061.SZ,000061,20251209,93209800,0,3061672,0,B,93700,12900,
000061.SZ,000061,20251209,93209810,0,3061675,0,B,93600,200,
000061.SZ,000061,20251209,93209810,0,3061676,0,B,93700,700,
000061.SZ,000061,20251209,93209810,0,3061679,0,B,93700,9000,
000061.SZ,000061,20251209,93209810,0,3061681,0,B,93700,100,
000061.SZ,000061,20251209,93209810,0,3061685,0,B,93700,3200,
000061.SZ,000061,20251209,93209810,0,3061689,0,B,93700,1000,
000061.SZ,000061,20251209,93209810,0,3061692,0,B,93700,2100,
000061.SZ,000061,20251209,93209810,0,3061735,0,B,93700,1000,
000061.SZ,000061,20251209,93209810,0,3061752,0,B,93700,9800,
000061.SZ,000061,20251209,93209860,0,3062272,0,B,93800,8100,
000061.SZ,000061,20251209,93209990,0,3063688,0,B,94100,500,
000061.SZ,000061,20251209,93210170,0,3065716,0,B,93900,200,
000061.SZ,000061,20251209,93210770,0,3073522,0,B,93800,100,
000061.SZ,000061,20251209,93210810,0,3073939,0,S,93900,700,
000061.SZ,000061,20251209,93210850,0,3074434,0,S,93700,1000,
000061.SZ,000061,20251209,93212170,0,3088989,0,S,93900,800,
000061.SZ,000061,20251209,93212170,0,3088993,0,B,94600,2200,
000061.SZ,000061,20251209,93212180,0,3089007,0,B,95100,100,
000061.SZ,000061,20251209,93212260,0,3090081,0,S,93900,300,
000061.SZ,000061,20251209,93213650,0,3113414,0,S,93800,5000,
000061.SZ,000061,20251209,93213810,0,3116295,0,S,93800,800,
000061.SZ,000061,20251209,93214240,0,3123369,0,B,93700,3000,
000061.SZ,000061,20251209,93214450,0,3126865,0,S,93900,100,
000061.SZ,000061,20251209,93214690,0,3130272,0,S,93800,300,
000061.SZ,000061,20251209,93215180,0,3137008,0,B,94600,700,
000061.SZ,000061,20251209,93216310,0,3154887,0,S,98000,5900,
000061.SZ,000061,20251209,93216420,0,3157073,0,S,93800,900,
000061.SZ,000061,20251209,93216610,0,3160132,0,S,94200,1000,
000061.SZ,000061,20251209,93216970,0,3167221,0,B,93800,1000,
000061.SZ,000061,20251209,93217110,0,3169304,0,S,93800,100,
000061.SZ,000061,20251209,93217310,0,3171699,0,S,94500,3000,
000061.SZ,000061,20251209,93219740,0,3201956,0,B,93600,2800,
000061.SZ,000061,20251209,93219900,0,3203886,0,S,94800,5000,
000061.SZ,000061,20251209,93219960,0,3204690,0,S,94100,100,
000061.SZ,000061,20251209,93219990,0,3204995,0,B,93800,10000,
000061.SZ,000061,20251209,93220260,0,3207852,0,S,93900,2000,
000061.SZ,000061,20251209,93220720,0,3213042,0,B,93800,5000,
000061.SZ,000061,20251209,93221950,0,3228096,0,S,94600,2000,
000061.SZ,000061,20251209,93222310,0,3232949,0,S,94300,100,
000061.SZ,000061,20251209,93222950,0,3241206,0,B,93900,3000,
000061.SZ,000061,20251209,93223040,0,3242220,0,B,93900,1700,
000061.SZ,000061,20251209,93223070,0,3242572,0,B,93900,53300,
000061.SZ,000061,20251209,93223070,0,3242680,0,B,93900,1300,
000061.SZ,000061,20251209,93223120,0,3243230,0,B,93900,100,
000061.SZ,000061,20251209,93223630,0,3249554,0,S,93900,200,
000061.SZ,000061,20251209,93223750,0,3250681,0,S,93800,100,
000061.SZ,000061,20251209,93223920,0,3252673,0,B,93900,100,
000061.SZ,000061,20251209,93223990,0,3253460,0,B,93900,11500,
000061.SZ,000061,20251209,93224030,0,3253997,0,B,94000,400,
000061.SZ,000061,20251209,93224040,0,3254124,0,B,94000,14400,
000061.SZ,000061,20251209,93224150,0,3255326,0,B,94000,100,
000061.SZ,000061,20251209,93224160,0,3255433,0,B,94600,6800,
000061.SZ,000061,20251209,93224160,0,3255495,0,B,94000,100,
000061.SZ,000061,20251209,93224160,0,3255497,0,B,94000,200,
000061.SZ,000061,20251209,93224160,0,3255499,0,B,94000,900,
000061.SZ,000061,20251209,93224160,0,3255501,0,B,94000,500,
000061.SZ,000061,20251209,93224170,0,3255506,0,S,94000,600,
000061.SZ,000061,20251209,93224170,0,3255511,0,B,94000,200,
000061.SZ,000061,20251209,93224170,0,3255531,0,B,94000,200,
000061.SZ,000061,20251209,93224170,0,3255551,0,B,94000,300,
000061.SZ,000061,20251209,93224510,0,3260113,0,S,93800,5000,
000061.SZ,000061,20251209,93224600,0,3261295,0,S,93800,400,
000061.SZ,000061,20251209,93224730,0,3263358,0,S,93800,1400,
000061.SZ,000061,20251209,93225280,0,3270441,0,B,93900,300,
000061.SZ,000061,20251209,93225630,0,3276169,0,B,93900,200,
000061.SZ,000061,20251209,93225720,0,3277135,0,B,94000,100,
000061.SZ,000061,20251209,93225990,0,3280298,0,B,94000,1900,
000061.SZ,000061,20251209,93226000,0,3280370,0,B,94000,1000,
000061.SZ,000061,20251209,93226020,0,3280808,0,B,94000,3200,
000061.SZ,000061,20251209,93226050,0,3281060,0,B,94000,700,
000061.SZ,000061,20251209,93226080,0,3281545,0,B,94000,400,
000061.SZ,000061,20251209,93226600,0,3287362,0,B,94000,1900,
000061.SZ,000061,20251209,93226630,0,3287779,0,B,94000,7700,
000061.SZ,000061,20251209,93226640,0,3287843,0,B,94000,14400,
000061.SZ,000061,20251209,93226800,0,3289600,0,S,94000,2000,
000061.SZ,000061,20251209,93226840,0,3290103,0,B,93900,3200,
000061.SZ,000061,20251209,93227120,0,3293516,0,B,93900,700,
000061.SZ,000061,20251209,93227180,0,3294272,0,B,94600,4300,
000061.SZ,000061,20251209,93227180,0,3294283,0,B,94700,100,
000061.SZ,000061,20251209,93227400,0,3297026,0,S,94000,200,
000061.SZ,000061,20251209,93228280,0,3308370,0,B,93900,1000,
000061.SZ,000061,20251209,93228740,0,3314111,0,S,96600,300,
000061.SZ,000061,20251209,93229540,0,3322965,0,S,93900,1100,
000061.SZ,000061,20251209,93229900,0,3326671,0,B,93900,3100,
000061.SZ,000061,20251209,93230140,0,3329639,0,B,94000,1500,
000061.SZ,000061,20251209,93230210,0,3330508,0,B,94000,1200,
000061.SZ,000061,20251209,93230210,0,3330516,0,B,94600,600,
000061.SZ,000061,20251209,93230220,0,3330535,0,S,94100,100,
000061.SZ,000061,20251209,93230270,0,3331004,0,B,93600,100,
000061.SZ,000061,20251209,93230270,0,3331029,0,B,94000,100,
000061.SZ,000061,20251209,93230640,0,3335868,0,S,94100,2000,
000061.SZ,000061,20251209,93230640,0,3335942,0,B,93500,4600,
000061.SZ,000061,20251209,93231700,0,3350067,0,B,94000,500,
000061.SZ,000061,20251209,93231700,0,3350082,0,B,94000,200,
000061.SZ,000061,20251209,93232740,0,3362059,0,B,92700,400,
000061.SZ,000061,20251209,93232750,0,3362129,0,B,94000,300,
000061.SZ,000061,20251209,93234390,0,3382239,0,B,94100,6600,
000061.SZ,000061,20251209,93234420,0,3382784,0,B,94000,4900,
000061.SZ,000061,20251209,93234760,0,3386934,0,S,93900,5000,
000061.SZ,000061,20251209,93235070,0,3390577,0,S,93900,5000,
000061.SZ,000061,20251209,93236160,0,3402495,0,B,94600,1700,
000061.SZ,000061,20251209,93237120,0,3415478,0,B,94200,800,
000061.SZ,000061,20251209,93237230,0,3416931,0,B,94000,2200,
000061.SZ,000061,20251209,93237380,0,3418838,0,B,93600,2000,
000061.SZ,000061,20251209,93237740,0,3423197,0,B,93400,2000,
000061.SZ,000061,20251209,93237960,0,3425349,0,B,93900,1000,
000061.SZ,000061,20251209,93237970,0,3425471,0,B,94100,3200,
000061.SZ,000061,20251209,93238160,0,3427498,0,B,94200,6600,
000061.SZ,000061,20251209,93238520,0,3431476,0,B,93500,50000,
000061.SZ,000061,20251209,93238920,0,3435190,0,S,95000,1000,
000061.SZ,000061,20251209,93238980,0,3436012,0,B,93900,3300,
000061.SZ,000061,20251209,93238990,0,3436118,0,B,94200,9800,
000061.SZ,000061,20251209,93239020,0,3436434,0,S,93900,4900,
000061.SZ,000061,20251209,93239030,0,3436538,0,B,94000,200,
000061.SZ,000061,20251209,93239150,0,3437863,0,B,94200,200,
000061.SZ,000061,20251209,93239180,0,3438162,0,B,94600,2100,
000061.SZ,000061,20251209,93239640,0,3444341,0,B,94000,2000,
000061.SZ,000061,20251209,93240370,0,3452457,0,S,94100,2000,
000061.SZ,000061,20251209,93240790,0,3458114,0,B,94500,500,
000061.SZ,000061,20251209,93240880,0,3458987,0,B,94100,1400,
000061.SZ,000061,20251209,93240880,0,3459047,0,B,94100,1200,
000061.SZ,000061,20251209,93241070,0,3461127,0,B,94100,600,
000061.SZ,000061,20251209,93241240,0,3463377,0,B,94100,100,
000061.SZ,000061,20251209,93241750,0,3468499,0,B,94200,32500,
000061.SZ,000061,20251209,93241750,0,3468531,0,B,94200,2400,
000061.SZ,000061,20251209,93241750,0,3468533,0,B,94100,1500,
000061.SZ,000061,20251209,93241820,0,3469108,0,B,94200,500,
000061.SZ,000061,20251209,93242010,0,3470916,0,B,94100,100,
000061.SZ,000061,20251209,93242100,0,3472019,0,B,94200,1800,
000061.SZ,000061,20251209,93242150,0,3472572,0,B,94200,600,
000061.SZ,000061,20251209,93242160,0,3472689,0,B,94600,3800,
000061.SZ,000061,20251209,93242200,0,3473050,0,B,94100,100,
000061.SZ,000061,20251209,93242200,0,3473052,0,B,94100,300,
000061.SZ,000061,20251209,93242210,0,3473144,0,B,94100,200,
000061.SZ,000061,20251209,93242220,0,3473215,0,B,94200,100,
000061.SZ,000061,20251209,93242220,0,3473218,0,B,94200,300,
000061.SZ,000061,20251209,93242220,0,3473222,0,B,94200,100,
000061.SZ,000061,20251209,93242220,0,3473224,0,B,94200,100,
000061.SZ,000061,20251209,93242220,0,3473247,0,B,94200,100,
000061.SZ,000061,20251209,93242220,0,3473259,0,B,94200,2400,
000061.SZ,000061,20251209,93242220,0,3473261,0,B,94200,600,
000061.SZ,000061,20251209,93242220,0,3473263,0,B,94200,200,
000061.SZ,000061,20251209,93242220,0,3473265,0,B,94200,100,
000061.SZ,000061,20251209,93242220,0,3473267,0,B,94200,100,
000061.SZ,000061,20251209,93242220,0,3473270,0,B,94200,100,
000061.SZ,000061,20251209,93242220,0,3473278,0,B,94200,500,
000061.SZ,000061,20251209,93242220,0,3473280,0,B,94200,1200,
000061.SZ,000061,20251209,93242220,0,3473287,0,B,94200,100,
000061.SZ,000061,20251209,93242220,0,3473289,0,B,94200,200,
000061.SZ,000061,20251209,93242220,0,3473291,0,B,94200,500,
000061.SZ,000061,20251209,93242220,0,3473310,0,B,94200,100,
000061.SZ,000061,20251209,93242230,0,3473328,0,B,94200,300,
000061.SZ,000061,20251209,93242240,0,3473456,0,B,94200,2000,
000061.SZ,000061,20251209,93242240,0,3473536,0,B,94200,100,
000061.SZ,000061,20251209,93242250,0,3473572,0,B,94200,200,
000061.SZ,000061,20251209,93242260,0,3473696,0,B,94200,100,
000061.SZ,000061,20251209,93242260,0,3473707,0,B,94200,400,
000061.SZ,000061,20251209,93242260,0,3473730,0,B,94200,100,
000061.SZ,000061,20251209,93242260,0,3473742,0,B,94200,700,
000061.SZ,000061,20251209,93242260,0,3473746,0,B,94200,1200,
000061.SZ,000061,20251209,93242280,0,3474114,0,B,94200,100,
000061.SZ,000061,20251209,93242300,0,3474534,0,B,94200,100,
000061.SZ,000061,20251209,93242310,0,3474589,0,B,94200,3600,
000061.SZ,000061,20251209,93242310,0,3474662,0,B,94200,3300,
000061.SZ,000061,20251209,93242310,0,3474676,0,B,94100,1700,
000061.SZ,000061,20251209,93242310,0,3474712,0,B,94200,2000,
000061.SZ,000061,20251209,93242320,0,3474767,0,B,94100,900,
000061.SZ,000061,20251209,93242330,0,3474900,0,B,94100,300,
000061.SZ,000061,20251209,93242340,0,3474938,0,B,94100,1200,
000061.SZ,000061,20251209,93242340,0,3474980,0,B,94100,1900,
000061.SZ,000061,20251209,93242400,0,3475625,0,B,94100,700,
000061.SZ,000061,20251209,93242470,0,3476456,0,S,95000,900,
000061.SZ,000061,20251209,93242500,0,3476755,0,S,94400,2500,
000061.SZ,000061,20251209,93242510,0,3476921,0,B,94200,100,
000061.SZ,000061,20251209,93243110,0,3483703,0,B,93800,2000,
000061.SZ,000061,20251209,93243110,0,3483736,0,B,94200,1400,
000061.SZ,000061,20251209,93243200,0,3484575,0,B,94300,1200,
000061.SZ,000061,20251209,93244060,0,3494089,0,B,94200,900,
000061.SZ,000061,20251209,93245100,0,3504618,0,S,94200,1000,
000061.SZ,000061,20251209,93245220,0,3505782,0,B,94600,2300,
000061.SZ,000061,20251209,93245230,0,3505857,0,S,94700,100,
000061.SZ,000061,20251209,93245230,0,3505858,0,B,94000,100,
000061.SZ,000061,20251209,93245280,0,3506303,0,B,94500,1000,
000061.SZ,000061,20251209,93245330,0,3506847,0,B,94000,700,
000061.SZ,000061,20251209,93245700,0,3511669,0,S,94000,900,
000061.SZ,000061,20251209,93247660,0,3530842,0,S,94000,5000,
000061.SZ,000061,20251209,93247740,0,3531676,0,B,94200,1200,
000061.SZ,000061,20251209,93247740,0,3531677,0,B,94200,1800,
000061.SZ,000061,20251209,93247740,0,3531679,0,B,94200,600,
000061.SZ,000061,20251209,93247740,0,3531680,0,B,94200,900,
000061.SZ,000061,20251209,93247740,0,3531681,0,B,94200,400,
000061.SZ,000061,20251209,93247740,0,3531682,0,B,94200,100,
000061.SZ,000061,20251209,93247970,0,3533855,0,B,94300,1400,
000061.SZ,000061,20251209,93248080,0,3534891,0,S,94400,5000,
000061.SZ,000061,20251209,93248170,0,3535674,0,B,94600,800,
000061.SZ,000061,20251209,93248200,0,3536018,0,B,94000,2200,
000061.SZ,000061,20251209,93248420,0,3538790,0,S,94400,3000,
000061.SZ,000061,20251209,93248840,0,3544141,0,S,94400,2100,
000061.SZ,000061,20251209,93249100,0,3546812,0,B,94400,3200,
000061.SZ,000061,20251209,93249520,0,3551791,0,B,94300,3300,
000061.SZ,000061,20251209,93249780,0,3554532,0,B,94400,10000,
000061.SZ,000061,20251209,93250080,0,3557622,0,B,93400,1000,
000061.SZ,000061,20251209,93250410,0,3560951,0,B,94300,1000,
000061.SZ,000061,20251209,93251250,0,3568620,0,B,94400,600,
000061.SZ,000061,20251209,93251270,0,3568788,0,B,94600,1300,
000061.SZ,000061,20251209,93251890,0,3576348,0,B,94100,500,
000061.SZ,000061,20251209,93251900,0,3576818,0,B,94300,400,
000061.SZ,000061,20251209,93251940,0,3577597,0,S,94300,1500,
000061.SZ,000061,20251209,93252010,0,3578536,0,B,93500,5000,
000061.SZ,000061,20251209,93252880,0,3588483,0,S,94300,1500,
000061.SZ,000061,20251209,93252950,0,3589038,0,B,94300,500,
000061.SZ,000061,20251209,93253470,0,3593821,0,S,94600,1200,
000061.SZ,000061,20251209,93253590,0,3594936,0,B,94400,600,
000061.SZ,000061,20251209,93253590,0,3594968,0,S,94700,8000,
000061.SZ,000061,20251209,93253850,0,3597039,0,B,94400,1000,
000061.SZ,000061,20251209,93253920,0,3597678,0,B,94500,5000,
000061.SZ,000061,20251209,93254030,0,3598643,0,B,94400,3300,
000061.SZ,000061,20251209,93254170,0,3599960,0,B,94600,900,
000061.SZ,000061,20251209,93254210,0,3600274,0,B,94000,1000,
000061.SZ,000061,20251209,93254320,0,3601653,0,S,94400,1000,
000061.SZ,000061,20251209,93255060,0,3609395,0,S,94900,300,
000061.SZ,000061,20251209,93255080,0,3609590,0,B,94400,3300,
000061.SZ,000061,20251209,93255640,0,3615807,0,S,94300,5000,
000061.SZ,000061,20251209,93255920,0,3618490,0,B,94500,2000,
000061.SZ,000061,20251209,93256230,0,3621393,0,S,95200,700,
000061.SZ,000061,20251209,93256280,0,3622057,0,B,94200,700,
000061.SZ,000061,20251209,93257030,0,3629887,0,B,94400,3500,
000061.SZ,000061,20251209,93257210,0,3631665,0,B,94600,800,
000061.SZ,000061,20251209,93257220,0,3631801,0,S,94300,5000,
000061.SZ,000061,20251209,93257360,0,3633424,0,B,94600,100,
000061.SZ,000061,20251209,93257640,0,3636767,0,B,93600,1000,
000061.SZ,000061,20251209,93258100,0,3641771,0,S,94900,200,
000061.SZ,000061,20251209,93258110,0,3641816,0,B,94500,700,
000061.SZ,000061,20251209,93258710,0,3648388,0,S,94500,1000,
000061.SZ,000061,20251209,93259040,0,3651421,0,B,94500,1000,
000061.SZ,000061,20251209,93259440,0,3655814,0,B,94200,5000,
000061.SZ,000061,20251209,93259570,0,3657039,0,B,94400,7300,
000061.SZ,000061,20251209,93259620,0,3657450,0,S,94500,1000,
000061.SZ,000061,20251209,93259900,0,3660279,0,S,94500,500,
000061.SZ,000061,20251209,93300080,0,3662476,0,S,94100,10000,
000061.SZ,000061,20251209,93300100,0,3662686,0,S,94400,2200,
000061.SZ,000061,20251209,93300110,0,3662758,0,B,94400,100,
000061.SZ,000061,20251209,93300220,0,3663813,0,B,94700,1500,
000061.SZ,000061,20251209,93300390,0,3665907,0,B,94400,500,
000061.SZ,000061,20251209,93300590,0,3669256,0,B,94400,300,
000061.SZ,000061,20251209,93300700,0,3671422,0,S,94500,1000,
000061.SZ,000061,20251209,93300710,0,3671691,0,S,94400,200,
000061.SZ,000061,20251209,93300720,0,3671819,0,B,94400,300,
000061.SZ,000061,20251209,93300720,0,3671846,0,B,94400,300,
000061.SZ,000061,20251209,93300740,0,3672127,0,S,94400,300,
000061.SZ,000061,20251209,93300780,0,3672584,0,B,94400,300,
000061.SZ,000061,20251209,93300780,0,3672596,0,B,94400,500,
000061.SZ,000061,20251209,93300790,0,3672705,0,S,94400,600,
000061.SZ,000061,20251209,93300810,0,3672931,0,S,94400,500,
000061.SZ,000061,20251209,93301240,0,3677886,0,B,94400,1000,
000061.SZ,000061,20251209,93301870,0,3685148,0,B,93500,30000,
000061.SZ,000061,20251209,93302050,0,3687085,0,B,94500,100,
000061.SZ,000061,20251209,93302250,0,3689157,0,B,94500,400,
000061.SZ,000061,20251209,93302370,0,3690540,0,B,94500,5000,
000061.SZ,000061,20251209,93302370,0,3690589,0,S,94400,1000,
000061.SZ,000061,20251209,93302480,0,3691551,0,B,94400,400,
000061.SZ,000061,20251209,93302490,0,3691687,0,S,94400,400,
000061.SZ,000061,20251209,93302600,0,3692703,0,S,94400,10000,
000061.SZ,000061,20251209,93302800,0,3694640,0,S,94600,4900,
000061.SZ,000061,20251209,93303090,0,3697497,0,B,94500,4100,
000061.SZ,000061,20251209,93303180,0,3698631,0,B,94700,1400,
000061.SZ,000061,20251209,93303460,0,3701776,0,B,94400,500,
000061.SZ,000061,20251209,93304780,0,3718231,0,S,94800,600,
000061.SZ,000061,20251209,93304900,0,3719620,0,S,94400,300,
000061.SZ,000061,20251209,93304990,0,3720712,0,S,94300,2000,
000061.SZ,000061,20251209,93305100,0,3722105,0,S,94300,700,
000061.SZ,000061,20251209,93305130,0,3722335,0,S,94500,400,
000061.SZ,000061,20251209,93305170,0,3722907,0,B,93800,1000,
000061.SZ,000061,20251209,93305390,0,3725555,0,S,94500,200,
000061.SZ,000061,20251209,93305870,0,3730350,0,S,94900,6000,
000061.SZ,000061,20251209,93305950,0,3731184,0,S,94300,10000,
000061.SZ,000061,20251209,93305950,0,3731225,0,B,94500,100,
000061.SZ,000061,20251209,93306160,0,3733744,0,B,94500,300,
000061.SZ,000061,20251209,93306530,0,3738570,0,B,94500,1500,
000061.SZ,000061,20251209,93306590,0,3739277,0,B,93900,2800,
000061.SZ,000061,20251209,93307050,0,3744858,0,S,94700,5500,
000061.SZ,000061,20251209,93307250,0,3747258,0,S,94400,1000,
000061.SZ,000061,20251209,93307320,0,3747853,0,S,98000,1500,
000061.SZ,000061,20251209,93307670,0,3752150,0,S,102600,3000,
000061.SZ,000061,20251209,93308040,0,3756173,0,S,94400,3000,
000061.SZ,000061,20251209,93308230,0,3758385,0,B,94400,6000,
000061.SZ,000061,20251209,93308240,0,3758573,0,S,94400,5000,
000061.SZ,000061,20251209,93308260,0,3758919,0,S,94300,2100,
000061.SZ,000061,20251209,93308270,0,3758961,0,S,94900,200,
000061.SZ,000061,20251209,93308280,0,3759062,0,S,94300,2100,
000061.SZ,000061,20251209,93308460,0,3760836,0,S,94300,400,
000061.SZ,000061,20251209,93308460,0,3760865,0,S,94400,4000,
000061.SZ,000061,20251209,93308570,0,3761962,0,S,94800,2500,
000061.SZ,000061,20251209,93308790,0,3764831,0,B,92000,1500,
000061.SZ,000061,20251209,93309140,0,3768755,0,S,94300,200,
000061.SZ,000061,20251209,93309190,0,3769375,0,B,94700,900,
000061.SZ,000061,20251209,93309700,0,3775076,0,B,94300,88900,
000061.SZ,000061,20251209,93310380,0,3782761,0,S,94600,1100,
000061.SZ,000061,20251209,93310430,0,3783196,0,B,94100,100,
000061.SZ,000061,20251209,93310460,0,3783648,0,S,95000,2000,
000061.SZ,000061,20251209,93310570,0,3784974,0,S,94500,1100,
000061.SZ,000061,20251209,93310610,0,3785514,0,B,94400,1300,
000061.SZ,000061,20251209,93311240,0,3791346,0,B,94400,2200,
000061.SZ,000061,20251209,93311290,0,3791860,0,B,94300,600,
000061.SZ,000061,20251209,93311900,0,3797447,0,S,94400,200,
000061.SZ,000061,20251209,93312220,0,3800180,0,S,94500,9000,
000061.SZ,000061,20251209,93312220,0,3800245,0,B,94700,1100,
000061.SZ,000061,20251209,93312230,0,3800284,0,B,94400,900,
000061.SZ,000061,20251209,93312260,0,3800641,0,B,94400,100,
000061.SZ,000061,20251209,93312260,0,3800664,0,B,94400,800,
000061.SZ,000061,20251209,93312260,0,3800666,0,B,94400,300,
000061.SZ,000061,20251209,93312260,0,3800668,0,B,94400,100,
000061.SZ,000061,20251209,93312260,0,3800670,0,B,94400,400,
000061.SZ,000061,20251209,93312260,0,3800672,0,B,94400,200,
000061.SZ,000061,20251209,93312260,0,3800684,0,B,94400,200,
000061.SZ,000061,20251209,93312290,0,3800998,0,B,94400,400,
000061.SZ,000061,20251209,93312310,0,3801224,0,B,94400,200,
000061.SZ,000061,20251209,93312370,0,3801800,0,B,94400,200,
000061.SZ,000061,20251209,93312480,0,3803039,0,B,94300,1100,
000061.SZ,000061,20251209,93312480,0,3803069,0,B,94400,1600,
000061.SZ,000061,20251209,93312490,0,3803147,0,B,94300,1900,
000061.SZ,000061,20251209,93312520,0,3803466,0,S,94200,1000,
000061.SZ,000061,20251209,93312970,0,3808014,0,S,102600,800,
000061.SZ,000061,20251209,93313050,0,3808826,0,B,94200,4600,
000061.SZ,000061,20251209,93313160,0,3809997,0,B,94300,200,
000061.SZ,000061,20251209,93314040,0,3819672,0,S,95000,100,
000061.SZ,000061,20251209,93314550,0,3824919,0,B,94300,200,
000061.SZ,000061,20251209,93314560,0,3824998,0,S,94400,100,
000061.SZ,000061,20251209,93315160,0,3830413,0,B,94800,100,
000061.SZ,000061,20251209,93315160,0,3830422,0,B,94400,800,
000061.SZ,000061,20251209,93315290,0,3831955,0,S,94400,1000,
000061.SZ,000061,20251209,93315380,0,3832805,0,S,102500,5900,
000061.SZ,000061,20251209,93315480,0,3833939,0,S,94400,100,
000061.SZ,000061,20251209,93315900,0,3838514,0,S,94300,500,
000061.SZ,000061,20251209,93315990,0,3839591,0,B,94300,2400,
000061.SZ,000061,20251209,93316190,0,3841452,0,B,94400,100,
000061.SZ,000061,20251209,93316650,0,3847005,0,S,94600,100,
000061.SZ,000061,20251209,93316720,0,3847600,0,B,94400,600,
000061.SZ,000061,20251209,93317180,0,3851927,0,S,94300,5000,
000061.SZ,000061,20251209,93317200,0,3852094,0,S,94500,13000,
000061.SZ,000061,20251209,93317460,0,3854607,0,S,94300,500,
000061.SZ,000061,20251209,93317730,0,3856957,0,S,94800,1000,
000061.SZ,000061,20251209,93317770,0,3857344,0,B,94400,600,
000061.SZ,000061,20251209,93317960,0,3858970,0,S,94300,500,
000061.SZ,000061,20251209,93317980,0,3859139,0,B,94400,10000,
000061.SZ,000061,20251209,93317980,0,3859195,0,S,94400,3500,
000061.SZ,000061,20251209,93317990,0,3859295,0,B,94300,100,
000061.SZ,000061,20251209,93317990,0,3859296,0,B,94300,300,
000061.SZ,000061,20251209,93317990,0,3859297,0,B,94300,800,
000061.SZ,000061,20251209,93317990,0,3859298,0,B,94300,100,
000061.SZ,000061,20251209,93317990,0,3859300,0,B,94300,400,
000061.SZ,000061,20251209,93317990,0,3859301,0,B,94300,300,
000061.SZ,000061,20251209,93317990,0,3859302,0,B,94300,400,
000061.SZ,000061,20251209,93317990,0,3859305,0,B,94300,700,
000061.SZ,000061,20251209,93317990,0,3859306,0,B,94300,100,
000061.SZ,000061,20251209,93317990,0,3859307,0,B,94300,700,
000061.SZ,000061,20251209,93317990,0,3859313,0,B,94300,500,
000061.SZ,000061,20251209,93317990,0,3859322,0,B,94300,100,
000061.SZ,000061,20251209,93318000,0,3859473,0,S,94500,1200,
000061.SZ,000061,20251209,93318010,0,3859517,0,B,94300,600,
000061.SZ,000061,20251209,93318010,0,3859523,0,B,94300,300,
000061.SZ,000061,20251209,93318010,0,3859528,0,B,94300,100,
000061.SZ,000061,20251209,93318020,0,3859660,0,B,94300,500,
000061.SZ,000061,20251209,93318040,0,3859901,0,B,94300,500,
000061.SZ,000061,20251209,93318040,0,3859904,0,B,94300,200,
000061.SZ,000061,20251209,93318150,0,3860817,0,S,94700,1000,
000061.SZ,000061,20251209,93318210,0,3861345,0,B,94800,700,
000061.SZ,000061,20251209,93318290,0,3862084,0,B,94500,1400,
000061.SZ,000061,20251209,93318540,0,3864658,0,S,99700,4000,
000061.SZ,000061,20251209,93319100,0,3870210,0,B,94400,700,
000061.SZ,000061,20251209,93319100,0,3870245,0,S,94400,700,
000061.SZ,000061,20251209,93319140,0,3870587,0,S,96000,1000,
000061.SZ,000061,20251209,93319350,0,3873124,0,B,94400,400,
000061.SZ,000061,20251209,93319370,0,3873426,0,B,94500,1000,
000061.SZ,000061,20251209,93320200,0,3881851,0,B,94300,400,
000061.SZ,000061,20251209,93320220,0,3882087,0,B,93600,2000,
000061.SZ,000061,20251209,93320690,0,3886429,0,S,94500,300,
000061.SZ,000061,20251209,93320870,0,3887897,0,S,98800,500,
000061.SZ,000061,20251209,93321200,0,3890853,0,B,94500,2200,
000061.SZ,000061,20251209,93321450,0,3893193,0,S,94600,100,
000061.SZ,000061,20251209,93321880,0,3897531,0,B,94400,400,
000061.SZ,000061,20251209,93322700,0,3905888,0,S,94300,300,
000061.SZ,000061,20251209,93322870,0,3907644,0,B,94500,5000,
000061.SZ,000061,20251209,93322930,0,3908173,0,B,94400,200,
000061.SZ,000061,20251209,93323070,0,3909408,0,B,94400,300,
000061.SZ,000061,20251209,93323070,0,3909411,0,B,94400,200,
000061.SZ,000061,20251209,93323150,0,3910070,0,B,94400,800,
000061.SZ,000061,20251209,93323150,0,3910078,0,B,94400,700,
000061.SZ,000061,20251209,93323160,0,3910086,0,B,94400,1000,
000061.SZ,000061,20251209,93323160,0,3910088,0,B,94400,700,
000061.SZ,000061,20251209,93323190,0,3910320,0,B,94400,1700,
000061.SZ,000061,20251209,93323240,0,3910849,0,B,94500,19000,
000061.SZ,000061,20251209,93323240,0,3910861,0,B,94500,200,
000061.SZ,000061,20251209,93323250,0,3910931,0,B,94400,600,
000061.SZ,000061,20251209,93323260,0,3911015,0,B,94500,45100,
000061.SZ,000061,20251209,93323270,0,3911056,0,B,94500,2700,
000061.SZ,000061,20251209,93323270,0,3911058,0,B,94500,100,
000061.SZ,000061,20251209,93323270,0,3911060,0,B,94500,2100,
000061.SZ,000061,20251209,93323270,0,3911062,0,B,94500,9000,
000061.SZ,000061,20251209,93323270,0,3911066,0,B,94500,2600,
000061.SZ,000061,20251209,93323270,0,3911067,0,B,94500,5600,
000061.SZ,000061,20251209,93323270,0,3911068,0,B,94500,3200,
000061.SZ,000061,20251209,93323270,0,3911069,0,B,94600,100,
000061.SZ,000061,20251209,93323270,0,3911071,0,B,94600,1000,
000061.SZ,000061,20251209,93323270,0,3911073,0,B,94500,12100,
000061.SZ,000061,20251209,93323270,0,3911077,0,B,94500,1000,
000061.SZ,000061,20251209,93323270,0,3911098,0,B,94500,2000,
000061.SZ,000061,20251209,93323270,0,3911102,0,B,94500,12100,
000061.SZ,000061,20251209,93323280,0,3911178,0,B,94500,12100,
000061.SZ,000061,20251209,93323280,0,3911188,0,B,94500,400,
000061.SZ,000061,20251209,93323290,0,3911254,0,B,94700,41700,
000061.SZ,000061,20251209,93323300,0,3911342,0,B,94700,2100,
000061.SZ,000061,20251209,93323310,0,3911428,0,B,94700,12400,
000061.SZ,000061,20251209,93323310,0,3911447,0,B,94500,300,
000061.SZ,000061,20251209,93323310,0,3911466,0,B,94600,2100,
000061.SZ,000061,20251209,93323320,0,3911490,0,B,94500,100,
000061.SZ,000061,20251209,93323320,0,3911525,0,B,94600,200,
000061.SZ,000061,20251209,93323320,0,3911527,0,B,94500,100,
000061.SZ,000061,20251209,93323330,0,3911560,0,B,94800,4400,
000061.SZ,000061,20251209,93323330,0,3911563,0,B,94800,3000,
000061.SZ,000061,20251209,93323330,0,3911579,0,B,94800,2100,
000061.SZ,000061,20251209,93323330,0,3911601,0,B,94600,100,
000061.SZ,000061,20251209,93323330,0,3911623,0,B,94700,15100,
000061.SZ,000061,20251209,93323330,0,3911636,0,B,94800,200,
000061.SZ,000061,20251209,93323330,0,3911639,0,B,94800,700,
000061.SZ,000061,20251209,93323340,0,3911674,0,B,94600,700,
000061.SZ,000061,20251209,93323340,0,3911701,0,B,94600,100,
000061.SZ,000061,20251209,93323350,0,3911740,0,B,94500,100,
000061.SZ,000061,20251209,93323360,0,3911866,0,B,94800,200,
000061.SZ,000061,20251209,93323380,0,3912021,0,B,94800,100,
000061.SZ,000061,20251209,93323380,0,3912030,0,B,94800,700,
000061.SZ,000061,20251209,93323380,0,3912058,0,B,94800,2900,
000061.SZ,000061,20251209,93323380,0,3912074,0,B,94800,1800,
000061.SZ,000061,20251209,93323390,0,3912096,0,B,94800,100,
000061.SZ,000061,20251209,93323390,0,3912106,0,B,94800,1100,
000061.SZ,000061,20251209,93323390,0,3912144,0,B,94800,6500,
000061.SZ,000061,20251209,93323400,0,3912208,0,B,93900,300,
000061.SZ,000061,20251209,93323430,0,3912393,0,B,94800,100,
000061.SZ,000061,20251209,93323430,0,3912454,0,S,94800,500,
000061.SZ,000061,20251209,93323440,0,3912555,0,B,94800,100,
000061.SZ,000061,20251209,93323460,0,3912695,0,B,94800,200,
000061.SZ,000061,20251209,93323520,0,3913207,0,B,94800,400,
000061.SZ,000061,20251209,93323530,0,3913276,0,B,94800,1900,
000061.SZ,000061,20251209,93323690,0,3914596,0,B,93800,2000,
000061.SZ,000061,20251209,93323740,0,3914964,0,S,99600,3000,
000061.SZ,000061,20251209,93323880,0,3916073,0,S,94800,100,
000061.SZ,000061,20251209,93324030,0,3917375,0,S,94500,1000,
000061.SZ,000061,20251209,93324190,0,3918933,0,B,94500,11800,
000061.SZ,000061,20251209,93324220,0,3919209,0,B,94800,15500,
000061.SZ,000061,20251209,93324220,0,3919255,0,S,94800,600,
000061.SZ,000061,20251209,93324230,0,3919299,0,B,94400,4600,
000061.SZ,000061,20251209,93324230,0,3919301,0,S,94400,800,
000061.SZ,000061,20251209,93324240,0,3919484,0,B,94800,300,
000061.SZ,000061,20251209,93324240,0,3919486,0,B,94800,700,
000061.SZ,000061,20251209,93324240,0,3919489,0,B,94800,400,
000061.SZ,000061,20251209,93324240,0,3919528,0,B,94800,200,
000061.SZ,000061,20251209,93324240,0,3919539,0,B,94800,1500,
000061.SZ,000061,20251209,93324240,0,3919541,0,B,94800,4100,
