万得代码,交易所代码,自然日,时间,委托编号,交易所委托号,委托类型,委托代码,委托价格,委托数量,
600004.SH,600004,20251209,91400020,0,0,S,I,0,0,
600004.SH,600004,20251209,91500050,0,547,A,B,87900,100,
600004.SH,600004,20251209,91500050,0,561,A,B,87900,100,
600004.SH,600004,20251209,91500050,0,601,A,B,87900,100,
600004.SH,600004,20251209,91500190,0,1554,A,B,95300,200,
600004.SH,600004,20251209,91500400,0,2807,A,S,99400,6700,
600004.SH,600004,20251209,91500400,0,2907,A,B,97200,1000,
600004.SH,600004,20251209,91500460,0,3356,A,B,93600,800,
600004.SH,600004,20251209,91500480,0,3475,A,S,99900,9900,
600004.SH,600004,20251209,91500480,0,3488,A,S,103700,23900,
600004.SH,600004,20251209,91500480,0,3489,A,S,103900,3200,
600004.SH,600004,20251209,91500480,0,3490,A,S,104900,3200,
600004.SH,600004,20251209,91500480,0,3493,A,S,105900,3200,
600004.SH,600004,20251209,91500480,0,3497,A,S,106600,3200,
600004.SH,600004,20251209,91500480,0,3498,A,S,106900,3200,
600004.SH,600004,20251209,91500480,0,3500,A,S,107000,10600,
600004.SH,600004,20251209,91500710,0,3978,A,S,99500,100,
600004.SH,600004,20251209,91500710,0,3987,A,S,100000,200,
600004.SH,600004,20251209,91500710,0,3988,A,S,103500,300,
600004.SH,600004,20251209,91500710,0,3997,A,S,107000,400,
600004.SH,600004,20251209,91500730,0,4643,A,B,97400,300,
600004.SH,600004,20251209,91500850,0,5272,A,S,101000,200,
600004.SH,600004,20251209,91500850,0,5284,A,S,103000,200,
600004.SH,600004,20251209,91500850,0,5293,A,S,106000,300,
600004.SH,600004,20251209,91500880,0,5320,A,S,98500,10000,
600004.SH,600004,20251209,91500900,0,5467,A,S,104000,8000,
600004.SH,600004,20251209,91500900,0,5473,A,S,107500,2800,
600004.SH,600004,20251209,91501000,0,5912,A,S,100000,1200,
600004.SH,600004,20251209,91501030,0,6030,A,S,104500,500,
600004.SH,600004,20251209,91501030,0,6138,A,B,95200,500,
600004.SH,600004,20251209,91501030,0,6254,A,S,105000,100,
600004.SH,600004,20251209,91501050,0,6368,A,B,87900,100,
600004.SH,600004,20251209,91501070,0,6614,A,B,90000,1500,
600004.SH,600004,20251209,91501220,0,7328,A,S,104000,200,
600004.SH,600004,20251209,91501320,0,8056,A,B,93000,500,
600004.SH,600004,20251209,91501380,0,8183,A,S,106000,11000,
600004.SH,600004,20251209,91501420,0,8772,A,B,95700,500,
600004.SH,600004,20251209,91501420,0,9189,A,S,98200,200,
600004.SH,600004,20251209,91501460,0,10479,A,S,102000,600,
600004.SH,600004,20251209,91501740,0,12118,A,S,100000,10000,
600004.SH,600004,20251209,91501740,0,12120,A,S,101300,10000,
600004.SH,600004,20251209,91501770,0,12752,A,B,95100,1000,
600004.SH,600004,20251209,91501770,0,12755,A,S,106600,1000,
600004.SH,600004,20251209,91501770,0,12827,A,S,107000,500,
600004.SH,600004,20251209,91501800,0,12965,A,S,101600,700,
600004.SH,600004,20251209,91501800,0,13184,A,S,98300,1400,
600004.SH,600004,20251209,91501860,0,13862,A,S,107500,200,
600004.SH,600004,20251209,91501860,0,14162,A,S,99200,15000,
600004.SH,600004,20251209,91501860,0,14598,A,S,99000,1200,
600004.SH,600004,20251209,91501860,0,14953,A,S,102300,10000,
600004.SH,600004,20251209,91501860,0,14954,A,S,103300,8000,
600004.SH,600004,20251209,91501860,0,14958,A,S,104700,6900,
600004.SH,600004,20251209,91501860,0,14969,A,S,106200,5800,
600004.SH,600004,20251209,91501860,0,15191,A,S,98700,100,
600004.SH,600004,20251209,91501860,0,15202,A,B,96800,100,
600004.SH,600004,20251209,91501980,0,15823,A,S,103500,100,
600004.SH,600004,20251209,91501980,0,16236,A,S,107300,14000,
600004.SH,600004,20251209,91501980,0,16870,A,S,101400,600,
600004.SH,600004,20251209,91501980,0,17279,A,S,103100,100,
600004.SH,600004,20251209,91501980,0,17373,A,B,96700,100,
600004.SH,600004,20251209,91502090,0,17952,A,S,99100,500,
600004.SH,600004,20251209,91502090,0,18050,A,B,96400,2400,
600004.SH,600004,20251209,91502190,0,20100,A,S,99900,1000,
600004.SH,600004,20251209,91502190,0,20266,A,S,103800,8000,
600004.SH,600004,20251209,91502200,0,20619,A,S,107500,1500,
600004.SH,600004,20251209,91502320,0,21122,A,S,102000,100,
600004.SH,600004,20251209,91502320,0,21157,A,S,103000,100,
600004.SH,600004,20251209,91502320,0,21317,A,S,104100,500,
600004.SH,600004,20251209,91502320,0,21726,A,S,99600,2400,
600004.SH,600004,20251209,91502390,0,22305,A,S,101600,34200,
600004.SH,600004,20251209,91502480,0,23682,A,B,97300,10000,
600004.SH,600004,20251209,91502480,0,23696,A,B,97200,10000,
600004.SH,600004,20251209,91502480,0,23697,A,B,97100,10000,
600004.SH,600004,20251209,91502480,0,23718,A,B,97000,10000,
600004.SH,600004,20251209,91502480,0,23733,A,B,96900,10000,
600004.SH,600004,20251209,91502480,0,23754,A,B,96800,10800,
600004.SH,600004,20251209,91502480,0,23755,A,B,96700,10000,
600004.SH,600004,20251209,91502480,0,23759,A,B,96500,10000,
600004.SH,600004,20251209,91502480,0,23762,A,B,96300,10000,
600004.SH,600004,20251209,91502480,0,23773,A,B,96100,10000,
600004.SH,600004,20251209,91502480,0,23774,A,B,95900,10000,
600004.SH,600004,20251209,91502480,0,23789,A,B,95700,10000,
600004.SH,600004,20251209,91502480,0,23790,A,S,99600,7000,
600004.SH,600004,20251209,91502480,0,23799,A,B,95500,10000,
600004.SH,600004,20251209,91502480,0,23843,A,B,96600,10000,
600004.SH,600004,20251209,91502480,0,23857,A,B,96400,10000,
600004.SH,600004,20251209,91502480,0,23870,A,B,96200,10000,
600004.SH,600004,20251209,91502480,0,23877,A,B,96000,10000,
600004.SH,600004,20251209,91502480,0,23878,A,B,95800,10000,
600004.SH,600004,20251209,91502480,0,23879,A,B,95600,10000,
600004.SH,600004,20251209,91502480,0,24711,A,S,107500,2200,
600004.SH,600004,20251209,91502580,0,24904,A,S,104200,100,
600004.SH,600004,20251209,91502580,0,25015,A,B,93600,100,
600004.SH,600004,20251209,91502580,0,25218,A,S,98500,300,
600004.SH,600004,20251209,91502590,0,26369,A,B,95000,5200,
600004.SH,600004,20251209,91502710,0,27430,A,B,96400,1900,
600004.SH,600004,20251209,91502710,0,27722,A,S,101800,800,
600004.SH,600004,20251209,91502710,0,27731,A,B,95300,200,
600004.SH,600004,20251209,91502840,0,28890,A,B,94700,600,
600004.SH,600004,20251209,91502840,0,29247,A,B,93900,500,
600004.SH,600004,20251209,91502840,0,29720,A,S,100500,300,
600004.SH,600004,20251209,91502840,0,30083,A,S,103500,100,
600004.SH,600004,20251209,91502840,0,30256,A,S,107500,500,
600004.SH,600004,20251209,91502840,0,30669,A,S,101000,800,
600004.SH,600004,20251209,91502840,0,30689,A,S,107500,4000,
600004.SH,600004,20251209,91502990,0,31609,A,S,98400,1000,
600004.SH,600004,20251209,91502990,0,31748,A,S,102500,100,
600004.SH,600004,20251209,91502990,0,32045,A,B,96800,5900,
600004.SH,600004,20251209,91502990,0,32053,A,B,97100,3000,
600004.SH,600004,20251209,91502990,0,32177,A,S,99000,1500,
600004.SH,600004,20251209,91502990,0,32182,A,B,96000,1000,
600004.SH,600004,20251209,91502990,0,32195,A,B,95000,1500,
600004.SH,600004,20251209,91502990,0,32327,A,B,96800,2400,
600004.SH,600004,20251209,91502990,0,32341,A,B,96000,2400,
600004.SH,600004,20251209,91502990,0,32443,A,B,96000,100,
600004.SH,600004,20251209,91503120,0,32812,A,S,107400,300,
600004.SH,600004,20251209,91503120,0,33001,A,S,98500,5000,
600004.SH,600004,20251209,91503120,0,33369,A,B,97000,2000,
600004.SH,600004,20251209,91503120,0,33430,A,S,97600,500,
600004.SH,600004,20251209,91503120,0,33674,A,S,100000,500,
600004.SH,600004,20251209,91503120,0,33876,A,B,95200,1200,
600004.SH,600004,20251209,91503120,0,34662,A,B,97800,100,
600004.SH,600004,20251209,91503260,0,35064,A,S,107400,900,
600004.SH,600004,20251209,91503260,0,35165,A,B,87900,2000,
600004.SH,600004,20251209,91503260,0,35930,A,S,103500,800,
600004.SH,600004,20251209,91503260,0,35943,A,S,107500,800,
600004.SH,600004,20251209,91503390,0,37137,A,S,101000,200,
600004.SH,600004,20251209,91503390,0,37188,A,S,103500,300,
600004.SH,600004,20251209,91503390,0,37222,A,S,107500,500,
600004.SH,600004,20251209,91503390,0,37275,A,B,93500,100,
600004.SH,600004,20251209,91503390,0,37290,A,S,100500,1000,
600004.SH,600004,20251209,91503390,0,37300,A,S,102500,1000,
600004.SH,600004,20251209,91503390,0,37310,A,B,96300,1000,
600004.SH,600004,20251209,91503390,0,37318,A,B,94300,1000,
600004.SH,600004,20251209,91503390,0,37322,A,B,90500,100,
600004.SH,600004,20251209,91503390,0,37329,A,B,92300,1000,
600004.SH,600004,20251209,91503390,0,37802,A,S,103600,400,
600004.SH,600004,20251209,91503390,0,37890,A,B,88000,1000,
600004.SH,600004,20251209,91503390,0,38186,A,B,95100,100,
600004.SH,600004,20251209,91503390,0,38206,A,B,93800,1700,
600004.SH,600004,20251209,91503390,0,38275,A,S,107000,700,
600004.SH,600004,20251209,91503390,0,38497,A,S,100700,1000,
600004.SH,600004,20251209,91503390,0,38502,A,S,102700,1000,
600004.SH,600004,20251209,91503390,0,38511,A,S,104700,1000,
600004.SH,600004,20251209,91503550,0,39017,A,B,90000,200,
600004.SH,600004,20251209,91503550,0,39143,A,B,96300,1000,
600004.SH,600004,20251209,91503550,0,39144,A,B,94300,1000,
600004.SH,600004,20251209,91503550,0,39145,A,B,92300,1000,
600004.SH,600004,20251209,91503550,0,39147,A,B,90300,6200,
600004.SH,600004,20251209,91503550,0,39279,A,B,95300,200,
600004.SH,600004,20251209,91503550,0,39281,A,B,95300,200,
600004.SH,600004,20251209,91503550,0,39287,A,S,98100,1000,
600004.SH,600004,20251209,91503550,0,39748,A,S,98200,20000,
600004.SH,600004,20251209,91503550,0,39751,A,S,98800,20000,
600004.SH,600004,20251209,91503550,0,39759,A,S,99600,20000,
600004.SH,600004,20251209,91503550,0,40220,A,S,103900,100,
600004.SH,600004,20251209,91503550,0,40221,A,S,99900,100,
600004.SH,600004,20251209,91503680,0,40999,A,S,99000,600,
600004.SH,600004,20251209,91503680,0,41000,A,S,99500,600,
600004.SH,600004,20251209,91503680,0,41001,A,S,100000,600,
600004.SH,600004,20251209,91503680,0,41003,A,S,100500,600,
600004.SH,600004,20251209,91503680,0,41024,A,S,101000,600,
600004.SH,600004,20251209,91503680,0,41025,A,S,101500,600,
600004.SH,600004,20251209,91503680,0,41026,A,S,102000,600,
600004.SH,600004,20251209,91503680,0,41030,A,S,99700,1900,
600004.SH,600004,20251209,91503680,0,41059,A,S,102500,600,
600004.SH,600004,20251209,91503680,0,41105,A,S,102300,1000,
600004.SH,600004,20251209,91503680,0,41356,A,S,107400,2000,
600004.SH,600004,20251209,91503680,0,42060,A,S,98600,15000,
600004.SH,600004,20251209,91503680,0,42188,A,B,97100,700,
600004.SH,600004,20251209,91503680,0,42536,A,S,105000,1000,
600004.SH,600004,20251209,91503810,0,43134,A,S,98500,1000,
600004.SH,600004,20251209,91503810,0,43136,A,S,99500,1000,
600004.SH,600004,20251209,91503810,0,43138,A,S,101500,1000,
600004.SH,600004,20251209,91503810,0,43141,A,S,103500,1000,
600004.SH,600004,20251209,91503810,0,43142,A,B,95300,1000,
600004.SH,600004,20251209,91503810,0,43143,A,B,93300,1000,
600004.SH,600004,20251209,91503810,0,43157,A,S,105000,1000,
600004.SH,600004,20251209,91503810,0,43530,A,B,96500,1000,
600004.SH,600004,20251209,91503920,0,44348,A,S,106000,200,
600004.SH,600004,20251209,91503920,0,44352,A,B,90000,200,
600004.SH,600004,20251209,91503920,0,45141,A,S,101000,400,
600004.SH,600004,20251209,91503920,0,45210,A,B,97000,1100,
600004.SH,600004,20251209,91503920,0,45253,A,S,100000,500,
600004.SH,600004,20251209,91503920,0,45728,A,S,103800,1000,
600004.SH,600004,20251209,91503920,0,45733,A,S,105800,1000,
600004.SH,600004,20251209,91504060,0,45979,A,S,98200,300,
600004.SH,600004,20251209,91504060,0,47162,A,S,99200,500,
600004.SH,600004,20251209,91504060,0,47631,A,S,100000,3000,
600004.SH,600004,20251209,91504060,0,47707,A,S,107400,1000,
600004.SH,600004,20251209,91504060,0,47825,A,B,90200,2200,
600004.SH,600004,20251209,91504190,0,48332,A,S,98700,4000,
600004.SH,600004,20251209,91504190,0,48334,A,S,98500,2400,
600004.SH,600004,20251209,91504190,0,48335,A,S,98800,2000,
600004.SH,600004,20251209,91504190,0,48578,A,B,97000,2100,
600004.SH,600004,20251209,91504190,0,48583,A,S,99900,2400,
600004.SH,600004,20251209,91504190,0,48963,A,B,96800,3000,
600004.SH,600004,20251209,91504190,0,49106,A,S,98700,600,
600004.SH,600004,20251209,91504320,0,49911,A,S,107500,5600,
600004.SH,600004,20251209,91504320,0,49940,A,S,105500,5000,
600004.SH,600004,20251209,91504320,0,49942,A,S,103300,3000,
600004.SH,600004,20251209,91504320,0,50576,A,S,100800,100,
600004.SH,600004,20251209,91504320,0,50578,A,S,102800,100,
600004.SH,600004,20251209,91504320,0,50580,A,S,103600,100,
600004.SH,600004,20251209,91504320,0,50586,A,S,104500,100,
600004.SH,600004,20251209,91504320,0,50587,A,S,105300,100,
600004.SH,600004,20251209,91504320,0,50593,A,S,106400,100,
600004.SH,600004,20251209,91504320,0,50630,A,S,106700,2000,
600004.SH,600004,20251209,91504320,0,50864,A,S,107500,3000,
600004.SH,600004,20251209,91504320,0,50936,A,B,92800,100,
600004.SH,600004,20251209,91504320,0,50938,A,B,93000,100,
600004.SH,600004,20251209,91504320,0,50942,A,B,93200,100,
600004.SH,600004,20251209,91504320,0,50945,A,B,93400,100,
600004.SH,600004,20251209,91504320,0,50950,A,B,93600,100,
600004.SH,600004,20251209,91504320,0,50952,A,B,93800,100,
600004.SH,600004,20251209,91504320,0,50954,A,B,94200,100,
600004.SH,600004,20251209,91504320,0,50956,A,B,94500,100,
600004.SH,600004,20251209,91504320,0,50957,A,B,94800,100,
600004.SH,600004,20251209,91504480,0,51849,A,S,107000,100,
600004.SH,600004,20251209,91504480,0,52074,A,B,89800,8000,
600004.SH,600004,20251209,91504480,0,52482,A,B,97100,1000,
600004.SH,600004,20251209,91504480,0,52494,A,B,95500,1000,
600004.SH,600004,20251209,91504480,0,52860,A,S,107500,500,
600004.SH,600004,20251209,91504480,0,52867,A,S,98700,1000,
600004.SH,600004,20251209,91504480,0,52873,A,S,102500,500,
600004.SH,600004,20251209,91504480,0,52905,A,S,99500,1000,
600004.SH,600004,20251209,91504480,0,52924,A,S,100500,1000,
600004.SH,600004,20251209,91504480,0,52973,A,S,101500,1000,
600004.SH,600004,20251209,91504480,0,53211,A,B,95300,200,
600004.SH,600004,20251209,91504480,0,53221,A,S,99500,1000,
600004.SH,600004,20251209,91504480,0,53232,A,S,100500,1000,
600004.SH,600004,20251209,91504480,0,53260,A,S,101500,1000,
600004.SH,600004,20251209,91504480,0,53517,A,B,96300,1100,
600004.SH,600004,20251209,91504610,0,55322,A,B,96000,300,
600004.SH,600004,20251209,91504730,0,55653,A,B,96800,3600,
600004.SH,600004,20251209,91504860,0,58991,A,B,93600,7000,
600004.SH,600004,20251209,91504860,0,59367,A,S,107500,700,
600004.SH,600004,20251209,91505030,0,59565,A,S,99900,2000,
600004.SH,600004,20251209,91505030,0,59800,A,S,99900,100,
600004.SH,600004,20251209,91505030,0,60653,A,S,100000,1000,
600004.SH,600004,20251209,91505030,0,60744,A,S,101500,100,
600004.SH,600004,20251209,91505030,0,60897,A,B,95000,500,
600004.SH,600004,20251209,91505030,0,60945,A,S,97700,5100,
600004.SH,600004,20251209,91505180,0,61573,A,B,94600,100,
600004.SH,600004,20251209,91505180,0,61574,A,B,93500,100,
600004.SH,600004,20251209,91505180,0,61952,A,S,98500,300,
600004.SH,600004,20251209,91505180,0,62100,A,S,102900,1000,
600004.SH,600004,20251209,91505180,0,62101,A,S,103900,1000,
600004.SH,600004,20251209,91505180,0,62105,A,S,104900,1000,
600004.SH,600004,20251209,91505180,0,63055,A,S,103000,300,
600004.SH,600004,20251209,91505180,0,63058,A,S,105200,100,
600004.SH,600004,20251209,91505330,0,63552,A,B,97200,20000,
600004.SH,600004,20251209,91505330,0,63847,A,B,97800,3000,
600004.SH,600004,20251209,91505330,0,64173,A,S,98500,20000,
600004.SH,600004,20251209,91505330,0,64614,A,S,107400,500,
600004.SH,600004,20251209,91505330,0,64665,A,S,99800,500,
600004.SH,600004,20251209,91505330,0,64852,A,S,107500,1000,
600004.SH,600004,20251209,91505490,0,66395,A,S,98300,5000,
600004.SH,600004,20251209,91505490,0,66696,A,S,98000,1400,
600004.SH,600004,20251209,91505490,0,67039,A,B,93600,6000,
600004.SH,600004,20251209,91505490,0,67040,A,S,105900,3000,
600004.SH,600004,20251209,91505490,0,67041,A,S,107300,3000,
600004.SH,600004,20251209,91505630,0,67568,A,S,102000,7000,
600004.SH,600004,20251209,91505630,0,68254,A,S,107500,1000,
600004.SH,600004,20251209,91505630,0,68451,A,S,101100,20000,
600004.SH,600004,20251209,91505630,0,68454,A,S,102200,30000,
600004.SH,600004,20251209,91505630,0,68460,A,S,104000,2500,
600004.SH,600004,20251209,91505630,0,68663,A,B,89500,1000,
600004.SH,600004,20251209,91505630,0,69055,A,S,102800,500,
600004.SH,600004,20251209,91505770,0,69425,A,S,101000,400,
600004.SH,600004,20251209,91505770,0,69911,A,S,99000,5300,
600004.SH,600004,20251209,91505900,0,70778,A,B,96200,200,
600004.SH,600004,20251209,91505930,0,71223,A,B,95900,2000,
600004.SH,600004,20251209,91505930,0,71345,A,B,96800,100,
600004.SH,600004,20251209,91506080,0,72887,A,S,107500,1700,
600004.SH,600004,20251209,91506080,0,73289,A,B,95000,5000,
600004.SH,600004,20251209,91506080,0,73733,A,S,107500,12400,
600004.SH,600004,20251209,91506080,0,74681,A,S,100800,1100,
600004.SH,600004,20251209,91506280,0,75808,A,S,99900,1000,
600004.SH,600004,20251209,91506280,0,75876,A,S,97800,1300,
600004.SH,600004,20251209,91506280,0,76886,A,S,100000,100,
600004.SH,600004,20251209,91506280,0,77056,A,S,104000,100,
600004.SH,600004,20251209,91506280,0,77220,A,B,93700,1100,
600004.SH,600004,20251209,91506280,0,77221,A,B,92700,1200,
600004.SH,600004,20251209,91506280,0,77276,A,S,99900,1000,
600004.SH,600004,20251209,91506440,0,77855,A,B,90100,500,
600004.SH,600004,20251209,91506440,0,78074,A,B,88000,1200,
600004.SH,600004,20251209,91506440,0,78244,A,S,107300,200,
600004.SH,600004,20251209,91506440,0,78342,A,B,97300,2500,
600004.SH,600004,20251209,91506440,0,78346,A,B,97200,2500,
600004.SH,600004,20251209,91506440,0,78347,A,B,97100,2500,
600004.SH,600004,20251209,91506570,0,79497,A,S,103600,15700,
600004.SH,600004,20251209,91506570,0,79600,A,B,96800,800,
600004.SH,600004,20251209,91506570,0,80344,A,B,88000,2000,
600004.SH,600004,20251209,91506570,0,80345,A,S,104000,500,
600004.SH,600004,20251209,91506570,0,80384,A,B,95000,100,
600004.SH,600004,20251209,91506570,0,80432,A,S,102000,1000,
600004.SH,600004,20251209,91506570,0,80830,A,S,100000,200,
600004.SH,600004,20251209,91506570,0,80843,A,S,98700,200,
600004.SH,600004,20251209,91506730,0,81414,A,B,96900,2000,
600004.SH,600004,20251209,91506730,0,81415,A,B,94900,2000,
600004.SH,600004,20251209,91506730,0,81416,A,S,98900,2000,
600004.SH,600004,20251209,91506730,0,81420,A,S,99900,2000,
600004.SH,600004,20251209,91506730,0,81421,A,S,100900,2000,
600004.SH,600004,20251209,91506730,0,81422,A,S,101900,2000,
600004.SH,600004,20251209,91506730,0,82355,A,B,96800,200,
600004.SH,600004,20251209,91506890,0,83179,A,S,99400,2000,
600004.SH,600004,20251209,91506890,0,83307,A,S,102800,100,
600004.SH,600004,20251209,91506890,0,83906,A,B,93700,600,
600004.SH,600004,20251209,91506890,0,83907,A,S,103500,600,
600004.SH,600004,20251209,91506890,0,84105,A,S,99500,2600,
600004.SH,600004,20251209,91506890,0,84110,A,B,96000,2600,
600004.SH,600004,20251209,91506890,0,84248,A,S,99000,4000,
600004.SH,600004,20251209,91506890,0,84249,A,S,100000,4000,
600004.SH,600004,20251209,91506890,0,84250,A,B,97000,4000,
600004.SH,600004,20251209,91506890,0,84251,A,B,96000,4000,
600004.SH,600004,20251209,91506890,0,84583,A,B,91000,1000,
600004.SH,600004,20251209,91506890,0,84690,A,B,97200,20000,
600004.SH,600004,20251209,91507050,0,86038,A,B,97100,1500,
600004.SH,600004,20251209,91507050,0,86734,A,B,95000,2000,
600004.SH,600004,20251209,91507260,0,87282,A,S,107500,2500,
600004.SH,600004,20251209,91507260,0,87975,A,S,106300,1300,
600004.SH,600004,20251209,91507260,0,87976,A,S,104200,1200,
600004.SH,600004,20251209,91507360,0,88564,A,S,98900,1000,
600004.SH,600004,20251209,91507360,0,89208,A,B,97100,20000,
600004.SH,600004,20251209,91507360,0,89795,A,S,107300,600,
600004.SH,600004,20251209,91507360,0,89930,A,S,97900,3000,
600004.SH,600004,20251209,91507360,0,90142,A,B,90000,100,
600004.SH,600004,20251209,91507510,0,90438,A,B,94000,1000,
600004.SH,600004,20251209,91507510,0,91037,A,B,95000,400,
600004.SH,600004,20251209,91507510,0,91998,A,S,99800,8000,
600004.SH,600004,20251209,91507510,0,92143,A,B,93700,6000,
600004.SH,600004,20251209,91507510,0,92148,A,S,105900,3000,
600004.SH,600004,20251209,91507660,0,92807,A,S,107000,700,
600004.SH,600004,20251209,91507660,0,93033,A,B,91900,600,
600004.SH,600004,20251209,91507660,0,93034,A,S,101300,600,
600004.SH,600004,20251209,91507660,0,93100,A,S,107300,3000,
600004.SH,600004,20251209,91507660,0,93130,A,B,97200,500,
600004.SH,600004,20251209,91507660,0,93626,A,S,107500,100,
600004.SH,600004,20251209,91507660,0,93840,A,S,99100,100,
600004.SH,600004,20251209,91507660,0,93910,A,S,104500,300,
600004.SH,600004,20251209,91507660,0,94137,A,S,105000,500,
600004.SH,600004,20251209,91507800,0,94724,A,B,94000,500,
600004.SH,600004,20251209,91507990,0,96352,A,S,107500,1000,
600004.SH,600004,20251209,91507990,0,96353,A,S,105000,1000,
600004.SH,600004,20251209,91507990,0,96358,A,S,102500,1000,
600004.SH,600004,20251209,91507990,0,96359,A,S,100000,1000,
600004.SH,600004,20251209,91507990,0,96360,A,S,99000,1000,
600004.SH,600004,20251209,91507990,0,96490,A,B,96500,5000,
600004.SH,600004,20251209,91507990,0,96586,A,S,103400,1200,
600004.SH,600004,20251209,91508040,0,96776,A,S,107500,300,
600004.SH,600004,20251209,91508040,0,96952,A,S,102000,100,
600004.SH,600004,20251209,91508040,0,96984,A,S,101600,800,
600004.SH,600004,20251209,91508080,0,97370,A,B,96200,500,
600004.SH,600004,20251209,91508080,0,97402,A,S,99200,13800,
600004.SH,600004,20251209,91508120,0,97591,A,S,107500,500,
600004.SH,600004,20251209,91508180,0,98342,A,B,99100,28000,
600004.SH,600004,20251209,91508240,0,98611,A,S,107500,800,
600004.SH,600004,20251209,91508240,0,98793,A,S,106900,100,
600004.SH,600004,20251209,91508290,0,99026,A,S,98900,4000,
600004.SH,600004,20251209,91508290,0,99178,A,S,105500,10000,
600004.SH,600004,20251209,91508290,0,99256,A,S,107400,500,
600004.SH,600004,20251209,91508290,0,99260,A,S,106500,500,
600004.SH,600004,20251209,91508290,0,99261,A,S,105500,500,
600004.SH,600004,20251209,91508290,0,99262,A,S,104000,500,
600004.SH,600004,20251209,91508320,0,99605,A,S,99000,400,
600004.SH,600004,20251209,91508350,0,99646,A,B,99000,3000,
600004.SH,600004,20251209,91508350,0,99765,A,S,98700,2400,
600004.SH,600004,20251209,91508380,0,99978,A,S,107500,500,
600004.SH,600004,20251209,91508410,0,100289,A,S,107500,22000,
600004.SH,600004,20251209,91508490,0,101059,A,S,104800,7000,
600004.SH,600004,20251209,91508490,0,101150,A,B,96200,300,
600004.SH,600004,20251209,91508640,0,102105,A,S,97800,5200,
600004.SH,600004,20251209,91508700,0,102346,A,S,98800,1900,
600004.SH,600004,20251209,91508700,0,102355,A,S,98800,4800,
600004.SH,600004,20251209,91508700,0,102498,A,S,103700,1200,
600004.SH,600004,20251209,91508750,0,102890,A,B,93500,2000,
600004.SH,600004,20251209,91508750,0,102893,A,S,105900,1000,
600004.SH,600004,20251209,91508750,0,102894,A,S,107300,1000,
600004.SH,600004,20251209,91508880,0,103369,A,S,104300,200,
600004.SH,600004,20251209,91508880,0,103390,A,B,97000,208800,
600004.SH,600004,20251209,91508880,0,103460,A,S,103800,1300,
600004.SH,600004,20251209,91508980,0,103710,A,B,95200,1200,
600004.SH,600004,20251209,91509020,0,104033,A,S,103800,1000,
600004.SH,600004,20251209,91509100,0,104310,A,S,98300,2000,
600004.SH,600004,20251209,91509310,0,105155,A,B,93700,3000,
600004.SH,600004,20251209,91509330,0,105187,A,S,100600,1000,
600004.SH,600004,20251209,91509330,0,105202,A,S,102100,1000,
600004.SH,600004,20251209,91509350,0,105403,A,S,103600,1000,
600004.SH,600004,20251209,91509350,0,105441,A,S,105900,1000,
600004.SH,600004,20251209,91509810,0,107251,A,B,95600,3500,
600004.SH,600004,20251209,91509810,0,107252,A,B,96100,3000,
600004.SH,600004,20251209,91509810,0,107334,A,S,103000,200,
600004.SH,600004,20251209,91509810,0,107335,A,S,105200,100,
600004.SH,600004,20251209,91509810,0,107396,A,B,94800,5000,
600004.SH,600004,20251209,91510190,0,109069,A,S,107200,300,
600004.SH,600004,20251209,91510230,0,109120,A,S,98600,10000,
600004.SH,600004,20251209,91510270,0,109295,A,S,101800,100,
600004.SH,600004,20251209,91510270,0,109296,A,S,103500,200,
600004.SH,600004,20251209,91510270,0,109298,A,S,106900,200,
600004.SH,600004,20251209,91510370,0,109621,A,S,107000,36100,
600004.SH,600004,20251209,91510400,0,109671,A,B,93500,400,
600004.SH,600004,20251209,91510420,0,79600,D,B,96800,800,
600004.SH,600004,20251209,91510420,0,109833,A,S,98700,10000,
600004.SH,600004,20251209,91510450,0,109947,A,S,102800,300,
600004.SH,600004,20251209,91510560,0,110255,A,S,99500,900,
600004.SH,600004,20251209,91510590,0,110441,A,S,102000,100,
600004.SH,600004,20251209,91510610,0,110553,A,S,105000,100,
600004.SH,600004,20251209,91510610,0,110637,A,S,99000,200,
600004.SH,600004,20251209,91510610,0,110638,A,S,100000,200,
600004.SH,600004,20251209,91510700,0,110909,A,B,94500,100,
600004.SH,600004,20251209,91510730,0,110946,A,S,98900,1000,
600004.SH,600004,20251209,91510730,0,110964,A,B,96200,1000,
600004.SH,600004,20251209,91510730,0,111088,A,B,93000,100,
600004.SH,600004,20251209,91510830,0,111630,A,B,94800,10000,
600004.SH,600004,20251209,91510950,0,112178,A,S,107500,5000,
600004.SH,600004,20251209,91511130,0,112994,A,S,106000,1000,
600004.SH,600004,20251209,91511130,0,113060,A,S,98200,100,
600004.SH,600004,20251209,91511180,0,113159,A,S,99800,400,
600004.SH,600004,20251209,91511240,0,113488,A,B,97200,5000,
600004.SH,600004,20251209,91511270,0,113623,A,S,98800,500,
600004.SH,600004,20251209,91511450,0,114381,A,S,100400,500,
600004.SH,600004,20251209,91511450,0,114388,A,S,100900,500,
600004.SH,600004,20251209,91511620,0,115178,A,B,97700,1500,
600004.SH,600004,20251209,91511620,0,115182,A,S,105000,400,
600004.SH,600004,20251209,91511780,0,115753,A,S,100900,2000,
600004.SH,600004,20251209,91511830,0,116264,A,S,101900,800,
600004.SH,600004,20251209,91511830,0,116270,A,S,103900,800,
600004.SH,600004,20251209,91511910,0,116433,A,S,100000,300,
600004.SH,600004,20251209,91512130,0,117244,A,S,104800,400,
600004.SH,600004,20251209,91512160,0,117435,A,S,100800,300,
600004.SH,600004,20251209,91512160,0,117448,A,B,97000,1000,
600004.SH,600004,20251209,91512160,0,117513,A,B,96100,4000,
600004.SH,600004,20251209,91512280,0,117996,A,S,101500,1000,
600004.SH,600004,20251209,91512280,0,117997,A,S,102500,800,
600004.SH,600004,20251209,91512280,0,117998,A,S,103500,800,
600004.SH,600004,20251209,91512280,0,117999,A,S,104500,800,
600004.SH,600004,20251209,91512280,0,118004,A,S,105500,800,
600004.SH,600004,20251209,91512280,0,118044,A,S,106500,800,
600004.SH,600004,20251209,91512280,0,118046,A,S,107500,800,
600004.SH,600004,20251209,91512310,0,118202,A,B,96700,1000,
600004.SH,600004,20251209,91512340,0,118347,A,B,96100,5000,
600004.SH,600004,20251209,91512570,0,119092,A,S,99000,1000,
600004.SH,600004,20251209,91512570,0,119140,A,S,99800,500,
600004.SH,600004,20251209,91512570,0,119147,A,S,103500,900,
600004.SH,600004,20251209,91512570,0,119246,A,S,99500,1000,
600004.SH,600004,20251209,91512570,0,119248,A,S,100700,1500,
600004.SH,600004,20251209,91512790,0,119976,A,B,96800,1000,
600004.SH,600004,20251209,91512850,0,120293,A,S,100000,5000,
600004.SH,600004,20251209,91512880,0,120467,A,S,107500,200,
600004.SH,600004,20251209,91513010,0,121016,A,S,99500,10000,
600004.SH,600004,20251209,91513050,0,121114,A,B,96800,1000,
600004.SH,600004,20251209,91513080,0,121334,A,B,92000,5000,
600004.SH,600004,20251209,91513250,0,121988,A,S,98200,1000,
600004.SH,600004,20251209,91513250,0,121989,A,S,98500,1000,
600004.SH,600004,20251209,91513250,0,122022,A,S,98900,500,
600004.SH,600004,20251209,91513250,0,122061,A,S,107300,100,
600004.SH,600004,20251209,91513290,0,122179,A,B,93500,500,
600004.SH,600004,20251209,91513290,0,122242,A,S,99000,1000,
600004.SH,600004,20251209,91513330,0,122310,A,S,99500,1000,
600004.SH,600004,20251209,91513330,0,122313,A,S,100700,1300,
600004.SH,600004,20251209,91513390,0,122563,A,B,95200,600,
600004.SH,600004,20251209,91513690,0,123651,A,S,104300,1300,
600004.SH,600004,20251209,91513690,0,123658,A,S,105300,1300,
600004.SH,600004,20251209,91513730,0,123716,A,B,94000,1000,
600004.SH,600004,20251209,91513760,0,123964,A,S,107500,1000,
600004.SH,600004,20251209,91513760,0,123965,A,S,106800,500,
600004.SH,600004,20251209,91513810,0,124156,A,B,96900,200,
600004.SH,600004,20251209,91513880,0,124281,A,S,107500,42000,
600004.SH,600004,20251209,91513940,0,124585,A,B,95100,1100,
600004.SH,600004,20251209,91513940,0,124586,A,B,94100,1100,
600004.SH,600004,20251209,91513940,0,124587,A,B,93500,1100,
600004.SH,600004,20251209,91513940,0,124588,A,B,93100,1100,
600004.SH,600004,20251209,91513940,0,124589,A,B,92600,1100,
600004.SH,600004,20251209,91513940,0,124590,A,B,92100,1100,
600004.SH,600004,20251209,91513940,0,124593,A,B,91600,1100,
600004.SH,600004,20251209,91513940,0,124594,A,B,91100,2000,
600004.SH,600004,20251209,91513940,0,124595,A,B,90400,2000,
600004.SH,600004,20251209,91513940,0,124596,A,B,90100,2000,
600004.SH,600004,20251209,91513940,0,124597,A,B,89600,2000,
600004.SH,600004,20251209,91513940,0,124681,A,B,92300,600,
600004.SH,600004,20251209,91513990,0,124861,A,S,99500,1000,
600004.SH,600004,20251209,91513990,0,124867,A,B,89100,2000,
600004.SH,600004,20251209,91513990,0,124868,A,B,88800,2000,
600004.SH,600004,20251209,91514120,0,125283,A,S,99400,600,
600004.SH,600004,20251209,91514190,0,125527,A,S,98400,100,
600004.SH,600004,20251209,91514190,0,125528,A,B,96600,100,
600004.SH,600004,20251209,91514190,0,125569,A,S,105900,500,
600004.SH,600004,20251209,91514210,0,125659,A,S,104900,10100,
600004.SH,600004,20251209,91514210,0,125681,A,S,107500,7500,
600004.SH,600004,20251209,91514210,0,125731,A,S,107000,100,
600004.SH,600004,20251209,91514210,0,125769,A,S,99200,13400,
600004.SH,600004,20251209,91514240,0,125885,A,S,107400,3800,
600004.SH,600004,20251209,91514240,0,125941,A,S,103900,10100,
600004.SH,600004,20251209,91514390,0,126367,A,S,98500,1000,
600004.SH,600004,20251209,91514600,0,127041,A,S,107400,900,
600004.SH,600004,20251209,91514630,0,127177,A,S,102900,800,
600004.SH,600004,20251209,91514630,0,127180,A,S,104900,800,
600004.SH,600004,20251209,91514630,0,127183,A,S,107400,500,
600004.SH,600004,20251209,91514630,0,127186,A,S,107300,500,
600004.SH,600004,20251209,91514630,0,127189,A,S,105900,800,
600004.SH,600004,20251209,91514690,0,127480,A,S,106900,800,
600004.SH,600004,20251209,91514800,0,127844,A,S,105000,800,
600004.SH,600004,20251209,91514990,0,128540,A,S,107500,300,
600004.SH,600004,20251209,91515090,0,129019,A,S,107500,2000,
600004.SH,600004,20251209,91515130,0,129174,A,B,96100,500,
600004.SH,600004,20251209,91515270,0,129858,A,S,101300,1200,
600004.SH,600004,20251209,91515360,0,130105,A,S,101000,1000,
600004.SH,600004,20251209,91515360,0,130106,A,B,95600,1200,
600004.SH,600004,20251209,91515360,0,130229,A,S,102000,12000,
600004.SH,600004,20251209,91515360,0,130230,A,S,104000,12000,
600004.SH,600004,20251209,91515450,0,130540,A,S,105800,200,
600004.SH,600004,20251209,91515550,0,130980,A,S,105000,1000,
600004.SH,600004,20251209,91515700,0,131412,A,S,97600,100,
600004.SH,600004,20251209,91515760,0,131708,A,B,97200,600,
600004.SH,600004,20251209,91515760,0,131719,A,S,99800,500,
600004.SH,600004,20251209,91515900,0,132182,A,S,100000,500,
600004.SH,600004,20251209,91516020,0,132793,A,S,106700,15000,
600004.SH,600004,20251209,91516070,0,132936,A,S,107500,12500,
600004.SH,600004,20251209,91516290,0,133775,A,S,102800,10000,
600004.SH,600004,20251209,91516360,0,134064,A,B,95800,200,
600004.SH,600004,20251209,91516360,0,134065,A,S,101500,200,
600004.SH,600004,20251209,91516740,0,135507,A,B,87900,500,
600004.SH,600004,20251209,91516740,0,135515,A,B,87900,500,
600004.SH,600004,20251209,91516740,0,135516,A,B,87900,500,
600004.SH,600004,20251209,91516740,0,135531,A,B,87900,500,
600004.SH,600004,20251209,91516780,0,135717,A,B,97000,200,
600004.SH,600004,20251209,91516780,0,135769,A,B,91900,300,
600004.SH,600004,20251209,91516890,0,136020,A,S,97900,1000,
600004.SH,600004,20251209,91516890,0,136031,A,S,104000,2000,
600004.SH,600004,20251209,91516950,0,136275,A,B,96700,1000,
600004.SH,600004,20251209,91517000,0,136502,A,S,100900,700,
600004.SH,600004,20251209,91517040,0,136736,A,S,107500,100,
600004.SH,600004,20251209,91517200,0,137239,A,S,99800,200,
600004.SH,600004,20251209,91517230,0,137272,A,S,101800,200,
600004.SH,600004,20251209,91517240,0,137330,A,S,103800,200,
600004.SH,600004,20251209,91517260,0,137507,A,S,98000,100,
600004.SH,600004,20251209,91517260,0,137631,A,S,107500,100,
600004.SH,600004,20251209,91517300,0,137709,A,S,107000,600,
600004.SH,600004,20251209,91517520,0,138482,A,S,102000,500,
600004.SH,600004,20251209,91517570,0,138677,A,S,104000,1000,
600004.SH,600004,20251209,91517570,0,138678,A,S,105000,1000,
600004.SH,600004,20251209,91517700,0,139058,A,S,107500,4000,
600004.SH,600004,20251209,91517730,0,139286,A,B,97000,500,
600004.SH,600004,20251209,91517760,0,139397,A,S,104200,100,
600004.SH,600004,20251209,91517760,0,139428,A,S,107400,900,
600004.SH,600004,20251209,91517920,0,139929,A,S,98800,400,
600004.SH,600004,20251209,91517920,0,139930,A,S,99700,400,
600004.SH,600004,20251209,91517920,0,139931,A,S,100800,400,
600004.SH,600004,20251209,91518160,0,140786,A,S,98600,100,
600004.SH,600004,20251209,91518180,0,140969,A,S,107400,8500,
600004.SH,600004,20251209,91518180,0,141036,A,B,96000,100,
600004.SH,600004,20251209,91518310,0,141426,A,S,101500,2000,
600004.SH,600004,20251209,91518580,0,142488,A,S,104000,300,
600004.SH,600004,20251209,91518640,0,142542,A,B,95500,1000,
600004.SH,600004,20251209,91518740,0,142852,A,S,107000,3000,
600004.SH,600004,20251209,91518740,0,142856,A,S,106000,3000,
600004.SH,600004,20251209,91518740,0,142882,A,S,105000,2000,
600004.SH,600004,20251209,91518770,0,143025,A,S,104000,2000,
600004.SH,600004,20251209,91518800,0,143110,A,S,103000,1000,
600004.SH,600004,20251209,91518800,0,143189,A,S,104000,600,
600004.SH,600004,20251209,91518840,0,143361,A,S,106700,200,
600004.SH,600004,20251209,91518880,0,143391,A,S,98700,200,
600004.SH,600004,20251209,91518880,0,143395,A,B,95700,200,
600004.SH,600004,20251209,91519000,0,143933,A,B,89700,100,
600004.SH,600004,20251209,91519050,0,143987,A,S,103100,100,
600004.SH,600004,20251209,91519090,0,144161,A,B,95500,200,
600004.SH,600004,20251209,91519140,0,144433,A,S,103500,100,
600004.SH,600004,20251209,91519140,0,144472,A,B,93500,100,
600004.SH,600004,20251209,91519240,0,144803,A,B,94500,1500,
600004.SH,600004,20251209,91519240,0,144808,A,B,90000,3000,
600004.SH,600004,20251209,91519240,0,144809,A,S,100800,1500,
600004.SH,600004,20251209,91519240,0,144818,A,S,107500,5000,
600004.SH,600004,20251209,91519240,0,144828,A,S,107400,500,
600004.SH,600004,20251209,91519290,0,144914,A,B,91500,3000,
600004.SH,600004,20251209,91519290,0,144918,A,S,104000,1500,
600004.SH,600004,20251209,91519290,0,144939,A,S,102400,1500,
600004.SH,600004,20251209,91519290,0,144940,A,B,93000,3000,
600004.SH,600004,20251209,91519290,0,144941,A,S,105500,1500,
600004.SH,600004,20251209,91519290,0,144942,A,S,99900,3000,
600004.SH,600004,20251209,91519290,0,145006,A,S,107100,1500,
600004.SH,600004,20251209,91519350,0,145148,A,S,107500,2000,
600004.SH,600004,20251209,91519350,0,145187,A,B,89800,2000,
600004.SH,600004,20251209,91519380,0,145296,A,S,98500,2000,
600004.SH,600004,20251209,91519380,0,145311,A,S,99500,1600,
600004.SH,600004,20251209,91519380,0,145313,A,S,101000,2000,
600004.SH,600004,20251209,91519440,0,145451,A,S,101700,100,
600004.SH,600004,20251209,91519440,0,145452,A,B,91700,100,
600004.SH,600004,20251209,91519650,0,146058,A,S,107500,600,
600004.SH,600004,20251209,91519680,0,146101,A,S,101300,3000,
600004.SH,600004,20251209,91519680,0,146174,A,S,107500,500,
600004.SH,600004,20251209,91519680,0,146238,A,B,92000,1000,
600004.SH,600004,20251209,91519720,0,146307,A,S,99700,1000,
600004.SH,600004,20251209,91519760,0,146421,A,S,107500,5000,
600004.SH,600004,20251209,91519790,0,146454,A,S,97700,100,
600004.SH,600004,20251209,91519860,0,146637,A,S,102800,500,
600004.SH,600004,20251209,91519900,0,146869,A,B,95700,3000,
600004.SH,600004,20251209,91520080,0,147369,A,B,94300,300,
600004.SH,600004,20251209,91520160,0,147656,A,S,107500,500,
600004.SH,600004,20251209,91520330,0,148191,A,S,102400,300,
600004.SH,600004,20251209,91520360,0,148233,A,S,105000,100,
600004.SH,600004,20251209,91520560,0,148880,A,S,107000,1000,
600004.SH,600004,20251209,91520660,0,149177,A,B,95600,400,
600004.SH,600004,20251209,91520720,0,149397,A,S,101600,2100,
600004.SH,600004,20251209,91520750,0,149489,A,B,90000,200,
600004.SH,600004,20251209,91520780,0,149555,A,S,106700,200,
600004.SH,600004,20251209,91520780,0,149582,A,S,99500,100,
600004.SH,600004,20251209,91520880,0,149870,A,B,87900,10000,
600004.SH,600004,20251209,91520900,0,149902,A,S,106800,200,
600004.SH,600004,20251209,91521030,0,150381,A,B,97100,4000,
600004.SH,600004,20251209,91521090,0,150576,A,B,97100,1600,
600004.SH,600004,20251209,91521090,0,150589,A,S,99100,2400,
600004.SH,600004,20251209,91521090,0,150629,A,S,101100,2400,
600004.SH,600004,20251209,91521170,0,150782,A,S,99400,1000,
600004.SH,600004,20251209,91521170,0,150838,A,S,100400,1000,
600004.SH,600004,20251209,91521340,0,151442,A,B,91600,1300,
600004.SH,600004,20251209,91521370,0,151474,A,S,106300,1200,
600004.SH,600004,20251209,91521750,0,152611,A,S,102500,100,
600004.SH,600004,20251209,91521810,0,152700,A,S,107200,500,
600004.SH,600004,20251209,91522100,0,153360,A,S,106000,30000,
600004.SH,600004,20251209,91522290,0,153741,A,S,107500,10000,
600004.SH,600004,20251209,91522790,0,154572,A,S,107400,2500,
600004.SH,600004,20251209,91522810,0,154624,A,B,95300,800,
600004.SH,600004,20251209,91522840,0,154654,A,S,101800,800,
600004.SH,600004,20251209,91522840,0,154674,A,S,103700,1000,
600004.SH,600004,20251209,91522880,0,154756,A,S,107500,600,
600004.SH,600004,20251209,91523050,0,155000,A,S,99500,500,
600004.SH,600004,20251209,91523050,0,155009,A,S,101500,500,
600004.SH,600004,20251209,91523160,0,155312,A,S,103500,500,
600004.SH,600004,20251209,91523160,0,155314,A,S,104500,1000,
600004.SH,600004,20251209,91523160,0,155315,A,S,105500,2000,
600004.SH,600004,20251209,91523230,0,155407,A,B,90000,100,
600004.SH,600004,20251209,91523460,0,155888,A,B,95800,1000,
600004.SH,600004,20251209,91523660,0,156064,A,S,107500,11000,
600004.SH,600004,20251209,91524230,0,156267,A,S,105000,3000,
600004.SH,600004,20251209,91524850,0,156433,A,S,106000,16000,
600004.SH,600004,20251209,91525280,0,157122,A,S,107500,100,
600004.SH,600004,20251209,91529500,0,157842,A,B,97000,10000,
600004.SH,600004,20251209,91531050,0,158040,A,S,99100,500,
600004.SH,600004,20251209,91531050,0,158041,A,B,94500,500,
600004.SH,600004,20251209,91531220,0,158086,A,S,98600,200,
600004.SH,600004,20251209,91531220,0,158087,A,B,94800,200,
600004.SH,600004,20251209,91538290,0,159335,A,S,107500,100,
600004.SH,600004,20251209,91540890,0,159773,A,S,103300,1600,
600004.SH,600004,20251209,91543130,0,160233,A,S,103000,1500,
600004.SH,600004,20251209,91544170,0,160453,A,B,96300,100,
600004.SH,600004,20251209,91544190,0,160455,A,S,98300,100,
600004.SH,600004,20251209,91544190,0,160458,A,B,96500,100,
600004.SH,600004,20251209,91544270,0,160480,A,S,98200,50500,
600004.SH,600004,20251209,91545090,0,160607,A,S,98700,3000,
600004.SH,600004,20251209,91545090,0,160608,A,B,96700,3000,
600004.SH,600004,20251209,91546320,0,160841,A,S,99900,1100,
600004.SH,600004,20251209,91547130,0,160967,A,S,99900,200,
600004.SH,600004,20251209,91547160,0,160977,A,B,96500,200,
600004.SH,600004,20251209,91549100,0,161324,A,S,101200,300,
600004.SH,600004,20251209,91549100,0,161325,A,B,91200,300,
600004.SH,600004,20251209,91551050,0,161658,A,S,98200,300,
600004.SH,600004,20251209,91551050,0,161659,A,B,96200,300,
600004.SH,600004,20251209,91557550,0,162929,A,B,100000,110000,
600004.SH,600004,20251209,91601260,0,163757,A,B,87900,100,
600004.SH,600004,20251209,91601670,0,163864,A,B,87900,100,
600004.SH,600004,20251209,91601670,0,163865,A,B,87900,100,
600004.SH,600004,20251209,91602670,0,164042,A,S,102000,400,
600004.SH,600004,20251209,91602870,0,164077,A,B,87900,100,
600004.SH,600004,20251209,91604260,0,164342,A,S,98800,1000,
600004.SH,600004,20251209,91607870,0,164077,D,B,87900,100,
600004.SH,600004,20251209,91613380,0,162929,D,B,100000,110000,
600004.SH,600004,20251209,91623400,0,166728,A,S,98200,1200,
600004.SH,600004,20251209,91627580,0,163757,D,B,87900,100,
600004.SH,600004,20251209,91631660,0,167581,A,S,107500,4000,
600004.SH,600004,20251209,91636120,0,168016,A,B,89700,15000,
600004.SH,600004,20251209,91636540,0,168047,A,S,87900,101900,
600004.SH,600004,20251209,91637530,0,168156,A,S,98200,1000,
600004.SH,600004,20251209,91637710,0,168181,A,S,98100,2500,
600004.SH,600004,20251209,91640200,0,168498,A,S,99000,500,
600004.SH,600004,20251209,91641140,0,113060,D,S,98200,100,
600004.SH,600004,20251209,91645970,0,169090,A,S,99000,1000,
600004.SH,600004,20251209,91651050,0,169603,A,S,97200,100,
600004.SH,600004,20251209,91651130,0,169609,A,S,99800,400,
600004.SH,600004,20251209,91652200,0,169700,A,S,100000,1000,
600004.SH,600004,20251209,91652230,0,168047,D,S,87900,101900,
600004.SH,600004,20251209,91654970,0,169987,A,S,99500,3500,
600004.SH,600004,20251209,91657740,0,170266,A,S,101000,500,
600004.SH,600004,20251209,91659350,0,170415,A,B,96000,1000,
600004.SH,600004,20251209,91702680,0,170867,A,S,102000,500,
600004.SH,600004,20251209,91703140,0,170915,A,B,95700,300,
600004.SH,600004,20251209,91703420,0,170945,A,S,103000,500,
600004.SH,600004,20251209,91705250,0,171149,A,S,98800,1000,
600004.SH,600004,20251209,91705600,0,171182,A,B,95800,500,
600004.SH,600004,20251209,91708340,0,163864,D,B,87900,100,
600004.SH,600004,20251209,91708570,0,171532,A,S,100000,5000,
600004.SH,600004,20251209,91712450,0,171960,A,S,98500,2000,
600004.SH,600004,20251209,91712730,0,171982,A,B,97000,1000,
600004.SH,600004,20251209,91714620,0,172194,A,S,99600,1000,
600004.SH,600004,20251209,91714650,0,39748,D,S,98200,20000,
600004.SH,600004,20251209,91721940,0,173010,A,S,107500,3000,
600004.SH,600004,20251209,91726220,0,173491,A,S,105000,500,
600004.SH,600004,20251209,91728780,0,173763,A,S,103900,200,
600004.SH,600004,20251209,91729400,0,173827,A,S,98800,1000,
600004.SH,600004,20251209,91733050,0,174271,A,S,100800,1000,
600004.SH,600004,20251209,91733330,0,163865,D,B,87900,100,
600004.SH,600004,20251209,91734990,0,174510,A,S,97900,1100,
600004.SH,600004,20251209,91736900,0,174742,A,B,97000,400,
600004.SH,600004,20251209,91745010,0,175718,A,S,98600,1000,
600004.SH,600004,20251209,91746390,0,175864,A,B,96300,500,
600004.SH,600004,20251209,91747400,0,175988,A,S,98200,2200,
600004.SH,600004,20251209,91756940,0,177127,A,S,98900,30000,
600004.SH,600004,20251209,91756940,0,177129,A,S,105000,100,
600004.SH,600004,20251209,91802910,0,177818,A,S,103600,500,
600004.SH,600004,20251209,91807040,0,178359,A,B,97100,300,
600004.SH,600004,20251209,91814710,0,179253,A,S,98000,200,
600004.SH,600004,20251209,91815580,0,179368,A,S,98800,4000,
600004.SH,600004,20251209,91818480,0,179723,A,B,97400,3000,
600004.SH,600004,20251209,91822720,0,180238,A,S,97900,15000,
600004.SH,600004,20251209,91823400,0,180316,A,S,107500,10000,
600004.SH,600004,20251209,91826930,0,180735,A,B,96600,30000,
600004.SH,600004,20251209,91829540,0,181082,A,S,107400,100,
600004.SH,600004,20251209,91829650,0,181098,A,S,98800,300,
600004.SH,600004,20251209,91830230,0,180238,D,S,97900,15000,
600004.SH,600004,20251209,91832330,0,181415,A,S,98800,1000,
600004.SH,600004,20251209,91832700,0,181469,A,S,107500,100,
600004.SH,600004,20251209,91835870,0,181855,A,S,107500,20400,
600004.SH,600004,20251209,91839240,0,182276,A,S,98700,6900,
600004.SH,600004,20251209,91841280,0,182576,A,S,98900,300,
600004.SH,600004,20251209,91842100,0,182679,A,S,107500,20400,
600004.SH,600004,20251209,91846630,0,183225,A,B,97100,3000,
600004.SH,600004,20251209,91846670,0,183231,A,S,98200,2000,
600004.SH,600004,20251209,91850350,0,183692,A,S,101000,2000,
600004.SH,600004,20251209,91851690,0,183847,A,S,98200,800,
600004.SH,600004,20251209,91852000,0,183871,A,S,98300,200,
600004.SH,600004,20251209,91900480,0,184940,A,S,99500,5000,
600004.SH,600004,20251209,91900740,0,135531,D,B,87900,500,
600004.SH,600004,20251209,91900770,0,135516,D,B,87900,500,
600004.SH,600004,20251209,91900770,0,135515,D,B,87900,500,
600004.SH,600004,20251209,91900820,0,135507,D,B,87900,500,
600004.SH,600004,20251209,91901010,0,185008,A,S,107500,100,
600004.SH,600004,20251209,91906040,0,185662,A,S,99900,1000,
600004.SH,600004,20251209,91910720,0,186227,A,S,98000,1000,
600004.SH,600004,20251209,91911730,0,186395,A,S,101600,400,
600004.SH,600004,20251209,91915160,0,186831,A,B,98200,700,
600004.SH,600004,20251209,91922380,0,187761,A,S,105000,500,
600004.SH,600004,20251209,91926730,0,188312,A,B,97300,3000,
600004.SH,600004,20251209,91928520,0,188554,A,B,98200,1000,
600004.SH,600004,20251209,91931130,0,188916,A,S,103300,3000,
600004.SH,600004,20251209,91932850,0,189174,A,S,99200,6000,
600004.SH,600004,20251209,91935400,0,189517,A,B,96100,500,
600004.SH,600004,20251209,91936870,0,189703,A,B,98200,2000,
600004.SH,600004,20251209,91937830,0,189833,A,S,98800,91600,
600004.SH,600004,20251209,91944020,0,190623,A,B,97000,700,
600004.SH,600004,20251209,91945280,0,169987,D,S,99500,3500,
600004.SH,600004,20251209,91945380,0,190793,A,S,98200,5000,
600004.SH,600004,20251209,91949170,0,171960,D,S,98500,2000,
600004.SH,600004,20251209,91951070,0,191455,A,S,98300,100,
600004.SH,600004,20251209,91951120,0,191460,A,S,99200,100,
600004.SH,600004,20251209,91951160,0,191463,A,S,100100,100,
600004.SH,600004,20251209,91951220,0,190623,D,B,97000,700,
600004.SH,600004,20251209,91951220,0,191474,A,S,101000,100,
600004.SH,600004,20251209,91953040,0,191718,A,S,98400,13000,
600004.SH,600004,20251209,91953070,0,191722,A,B,97500,2000,
600004.SH,600004,20251209,91953070,0,191724,A,S,98900,1500,
600004.SH,600004,20251209,91953720,0,191816,A,S,99200,3500,
600004.SH,600004,20251209,91955430,0,192023,A,B,97700,2000,
600004.SH,600004,20251209,91957230,0,192284,A,S,99000,2400,
600004.SH,600004,20251209,91957770,0,192355,A,B,96500,100,
600004.SH,600004,20251209,92001090,0,192858,A,B,102500,100,
600004.SH,600004,20251209,92003800,0,193364,A,S,99900,2600,
600004.SH,600004,20251209,92004250,0,193471,A,B,93500,1000,
600004.SH,600004,20251209,92009240,0,194399,A,S,98300,2200,
600004.SH,600004,20251209,92011130,0,194680,A,S,99900,9300,
600004.SH,600004,20251209,92014680,0,195133,A,S,98000,400,
600004.SH,600004,20251209,92015370,0,195243,A,S,100000,100,
600004.SH,600004,20251209,92018720,0,195646,A,S,98500,100,
600004.SH,600004,20251209,92019720,0,195778,A,S,98200,1100,
600004.SH,600004,20251209,92020660,0,195908,A,B,97900,100,
600004.SH,600004,20251209,92022890,0,196238,A,S,107000,50000,
600004.SH,600004,20251209,92024440,0,196457,A,S,98500,1000,
600004.SH,600004,20251209,92029370,0,197109,A,S,98200,1700,
600004.SH,600004,20251209,92030450,0,197245,A,S,99900,2000,
600004.SH,600004,20251209,92036190,0,198066,A,S,100900,2000,
600004.SH,600004,20251209,92038340,0,198363,A,S,97500,15400,
600004.SH,600004,20251209,92042170,0,198955,A,S,103500,500,
600004.SH,600004,20251209,92042510,0,198996,A,B,96500,10000,
600004.SH,600004,20251209,92051080,0,200166,A,B,91300,500,
600004.SH,600004,20251209,92056820,0,200986,A,S,105000,1200,
600004.SH,600004,20251209,92102060,0,201868,A,S,104000,2000,
600004.SH,600004,20251209,92103400,0,202066,A,S,99200,2300,
600004.SH,600004,20251209,92104840,0,202290,A,S,107500,600,
600004.SH,600004,20251209,92104850,0,202291,A,S,99400,1000,
600004.SH,600004,20251209,92105670,0,202426,A,B,90200,2000,
600004.SH,600004,20251209,92106310,0,202514,A,S,98000,1100,
600004.SH,600004,20251209,92110070,0,203057,A,S,88900,1000,
600004.SH,600004,20251209,92111140,0,203199,A,S,98200,100000,
600004.SH,600004,20251209,92114250,0,203782,A,B,96200,2000,
600004.SH,600004,20251209,92114300,0,203785,A,S,104000,500,
600004.SH,600004,20251209,92117710,0,204299,A,S,98200,10500,
600004.SH,600004,20251209,92119800,0,204593,A,B,95500,3000,
600004.SH,600004,20251209,92121710,0,204881,A,S,107500,100,
600004.SH,600004,20251209,92123000,0,205086,A,B,97200,3000,
600004.SH,600004,20251209,92123140,0,205106,A,S,106000,500,
600004.SH,600004,20251209,92127150,0,205695,A,B,96600,10000,
600004.SH,600004,20251209,92134790,0,206791,A,S,98500,2000,
600004.SH,600004,20251209,92135240,0,206861,A,S,107500,100,
600004.SH,600004,20251209,92142990,0,208059,A,S,107500,2000,
600004.SH,600004,20251209,92150940,0,209213,A,S,87900,400,
600004.SH,600004,20251209,92153560,0,209626,A,S,103300,1000,
600004.SH,600004,20251209,92154450,0,209750,A,B,97300,2000,
600004.SH,600004,20251209,92156300,0,210036,A,S,98800,2000,
600004.SH,600004,20251209,92157870,0,210261,A,B,98000,500,
600004.SH,600004,20251209,92203330,0,211200,A,S,100000,1000,
600004.SH,600004,20251209,92212520,0,212680,A,S,98800,6200,
600004.SH,600004,20251209,92212950,0,212760,A,S,98500,3000,
600004.SH,600004,20251209,92217510,0,213467,A,S,98000,1800,
600004.SH,600004,20251209,92217830,0,213519,A,S,107500,5000,
600004.SH,600004,20251209,92227370,0,215068,A,S,98500,10000,
600004.SH,600004,20251209,92229030,0,215340,A,S,102500,200,
600004.SH,600004,20251209,92233370,0,216061,A,S,99800,49100,
600004.SH,600004,20251209,92235780,0,216459,A,S,98900,500,
600004.SH,600004,20251209,92241600,0,217442,A,S,101000,15700,
600004.SH,600004,20251209,92252010,0,219195,A,S,99200,100,
600004.SH,600004,20251209,92252030,0,219201,A,S,98500,2000,
600004.SH,600004,20251209,92254270,0,219554,A,S,104100,400,
600004.SH,600004,20251209,92259150,0,220377,A,B,97400,11200,
600004.SH,600004,20251209,92308000,0,222040,A,S,99200,2000,
600004.SH,600004,20251209,92308010,0,222043,A,S,98700,200,
600004.SH,600004,20251209,92308040,0,222049,A,S,105000,3000,
600004.SH,600004,20251209,92310320,0,222453,A,B,97000,500,
600004.SH,600004,20251209,92311050,0,222606,A,S,97700,11300,
600004.SH,600004,20251209,92314500,0,223194,A,S,107500,300,
600004.SH,600004,20251209,92319830,0,224251,A,S,98000,10000,
600004.SH,600004,20251209,92322800,0,224855,A,S,97700,1000,
600004.SH,600004,20251209,92324450,0,225153,A,B,97300,10000,
600004.SH,600004,20251209,92327690,0,225798,A,S,99000,2900,
600004.SH,600004,20251209,92328980,0,226044,A,S,106600,29200,
600004.SH,600004,20251209,92331410,0,226521,A,S,98100,700,
600004.SH,600004,20251209,92332950,0,226792,A,S,98500,500,
600004.SH,600004,20251209,92334280,0,227029,A,B,97200,10000,
600004.SH,600004,20251209,92334520,0,227086,A,S,97900,15000,
600004.SH,600004,20251209,92338010,0,227772,A,S,105000,1800,
600004.SH,600004,20251209,92339530,0,228060,A,S,98100,3000,
600004.SH,600004,20251209,92342310,0,228616,A,B,98900,1000,
600004.SH,600004,20251209,92343570,0,228876,A,B,97100,10000,
600004.SH,600004,20251209,92346210,0,229456,A,S,107500,1100,
600004.SH,600004,20251209,92348060,0,229852,A,S,97400,35800,
600004.SH,600004,20251209,92352140,0,230717,A,B,97000,10000,
600004.SH,600004,20251209,92352730,0,230838,A,S,97800,10300,
600004.SH,600004,20251209,92356390,0,231606,A,S,98700,200,
600004.SH,600004,20251209,92400100,0,232508,A,S,98500,2000,
600004.SH,600004,20251209,92400700,0,232655,A,B,97000,1300,
600004.SH,600004,20251209,92403120,0,233200,A,S,92800,6000,
600004.SH,600004,20251209,92403910,0,233393,A,S,92800,3700,
600004.SH,600004,20251209,92405170,0,233715,A,B,97200,5000,
600004.SH,600004,20251209,92409070,0,234668,A,B,97500,100,
600004.SH,600004,20251209,92409700,0,234813,A,B,97100,700,
600004.SH,600004,20251209,92410770,0,235059,A,B,95800,1000,
600004.SH,600004,20251209,92411330,0,235170,A,S,100800,500,
600004.SH,600004,20251209,92411810,0,235275,A,S,105800,100,
600004.SH,600004,20251209,92413960,0,235858,A,S,105000,3000,
600004.SH,600004,20251209,92414240,0,235934,A,B,96700,2500,
600004.SH,600004,20251209,92414350,0,235977,A,S,97800,2100,
600004.SH,600004,20251209,92417620,0,236908,A,B,97100,5000,
600004.SH,600004,20251209,92420510,0,237729,A,B,96500,3000,
600004.SH,600004,20251209,92420720,0,237776,A,S,107500,10700,
600004.SH,600004,20251209,92421380,0,237975,A,S,97900,4600,
600004.SH,600004,20251209,92426810,0,239432,A,B,97500,3000,
600004.SH,600004,20251209,92426970,0,239470,A,B,97300,20000,
600004.SH,600004,20251209,92431010,0,240647,A,B,97400,1000,
600004.SH,600004,20251209,92433020,0,241290,A,B,97100,1000,
600004.SH,600004,20251209,92434100,0,241606,A,S,105000,3000,
600004.SH,600004,20251209,92435530,0,242012,A,B,96700,2000,
600004.SH,600004,20251209,92435880,0,242107,A,B,93600,300,
600004.SH,600004,20251209,92436180,0,242199,A,S,97600,2000,
600004.SH,600004,20251209,92436940,0,242466,A,S,98000,5000,
600004.SH,600004,20251209,92439410,0,243328,A,S,87900,400,
600004.SH,600004,20251209,92444210,0,244834,A,S,103900,600,
600004.SH,600004,20251209,92444330,0,244879,A,S,98400,10000,
600004.SH,600004,20251209,92445200,0,245172,A,S,99200,2000,
600004.SH,600004,20251209,92446280,0,245554,A,S,97100,1000,
600004.SH,600004,20251209,92449760,0,246867,A,B,97000,5000,
600004.SH,600004,20251209,92450020,0,247000,A,S,107400,1000,
600004.SH,600004,20251209,92451310,0,247738,A,B,97000,1000,
600004.SH,600004,20251209,92453430,0,248732,A,B,97500,1000,
600004.SH,600004,20251209,92454480,0,249266,A,S,107500,1100,
600004.SH,600004,20251209,92454990,0,249567,A,S,104100,300,
600004.SH,600004,20251209,92456390,0,250530,A,B,98500,100,
600004.SH,600004,20251209,92456840,0,250910,A,S,97500,100,
600004.SH,600004,20251209,92456860,0,250927,A,B,97500,100,
600004.SH,600004,20251209,92458380,0,252701,A,S,97300,11300,
600004.SH,600004,20251209,92459720,0,254371,A,B,100000,200,
600004.SH,600004,20251209,92459800,0,254454,A,B,97600,30700,
600004.SH,600004,20251209,92500660,0,0,S,O,0,0,
600004.SH,600004,20251209,93000190,0,255300,A,B,97500,600,
600004.SH,600004,20251209,93000670,0,256561,A,B,97000,1000,
600004.SH,600004,20251209,93000950,0,257290,A,B,97000,1000,
600004.SH,600004,20251209,93001160,0,258650,A,S,98000,10000,
600004.SH,600004,20251209,93001160,0,258669,A,B,97300,5000,
600004.SH,600004,20251209,93001210,0,259126,A,S,99900,100,
600004.SH,600004,20251209,93001210,0,259230,A,S,104900,100,
600004.SH,600004,20251209,93001520,0,260496,A,S,107000,1500,
600004.SH,600004,20251209,93001660,0,261136,A,S,98200,1000,
600004.SH,600004,20251209,93001770,0,239432,D,B,97500,1900,
600004.SH,600004,20251209,93001830,0,262480,A,S,98600,6300,
600004.SH,600004,20251209,93001870,0,263070,A,B,96200,5500,
600004.SH,600004,20251209,93001870,0,263108,A,B,96700,51800,
600004.SH,600004,20251209,93002080,0,235977,D,S,97800,2100,
600004.SH,600004,20251209,93002150,0,264740,A,B,97400,500,
600004.SH,600004,20251209,93002290,0,265812,A,S,101500,300,
600004.SH,600004,20251209,93002290,0,266510,A,S,99000,5000,
600004.SH,600004,20251209,93002290,0,267060,A,B,97000,1000,
600004.SH,600004,20251209,93002460,0,267676,A,B,97000,6000,
600004.SH,600004,20251209,93002460,0,268278,A,S,98000,1000,
600004.SH,600004,20251209,93002460,0,195133,D,S,98000,400,
600004.SH,600004,20251209,93002460,0,269077,A,S,98000,10000,
600004.SH,600004,20251209,93002630,0,270123,A,S,97900,2500,
600004.SH,600004,20251209,93002830,0,271613,A,S,99700,200,
600004.SH,600004,20251209,93002830,0,271792,A,S,101700,200,
600004.SH,600004,20251209,93002990,0,274144,A,S,97800,10200,
600004.SH,600004,20251209,93002990,0,274288,A,B,96800,10000,
600004.SH,600004,20251209,93003160,0,274702,A,S,97500,7400,
600004.SH,600004,20251209,93003500,0,278652,A,B,97300,7200,
600004.SH,600004,20251209,93003500,0,279320,A,B,94000,10000,
600004.SH,600004,20251209,93003660,0,280573,A,S,98900,100,
600004.SH,600004,20251209,93003830,0,282001,A,S,99800,1000,
600004.SH,600004,20251209,93003830,0,283206,A,B,97000,5000,
600004.SH,600004,20251209,93003830,0,220377,D,B,97400,11200,
600004.SH,600004,20251209,93004000,0,284559,A,S,99900,2500,
600004.SH,600004,20251209,93004000,0,285139,A,B,97100,26500,
600004.SH,600004,20251209,93004160,0,285857,A,S,98400,400,
600004.SH,600004,20251209,93004160,0,286582,A,S,97600,300,
600004.SH,600004,20251209,93004160,0,286784,A,B,96000,1000,
600004.SH,600004,20251209,93004330,0,288381,A,B,97000,1000,
600004.SH,600004,20251209,93004330,0,288774,A,B,97200,5000,
600004.SH,600004,20251209,93004490,0,289153,A,S,97600,1100,
600004.SH,600004,20251209,93004490,0,289450,A,B,95000,2000,
600004.SH,600004,20251209,93004490,0,289720,A,S,97600,300,
600004.SH,600004,20251209,93004490,0,290408,A,B,96300,700,
600004.SH,600004,20251209,93004640,0,291497,A,B,97100,1000,
600004.SH,600004,20251209,93004640,0,291836,A,S,105800,2000,
600004.SH,600004,20251209,93004640,0,291852,A,S,98000,1000,
600004.SH,600004,20251209,93004640,0,292297,A,B,94800,1000,
600004.SH,600004,20251209,93004800,0,293602,A,S,99800,1000,
600004.SH,600004,20251209,93004800,0,293722,A,S,98300,6000,
600004.SH,600004,20251209,93004800,0,293725,A,S,97600,600,
600004.SH,600004,20251209,93004960,0,294440,A,S,98000,2000,
600004.SH,600004,20251209,93004960,0,294830,A,S,100100,6000,
600004.SH,600004,20251209,93004960,0,295511,A,S,107300,20700,
600004.SH,600004,20251209,93005120,0,296025,A,S,97900,4000,
600004.SH,600004,20251209,93005120,0,297304,A,B,97000,2000,
600004.SH,600004,20251209,93005120,0,297685,A,B,96900,2000,
600004.SH,600004,20251209,93005280,0,222453,D,B,97000,500,
600004.SH,600004,20251209,93005280,0,298576,A,B,97000,300,
600004.SH,600004,20251209,93005430,0,300365,A,B,97400,900,
600004.SH,600004,20251209,93005430,0,300431,A,B,97200,6000,
600004.SH,600004,20251209,93005430,0,300968,A,B,96500,100,
600004.SH,600004,20251209,93005590,0,301521,A,S,98200,2000,
600004.SH,600004,20251209,93005590,0,301904,A,S,98200,1000,
600004.SH,600004,20251209,93005590,0,113488,D,B,97200,5000,
600004.SH,600004,20251209,93005590,0,302883,A,S,97600,200,
600004.SH,600004,20251209,93005590,0,303179,A,B,97100,10000,
600004.SH,600004,20251209,93005760,0,303463,A,B,95000,10000,
600004.SH,600004,20251209,93005760,0,303953,A,B,96800,100,
600004.SH,600004,20251209,93005760,0,304712,A,B,96500,10000,
600004.SH,600004,20251209,93005760,0,304794,A,S,97600,300,
600004.SH,600004,20251209,93005760,0,304797,A,S,97600,300,
600004.SH,600004,20251209,93005760,0,304798,A,S,97600,300,
600004.SH,600004,20251209,93005760,0,304813,A,S,97600,300,
600004.SH,600004,20251209,93005760,0,304816,A,S,97600,300,
600004.SH,600004,20251209,93005760,0,304818,A,S,97600,300,
600004.SH,600004,20251209,93005760,0,304823,A,S,97600,300,
600004.SH,600004,20251209,93005760,0,304825,A,S,97600,300,
600004.SH,600004,20251209,93005760,0,304828,A,S,97600,300,
600004.SH,600004,20251209,93005760,0,304839,A,S,97600,300,
600004.SH,600004,20251209,93005760,0,304931,A,S,97600,300,
600004.SH,600004,20251209,93005760,0,304951,A,S,100700,200,
600004.SH,600004,20251209,93005760,0,304968,A,S,97600,300,
600004.SH,600004,20251209,93005760,0,305013,A,S,97500,300,
600004.SH,600004,20251209,93005760,0,305035,A,S,97600,300,
600004.SH,600004,20251209,93005900,0,305092,A,S,97600,300,
600004.SH,600004,20251209,93005900,0,305163,A,S,97600,300,
600004.SH,600004,20251209,93005900,0,305256,A,S,97600,600,
600004.SH,600004,20251209,93005900,0,305266,A,S,97500,2300,
600004.SH,600004,20251209,93005900,0,305374,A,S,97500,700,
600004.SH,600004,20251209,93005900,0,305423,A,S,97600,500,
600004.SH,600004,20251209,93005900,0,305824,A,B,97200,20000,
600004.SH,600004,20251209,93005900,0,306586,A,S,98500,10000,
600004.SH,600004,20251209,93006050,0,307435,A,S,102700,200,
600004.SH,600004,20251209,93006050,0,308333,A,S,97600,300,
600004.SH,600004,20251209,93006050,0,308334,A,S,97600,300,
600004.SH,600004,20251209,93006050,0,308579,A,S,107500,1000,
600004.SH,600004,20251209,93006210,0,309917,A,S,98700,3000,
600004.SH,600004,20251209,93006370,0,310639,A,B,97100,5000,
600004.SH,600004,20251209,93006370,0,310691,A,B,97000,1000,
600004.SH,600004,20251209,93006370,0,311837,A,S,97500,700,
600004.SH,600004,20251209,93006370,0,264740,D,B,97400,500,
600004.SH,600004,20251209,93006530,0,312376,A,S,97500,200,
600004.SH,600004,20251209,93006530,0,313848,A,B,97000,1000,
600004.SH,600004,20251209,93006680,0,314894,A,S,97600,300,
600004.SH,600004,20251209,93006850,0,316671,A,S,98400,1000,
600004.SH,600004,20251209,93007020,0,318191,A,B,96300,2000,
600004.SH,600004,20251209,93007020,0,318284,A,S,102000,4400,
600004.SH,600004,20251209,93007020,0,319068,A,S,97600,300,
600004.SH,600004,20251209,93007020,0,319101,A,B,97400,2000,
600004.SH,600004,20251209,93007420,0,322595,A,B,97300,500,
600004.SH,600004,20251209,93007420,0,323209,A,S,97400,1400,
600004.SH,600004,20251209,93007420,0,323275,A,B,97300,100,
600004.SH,600004,20251209,93007420,0,305423,D,S,97600,500,
600004.SH,600004,20251209,93007560,0,323366,A,S,98200,10000,
600004.SH,600004,20251209,93007560,0,323930,A,S,107500,1000,
600004.SH,600004,20251209,93007560,0,324623,A,S,97500,600,
600004.SH,600004,20251209,93007730,0,325748,A,S,99800,500,
600004.SH,600004,20251209,93007730,0,326302,A,B,97200,1000,
600004.SH,600004,20251209,93007730,0,326369,A,B,96500,400,
600004.SH,600004,20251209,93007730,0,326424,A,S,97500,100,
600004.SH,600004,20251209,93007870,0,327067,A,B,96900,300,
600004.SH,600004,20251209,93008030,0,328750,A,B,96100,1000,
600004.SH,600004,20251209,93008030,0,328968,A,B,97300,2000,
600004.SH,600004,20251209,93008070,0,329744,A,B,97100,2000,
600004.SH,600004,20251209,93008070,0,330006,A,S,97600,100,
600004.SH,600004,20251209,93008070,0,330049,A,S,97500,100,
600004.SH,600004,20251209,93008310,0,331603,A,S,97400,100,
600004.SH,600004,20251209,93008310,0,331604,A,S,97500,100,
600004.SH,600004,20251209,93008310,0,331750,A,S,97500,1300,
600004.SH,600004,20251209,93008310,0,332176,A,B,96700,1100,
600004.SH,600004,20251209,93008310,0,333116,A,S,98500,2000,
600004.SH,600004,20251209,93008470,0,333404,A,B,93000,300,
600004.SH,600004,20251209,93008610,0,335122,A,S,97500,1300,
600004.SH,600004,20251209,93008660,0,335391,A,S,97500,500,
600004.SH,600004,20251209,93008660,0,336010,A,B,95900,700,
600004.SH,600004,20251209,93008660,0,336282,A,S,97600,200,
600004.SH,600004,20251209,93008810,0,98793,D,S,106900,100,
600004.SH,600004,20251209,93008980,0,339978,A,S,97600,1600,
600004.SH,600004,20251209,93009130,0,341488,A,S,98400,100,
600004.SH,600004,20251209,93009280,0,343103,A,S,99300,1000,
600004.SH,600004,20251209,93009280,0,296025,D,S,97900,4000,
600004.SH,600004,20251209,93009280,0,206791,D,S,98500,2000,
600004.SH,600004,20251209,93009280,0,343790,A,S,98500,1300,
600004.SH,600004,20251209,93009540,0,188312,D,B,97300,3000,
600004.SH,600004,20251209,93009540,0,212760,D,S,98500,3000,
600004.SH,600004,20251209,93009540,0,345641,A,S,97600,100,
600004.SH,600004,20251209,93009540,0,345650,A,S,97600,300,
600004.SH,600004,20251209,93009620,0,346037,A,S,107400,50600,
600004.SH,600004,20251209,93009690,0,346377,A,S,98800,6500,
600004.SH,600004,20251209,93009780,0,346606,A,S,97600,300,
600004.SH,600004,20251209,93009780,0,346829,A,S,98100,200,
600004.SH,600004,20251209,93009780,0,347135,A,B,92000,300,
600004.SH,600004,20251209,93009850,0,347681,A,S,107500,75400,
600004.SH,600004,20251209,93009920,0,348255,A,S,97600,300,
600004.SH,600004,20251209,93010170,0,350346,A,B,96000,1000,
600004.SH,600004,20251209,93010510,0,352331,A,B,96700,500,
600004.SH,600004,20251209,93010570,0,352656,A,S,107500,2100,
600004.SH,600004,20251209,93010770,0,353776,A,S,97600,300,
600004.SH,600004,20251209,93010990,0,355000,A,S,97500,1000,
600004.SH,600004,20251209,93011420,0,356785,A,B,97000,10000,
600004.SH,600004,20251209,93011420,0,356795,A,S,98100,2800,
600004.SH,600004,20251209,93011670,0,357942,A,B,96900,10000,
600004.SH,600004,20251209,93011860,0,358829,A,S,97400,300,
600004.SH,600004,20251209,93011900,0,358910,A,S,97500,200,
600004.SH,600004,20251209,93011900,0,358911,A,S,97500,300,
600004.SH,600004,20251209,93012040,0,359512,A,S,99800,6500,
600004.SH,600004,20251209,93012110,0,359756,A,S,98000,2300,
600004.SH,600004,20251209,93012590,0,361573,A,S,102600,1000,
600004.SH,600004,20251209,93012620,0,361689,A,S,100300,300,
600004.SH,600004,20251209,93012730,0,205086,D,B,97200,3000,
600004.SH,600004,20251209,93013000,0,363247,A,B,97000,5000,
600004.SH,600004,20251209,93013020,0,363420,A,S,105500,1000,
600004.SH,600004,20251209,93013020,0,242466,D,S,98000,5000,
600004.SH,600004,20251209,93013320,0,364642,A,S,97500,100,
600004.SH,600004,20251209,93013320,0,364643,A,S,97500,100,
600004.SH,600004,20251209,93013320,0,364644,A,S,97500,100,
600004.SH,600004,20251209,93013320,0,364715,A,S,97500,200,
600004.SH,600004,20251209,93013650,0,365969,A,S,98600,20000,
600004.SH,600004,20251209,93013680,0,222606,D,S,97700,11300,
600004.SH,600004,20251209,93013900,0,366953,A,B,96600,500,
600004.SH,600004,20251209,93014130,0,367841,A,S,102500,500,
600004.SH,600004,20251209,93014300,0,368643,A,B,97400,800,
600004.SH,600004,20251209,93014740,0,370553,A,S,97600,100,
600004.SH,600004,20251209,93014900,0,371309,A,S,97400,29200,
600004.SH,600004,20251209,93015010,0,371761,A,B,95900,200,
600004.SH,600004,20251209,93015090,0,372206,A,B,95600,1000,
600004.SH,600004,20251209,93015510,0,373956,A,B,97300,100,
600004.SH,600004,20251209,93015580,0,374299,A,S,99100,500,
600004.SH,600004,20251209,93015890,0,375671,A,B,97000,3000,
600004.SH,600004,20251209,93016010,0,376398,A,B,95700,500,
600004.SH,600004,20251209,93016530,0,378595,A,S,97600,100,
600004.SH,600004,20251209,93016630,0,379093,A,S,107500,100,
600004.SH,600004,20251209,93016690,0,379406,A,B,97300,1800,
600004.SH,600004,20251209,93016780,0,379734,A,S,100500,2000,
600004.SH,600004,20251209,93016980,0,380503,A,S,97600,100,
600004.SH,600004,20251209,93016980,0,380504,A,S,97600,100,
600004.SH,600004,20251209,93017390,0,382362,A,S,97500,100,
600004.SH,600004,20251209,93017460,0,382566,A,S,97500,800,
600004.SH,600004,20251209,93017840,0,384332,A,B,97000,1000,
600004.SH,600004,20251209,93017870,0,384505,A,S,97400,600,
600004.SH,600004,20251209,93017920,0,293725,D,S,97600,600,
600004.SH,600004,20251209,93018070,0,385340,A,S,97400,100,
600004.SH,600004,20251209,93018210,0,386127,A,S,97500,1100,
600004.SH,600004,20251209,93018210,0,386184,A,S,97500,600,
600004.SH,600004,20251209,93018240,0,386267,A,S,97500,3500,
600004.SH,600004,20251209,93018530,0,387796,A,S,107500,100,
600004.SH,600004,20251209,93018660,0,388336,A,S,97500,1500,
600004.SH,600004,20251209,93018750,0,388912,A,B,96500,2000,
600004.SH,600004,20251209,93018890,0,389564,A,S,97600,100,
600004.SH,600004,20251209,93019060,0,390263,A,S,97500,600,
600004.SH,600004,20251209,93019190,0,390726,A,S,97600,100,
600004.SH,600004,20251209,93019220,0,390908,A,S,97600,30000,
600004.SH,600004,20251209,93019390,0,391718,A,S,97600,200,
600004.SH,600004,20251209,93019390,0,391734,A,S,98100,2300,
600004.SH,600004,20251209,93019470,0,391998,A,S,97600,100,
600004.SH,600004,20251209,93019590,0,392402,A,S,97500,1600,
600004.SH,600004,20251209,93019650,0,269077,D,S,98000,10000,
600004.SH,600004,20251209,93020040,0,394253,A,B,97100,3000,
600004.SH,600004,20251209,93020070,0,394287,A,B,97200,500,
600004.SH,600004,20251209,93020400,0,395703,A,S,99200,3000,
600004.SH,600004,20251209,93020510,0,335391,D,S,97500,500,
600004.SH,600004,20251209,93020700,0,396825,A,S,97600,100,
600004.SH,600004,20251209,93020700,0,396828,A,S,99700,1000,
600004.SH,600004,20251209,93020970,0,397886,A,S,97500,600,
600004.SH,600004,20251209,93021100,0,398356,A,S,97400,500,
600004.SH,600004,20251209,93021310,0,399040,A,S,98600,23500,
600004.SH,600004,20251209,93021820,0,401078,A,B,97300,100,
600004.SH,600004,20251209,93021950,0,401599,A,B,97200,5000,
600004.SH,600004,20251209,93022170,0,402536,A,S,107500,100,
600004.SH,600004,20251209,93022250,0,402796,A,S,99500,500,
600004.SH,600004,20251209,93022250,0,402878,A,B,97300,500,
600004.SH,600004,20251209,93022920,0,405237,A,S,105000,3500,
600004.SH,600004,20251209,93023140,0,406134,A,S,99500,500,
600004.SH,600004,20251209,93023230,0,406466,A,B,96300,3000,
600004.SH,600004,20251209,93023500,0,407473,A,S,107500,200,
600004.SH,600004,20251209,93023530,0,407545,A,S,107500,1000,
600004.SH,600004,20251209,93023760,0,408469,A,S,97400,200,
600004.SH,600004,20251209,93023760,0,408471,A,S,97400,100,
600004.SH,600004,20251209,93023860,0,408948,A,B,97300,1900,
600004.SH,600004,20251209,93024010,0,409416,A,B,95000,3000,
600004.SH,600004,20251209,93024590,0,411673,A,S,97500,100,
600004.SH,600004,20251209,93024590,0,411676,A,S,97500,100,
600004.SH,600004,20251209,93024590,0,411680,A,S,97500,100,
600004.SH,600004,20251209,93025060,0,413459,A,B,96800,500,
600004.SH,600004,20251209,93025280,0,414261,A,B,97300,1400,
600004.SH,600004,20251209,93025480,0,414988,A,S,97500,1600,
600004.SH,600004,20251209,93025610,0,415464,A,B,97300,100,
600004.SH,600004,20251209,93025690,0,415726,A,B,97300,5000,
600004.SH,600004,20251209,93025750,0,305013,D,S,97500,300,
600004.SH,600004,20251209,93026000,0,416682,A,B,96800,3000,
600004.SH,600004,20251209,93026000,0,416716,A,S,98100,1000,
600004.SH,600004,20251209,93026090,0,416999,A,S,97400,300,
600004.SH,600004,20251209,93026550,0,418407,A,B,96900,6000,
600004.SH,600004,20251209,93026620,0,418542,A,S,97400,700,
600004.SH,600004,20251209,93026760,0,419177,A,S,97400,1700,
600004.SH,600004,20251209,93027120,0,420353,A,S,98500,1000,
600004.SH,600004,20251209,93027240,0,420697,A,B,96800,2000,
600004.SH,600004,20251209,93027580,0,421772,A,B,97300,800,
600004.SH,600004,20251209,93027660,0,422073,A,S,98300,5000,
600004.SH,600004,20251209,93028010,0,423275,A,S,98700,1000,
600004.SH,600004,20251209,93028070,0,423424,A,S,97400,700,
600004.SH,600004,20251209,93028070,0,423435,A,B,97400,900,
600004.SH,600004,20251209,93028470,0,424782,A,S,98000,4000,
600004.SH,600004,20251209,93028560,0,425171,A,S,97600,100,
600004.SH,600004,20251209,93028780,0,425977,A,B,97500,100,
600004.SH,600004,20251209,93028940,0,426627,A,B,97500,100,
600004.SH,600004,20251209,93029110,0,427183,A,B,97300,800,
600004.SH,600004,20251209,93029160,0,427319,A,S,97600,100,
600004.SH,600004,20251209,93029300,0,427831,A,S,97500,1800,
600004.SH,600004,20251209,93029300,0,427835,A,B,97400,1000,
600004.SH,600004,20251209,93029300,0,427852,A,S,97500,200,
600004.SH,600004,20251209,93029360,0,428070,A,S,97600,400,
600004.SH,600004,20251209,93029380,0,428115,A,B,97200,10000,
600004.SH,600004,20251209,93029640,0,428951,A,S,98600,500,
600004.SH,600004,20251209,93029770,0,429417,A,S,99400,500,
600004.SH,600004,20251209,93029840,0,429688,A,S,97600,100,
600004.SH,600004,20251209,93030060,0,423435,D,B,97400,700,
600004.SH,600004,20251209,93030180,0,430825,A,S,97500,100,
600004.SH,600004,20251209,93030200,0,430969,A,B,97400,200,
600004.SH,600004,20251209,93030200,0,430973,A,S,107400,100,
600004.SH,600004,20251209,93030200,0,430974,A,S,107500,100,
600004.SH,600004,20251209,93030320,0,431363,A,B,97300,300,
600004.SH,600004,20251209,93030320,0,431403,A,B,97400,100,
600004.SH,600004,20251209,93030860,0,433459,A,S,97500,500,
600004.SH,600004,20251209,93031040,0,434115,A,B,97400,100,
600004.SH,600004,20251209,93031110,0,434449,A,B,97400,100,
600004.SH,600004,20251209,93031180,0,434636,A,S,97500,500,
600004.SH,600004,20251209,93031460,0,435687,A,S,97500,500,
600004.SH,600004,20251209,93031830,0,436949,A,B,97400,600,
600004.SH,600004,20251209,93031910,0,430969,D,B,97400,200,
600004.SH,600004,20251209,93032020,0,437579,A,B,97400,700,
600004.SH,600004,20251209,93032080,0,437813,A,B,97100,10000,
600004.SH,600004,20251209,93032480,0,439156,A,B,97300,600,
600004.SH,600004,20251209,93032480,0,439165,A,S,98400,2500,
600004.SH,600004,20251209,93032480,0,439226,A,B,97300,1300,
600004.SH,600004,20251209,93032520,0,439260,A,B,97300,900,
600004.SH,600004,20251209,93032690,0,439853,A,B,97300,1500,
600004.SH,600004,20251209,93032790,0,440137,A,B,97400,100,
600004.SH,600004,20251209,93032890,0,440424,A,B,97300,5000,
600004.SH,600004,20251209,93032920,0,440536,A,B,97400,1900,
600004.SH,600004,20251209,93033020,0,440967,A,B,97400,200,
600004.SH,600004,20251209,93033350,0,436949,D,B,97400,600,
600004.SH,600004,20251209,93033660,0,437579,D,B,97400,700,
600004.SH,600004,20251209,93034000,0,427835,D,B,97400,800,
600004.SH,600004,20251209,93034000,0,444253,A,B,97400,1000,
600004.SH,600004,20251209,93034370,0,445806,A,B,97400,1000,
600004.SH,600004,20251209,93034370,0,445808,A,B,97400,1700,
600004.SH,600004,20251209,93034530,0,440967,D,B,97400,200,
600004.SH,600004,20251209,93034550,0,446310,A,S,97500,500,
600004.SH,600004,20251209,93034940,0,447643,A,S,97600,100,
600004.SH,600004,20251209,93034980,0,447718,A,B,96600,1000,
600004.SH,600004,20251209,93035050,0,447958,A,B,97000,500,
600004.SH,600004,20251209,93035120,0,448281,A,B,97400,500,
600004.SH,600004,20251209,93035390,0,449232,A,B,97400,1200,
600004.SH,600004,20251209,93035570,0,449999,A,B,97400,900,
600004.SH,600004,20251209,93035570,0,450054,A,S,99800,1500,
600004.SH,600004,20251209,93035840,0,450935,A,B,97300,1200,
600004.SH,600004,20251209,93035840,0,450988,A,S,97500,100,
600004.SH,600004,20251209,93035840,0,450999,A,S,97500,300,
600004.SH,600004,20251209,93035840,0,451000,A,S,97500,200,
600004.SH,600004,20251209,93035840,0,451005,A,S,97500,200,
600004.SH,600004,20251209,93035840,0,451013,A,S,97500,200,
600004.SH,600004,20251209,93035870,0,451017,A,S,97500,300,
600004.SH,600004,20251209,93035870,0,451018,A,S,97500,200,
600004.SH,600004,20251209,93035870,0,451024,A,S,97500,100,
600004.SH,600004,20251209,93035870,0,451080,A,B,97400,2500,
600004.SH,600004,20251209,93035870,0,451129,A,S,97500,300,
600004.SH,600004,20251209,93035900,0,451174,A,S,97500,300,
600004.SH,600004,20251209,93035900,0,451242,A,B,97400,1000,
600004.SH,600004,20251209,93035930,0,451271,A,S,97500,300,
600004.SH,600004,20251209,93035950,0,451342,A,B,97400,1600,
600004.SH,600004,20251209,93036010,0,451564,A,B,97400,300,
600004.SH,600004,20251209,93036100,0,451831,A,B,97400,200,
600004.SH,600004,20251209,93036540,0,453401,A,B,97400,100,
600004.SH,600004,20251209,93036650,0,444253,D,B,97400,1000,
600004.SH,600004,20251209,93036790,0,454315,A,S,99900,2000,
600004.SH,600004,20251209,93036850,0,454502,A,S,97600,100,
600004.SH,600004,20251209,93036900,0,454671,A,S,97600,300,
600004.SH,600004,20251209,93037170,0,455649,A,B,96800,500,
600004.SH,600004,20251209,93037260,0,455985,A,S,97500,200,
600004.SH,600004,20251209,93037260,0,456004,A,S,97500,100,
600004.SH,600004,20251209,93038000,0,458322,A,B,97400,200,
600004.SH,600004,20251209,93038030,0,458459,A,B,97100,5000,
600004.SH,600004,20251209,93038500,0,459968,A,B,97400,100,
600004.SH,600004,20251209,93038530,0,459988,A,B,97400,100,
600004.SH,600004,20251209,93038740,0,460732,A,S,97700,2000,
600004.SH,600004,20251209,93038870,0,461113,A,B,97400,500,
600004.SH,600004,20251209,93038870,0,461125,A,S,97500,300,
600004.SH,600004,20251209,93038920,0,461283,A,S,97500,1500,
600004.SH,600004,20251209,93038990,0,461420,A,B,97400,1400,
600004.SH,600004,20251209,93039010,0,461471,A,B,97400,100,
600004.SH,600004,20251209,93039220,0,462215,A,B,97400,100,
600004.SH,600004,20251209,93039550,0,451831,D,B,97400,200,
600004.SH,600004,20251209,93039910,0,464376,A,B,97400,100,
600004.SH,600004,20251209,93039960,0,464609,A,B,97400,100,
600004.SH,600004,20251209,93040080,0,464941,A,S,97500,1000,
600004.SH,600004,20251209,93040440,0,466147,A,S,97500,100,
600004.SH,600004,20251209,93040520,0,466388,A,S,97500,100,
600004.SH,600004,20251209,93040660,0,464609,D,B,97400,100,
600004.SH,600004,20251209,93041060,0,467665,A,S,97500,200,
600004.SH,600004,20251209,93041430,0,461471,D,B,97400,100,
600004.SH,600004,20251209,93041490,0,468963,A,B,97400,1400,
600004.SH,600004,20251209,93041810,0,469746,A,B,97000,2000,
600004.SH,600004,20251209,93041860,0,469950,A,B,97400,500,
600004.SH,600004,20251209,93041890,0,469976,A,B,97400,100,
600004.SH,600004,20251209,93041910,0,470085,A,S,97500,300,
600004.SH,600004,20251209,93042020,0,470399,A,B,97400,100,
600004.SH,600004,20251209,93043810,0,474985,A,B,97500,3600,
600004.SH,600004,20251209,93044590,0,476887,A,B,97300,2000,
600004.SH,600004,20251209,93044860,0,477546,A,B,97500,500,
600004.SH,600004,20251209,93044860,0,477550,A,B,97400,200,
600004.SH,600004,20251209,93044860,0,477572,A,B,97400,600,
600004.SH,600004,20251209,93044860,0,402878,D,B,97300,500,
600004.SH,600004,20251209,93044880,0,477629,A,S,97500,300,
600004.SH,600004,20251209,93044900,0,477647,A,B,97400,1200,
600004.SH,600004,20251209,93045580,0,421772,D,B,97300,800,
600004.SH,600004,20251209,93045670,0,479471,A,S,97600,100,
600004.SH,600004,20251209,93046130,0,480691,A,B,97400,5000,
600004.SH,600004,20251209,93046210,0,480924,A,S,97500,500,
600004.SH,600004,20251209,93046230,0,480960,A,S,97500,600,
600004.SH,600004,20251209,93046780,0,482387,A,S,97900,7700,
600004.SH,600004,20251209,93047030,0,483092,A,S,99800,2100,
600004.SH,600004,20251209,93047560,0,484249,A,S,97500,400,
600004.SH,600004,20251209,93047630,0,468963,D,B,97400,1400,
600004.SH,600004,20251209,93047860,0,484961,A,S,97500,300,
600004.SH,600004,20251209,93047890,0,485007,A,B,97400,500,
600004.SH,600004,20251209,93047890,0,477550,D,B,97400,200,
600004.SH,600004,20251209,93047890,0,477572,D,B,97400,600,
600004.SH,600004,20251209,93047890,0,485044,A,B,97400,500,
600004.SH,600004,20251209,93047910,0,485075,A,S,97500,200,
600004.SH,600004,20251209,93048670,0,487097,A,S,97600,10000,
600004.SH,600004,20251209,93048840,0,487530,A,B,97100,200,
600004.SH,600004,20251209,93049380,0,488678,A,B,97300,600,
600004.SH,600004,20251209,93049630,0,489174,A,S,107500,100,
600004.SH,600004,20251209,93049820,0,489646,A,S,107500,3000,
600004.SH,600004,20251209,93049840,0,274288,D,B,96800,10000,
600004.SH,600004,20251209,93050530,0,491110,A,B,97400,1300,
600004.SH,600004,20251209,93050900,0,491853,A,B,97400,300,
600004.SH,600004,20251209,93050900,0,491859,A,B,97400,300,
600004.SH,600004,20251209,93050900,0,491863,A,B,97400,200,
600004.SH,600004,20251209,93050900,0,491871,A,B,97500,600,
600004.SH,600004,20251209,93050920,0,491908,A,B,96800,1500,
600004.SH,600004,20251209,93052450,0,495071,A,B,97400,100,
600004.SH,600004,20251209,93052780,0,495671,A,S,107500,10000,
600004.SH,600004,20251209,93052910,0,495903,A,S,97600,400,
600004.SH,600004,20251209,93053530,0,497052,A,B,96600,1100,
600004.SH,600004,20251209,93053740,0,497418,A,B,97500,10000,
600004.SH,600004,20251209,93053900,0,497723,A,S,97600,100,
600004.SH,600004,20251209,93056030,0,501785,A,B,97500,100,
600004.SH,600004,20251209,93056940,0,503563,A,B,97500,2200,
600004.SH,600004,20251209,93057150,0,503976,A,S,107500,300,
600004.SH,600004,20251209,93057200,0,415464,D,B,97300,100,
600004.SH,600004,20251209,93057450,0,504699,A,B,97400,400,
600004.SH,600004,20251209,93057450,0,504749,A,B,97400,500,
600004.SH,600004,20251209,93058070,0,506089,A,S,97600,2000,
600004.SH,600004,20251209,93058690,0,507179,A,B,97500,100,
600004.SH,600004,20251209,93058970,0,507695,A,B,97500,1100,
600004.SH,600004,20251209,93059120,0,507981,A,B,97500,200,
600004.SH,600004,20251209,93059240,0,508215,A,B,97500,1100,
600004.SH,600004,20251209,93059780,0,509184,A,B,97500,1000,
600004.SH,600004,20251209,93059860,0,509397,A,B,97500,2200,
600004.SH,600004,20251209,93100150,0,510033,A,S,98200,3000,
600004.SH,600004,20251209,93100190,0,510097,A,B,97500,400,
600004.SH,600004,20251209,93100250,0,510412,A,B,97500,200,
600004.SH,600004,20251209,93100980,0,512663,A,B,96700,50000,
600004.SH,600004,20251209,93101240,0,513338,A,B,97500,400,
600004.SH,600004,20251209,93101940,0,515012,A,B,97500,100,
600004.SH,600004,20251209,93101940,0,515023,A,B,97500,100,
600004.SH,600004,20251209,93101940,0,515040,A,B,97500,100,
600004.SH,600004,20251209,93102470,0,516174,A,B,97500,100,
600004.SH,600004,20251209,93102490,0,418407,D,B,96900,6000,
600004.SH,600004,20251209,93102870,0,517065,A,S,97600,100,
600004.SH,600004,20251209,93102870,0,517124,A,B,97500,300,
600004.SH,600004,20251209,93102890,0,517132,A,B,97500,1700,
600004.SH,600004,20251209,93102910,0,489174,D,S,107500,100,
600004.SH,600004,20251209,93102930,0,517223,A,S,97600,400,
600004.SH,600004,20251209,93102930,0,517226,A,S,97600,300,
600004.SH,600004,20251209,93102930,0,517243,A,B,97500,2300,
600004.SH,600004,20251209,93104710,0,521422,A,S,98500,71700,
600004.SH,600004,20251209,93104900,0,487097,D,S,97600,10000,
600004.SH,600004,20251209,93105240,0,522567,A,B,97500,1000,
600004.SH,600004,20251209,93106040,0,524277,A,B,87900,100,
600004.SH,600004,20251209,93106040,0,524278,A,B,87900,100,
600004.SH,600004,20251209,93106040,0,524279,A,B,87900,100,
600004.SH,600004,20251209,93106040,0,524280,A,B,87900,100,
600004.SH,600004,20251209,93106040,0,524281,A,B,87900,100,
600004.SH,600004,20251209,93106040,0,524282,A,B,87900,100,
600004.SH,600004,20251209,93107290,0,506089,D,S,97600,2000,
600004.SH,600004,20251209,93107470,0,459988,D,B,97400,100,
600004.SH,600004,20251209,93107470,0,459968,D,B,97400,100,
600004.SH,600004,20251209,93107750,0,528251,A,B,97500,1400,
600004.SH,600004,20251209,93108060,0,524281,D,B,87900,100,
600004.SH,600004,20251209,93108060,0,524282,D,B,87900,100,
600004.SH,600004,20251209,93108060,0,524278,D,B,87900,100,
600004.SH,600004,20251209,93108060,0,524277,D,B,87900,100,
600004.SH,600004,20251209,93108060,0,524279,D,B,87900,100,
600004.SH,600004,20251209,93108060,0,524280,D,B,87900,100,
600004.SH,600004,20251209,93108150,0,529079,A,B,97500,1400,
600004.SH,600004,20251209,93109040,0,531048,A,B,97500,100,
600004.SH,600004,20251209,93109910,0,532812,A,B,97500,100,
600004.SH,600004,20251209,93109990,0,533050,A,B,97300,100,
600004.SH,600004,20251209,93110730,0,203199,D,S,98200,100000,
600004.SH,600004,20251209,93110890,0,535029,A,B,97500,1200,
600004.SH,600004,20251209,93111860,0,537333,A,B,97500,500,
600004.SH,600004,20251209,93111890,0,517243,D,B,97500,1800,
600004.SH,600004,20251209,93111890,0,537384,A,S,97600,200,
600004.SH,600004,20251209,93112960,0,539684,A,B,97500,10000,
600004.SH,600004,20251209,93113460,0,540849,A,S,97600,2800,
600004.SH,600004,20251209,93114640,0,543267,A,B,97100,1000,
600004.SH,600004,20251209,93114880,0,543739,A,B,97500,1800,
600004.SH,600004,20251209,93114930,0,543821,A,S,99800,800,
600004.SH,600004,20251209,93115960,0,545902,A,B,97500,200,
600004.SH,600004,20251209,93116170,0,546514,A,S,97700,2000,
600004.SH,600004,20251209,93116240,0,546640,A,S,97700,1600,
600004.SH,600004,20251209,93116320,0,546831,A,S,98200,5000,
600004.SH,600004,20251209,93116670,0,439156,D,B,97300,600,
600004.SH,600004,20251209,93116690,0,439260,D,B,97300,900,
600004.SH,600004,20251209,93116690,0,504699,D,B,97400,400,
600004.SH,600004,20251209,93116710,0,439226,D,B,97300,1300,
600004.SH,600004,20251209,93116730,0,504749,D,B,97400,500,
600004.SH,600004,20251209,93117510,0,548998,A,B,97000,11200,
600004.SH,600004,20251209,93117520,0,549037,A,B,97500,100,
600004.SH,600004,20251209,93117560,0,549127,A,S,97600,500,
600004.SH,600004,20251209,93117850,0,549680,A,S,97600,1000,
600004.SH,600004,20251209,93117960,0,549946,A,B,97300,15500,
600004.SH,600004,20251209,93118110,0,550224,A,B,97500,1400,
600004.SH,600004,20251209,93118150,0,550309,A,S,98200,3000,
600004.SH,600004,20251209,93118640,0,551284,A,B,97500,600,
600004.SH,600004,20251209,93118640,0,551285,A,B,97500,600,
600004.SH,600004,20251209,93118660,0,551327,A,B,97500,600,
600004.SH,600004,20251209,93120390,0,554882,A,B,97500,500,
600004.SH,600004,20251209,93120850,0,555768,A,S,97600,100,
600004.SH,600004,20251209,93120890,0,555842,A,S,97600,600,
600004.SH,600004,20251209,93121060,0,556125,A,B,97500,300,
600004.SH,600004,20251209,93121670,0,557471,A,B,97500,700,
600004.SH,600004,20251209,93121690,0,557521,A,B,97500,1200,
600004.SH,600004,20251209,93121760,0,557719,A,B,97300,500,
600004.SH,600004,20251209,93122290,0,558912,A,B,97500,1200,
600004.SH,600004,20251209,93123080,0,560399,A,B,97500,100,
600004.SH,600004,20251209,93123360,0,179253,D,S,98000,200,
600004.SH,600004,20251209,93123800,0,561817,A,S,98000,2000,
600004.SH,600004,20251209,93123890,0,561947,A,B,97500,100,
600004.SH,600004,20251209,93124320,0,562788,A,B,97300,4100,
600004.SH,600004,20251209,93124920,0,564263,A,S,97600,50000,
600004.SH,600004,20251209,93124940,0,564303,A,B,96800,400,
600004.SH,600004,20251209,93125420,0,565284,A,B,97500,2500,
600004.SH,600004,20251209,93126560,0,567343,A,B,97400,1400,
600004.SH,600004,20251209,93126880,0,568041,A,B,97500,100,
600004.SH,600004,20251209,93126930,0,568142,A,S,102500,5000,
600004.SH,600004,20251209,93127190,0,568629,A,S,97600,100,
600004.SH,600004,20251209,93127510,0,569264,A,S,107500,100,
600004.SH,600004,20251209,93127610,0,569445,A,B,97200,200,
600004.SH,600004,20251209,93127880,0,570092,A,B,97300,200,
600004.SH,600004,20251209,93128800,0,571861,A,S,98000,8700,
600004.SH,600004,20251209,93129070,0,572338,A,S,97600,200,
600004.SH,600004,20251209,93132110,0,578416,A,S,97600,500,
600004.SH,600004,20251209,93132750,0,579630,A,S,97600,400,
600004.SH,600004,20251209,93134190,0,582518,A,B,97000,200,
600004.SH,600004,20251209,93138930,0,591464,A,S,98100,200,
600004.SH,600004,20251209,93140490,0,594586,A,S,97600,400,
600004.SH,600004,20251209,93140490,0,594587,A,S,97600,1700,
600004.SH,600004,20251209,93140490,0,594596,A,S,97600,300,
600004.SH,600004,20251209,93140490,0,594600,A,S,97600,900,
600004.SH,600004,20251209,93140490,0,594610,A,S,97600,100,
600004.SH,600004,20251209,93141770,0,597184,A,S,97600,100,
600004.SH,600004,20251209,93141770,0,597193,A,S,97600,900,
600004.SH,600004,20251209,93141770,0,597195,A,S,97600,400,
600004.SH,600004,20251209,93141770,0,597197,A,S,97600,1000,
600004.SH,600004,20251209,93141810,0,597286,A,S,97600,500,
600004.SH,600004,20251209,93141870,0,568041,D,B,97500,100,
600004.SH,600004,20251209,93141870,0,597359,A,S,97600,100,
600004.SH,600004,20251209,93141870,0,597360,A,S,97600,100,
600004.SH,600004,20251209,93141870,0,597378,A,S,97600,100,
600004.SH,600004,20251209,93142690,0,599220,A,S,97500,600,
600004.SH,600004,20251209,93142830,0,569264,D,S,107500,100,
600004.SH,600004,20251209,93143040,0,600009,A,B,97300,500,
600004.SH,600004,20251209,93143480,0,600950,A,S,97500,100,
600004.SH,600004,20251209,93143510,0,600996,A,S,97500,1500,
600004.SH,600004,20251209,93143510,0,600998,A,S,97500,600,
600004.SH,600004,20251209,93143510,0,601018,A,S,97500,500,
600004.SH,600004,20251209,93143510,0,601040,A,S,97500,600,
600004.SH,600004,20251209,93143560,0,601133,A,B,97400,300,
600004.SH,600004,20251209,93143660,0,601347,A,S,97500,7600,
600004.SH,600004,20251209,93143730,0,462215,D,B,97400,100,
600004.SH,600004,20251209,93143750,0,601554,A,B,97400,1200,
600004.SH,600004,20251209,93144330,0,517065,D,S,97600,100,
600004.SH,600004,20251209,93144890,0,604072,A,S,97500,200,
600004.SH,600004,20251209,93145460,0,605291,A,S,97500,200,
600004.SH,600004,20251209,93147000,0,608667,A,S,98500,4200,
600004.SH,600004,20251209,93147180,0,609055,A,S,97500,600,
600004.SH,600004,20251209,93147430,0,609535,A,B,97400,1300,
600004.SH,600004,20251209,93148720,0,612231,A,S,97500,100,
600004.SH,600004,20251209,93149420,0,613643,A,S,97500,800,
600004.SH,600004,20251209,93150960,0,616722,A,B,97400,400,
600004.SH,600004,20251209,93151170,0,617095,A,B,97400,300,
600004.SH,600004,20251209,93151170,0,617103,A,B,97400,300,
600004.SH,600004,20251209,93151170,0,617104,A,B,97400,300,
600004.SH,600004,20251209,93151250,0,617276,A,B,97400,300,
600004.SH,600004,20251209,93152000,0,564263,D,S,97600,50000,
600004.SH,600004,20251209,93152090,0,618874,A,S,97500,9900,
600004.SH,600004,20251209,93153890,0,622713,A,S,97500,200,
600004.SH,600004,20251209,93155050,0,624998,A,S,107000,9000,
600004.SH,600004,20251209,93156240,0,627309,A,S,97500,1800,
600004.SH,600004,20251209,93156240,0,627314,A,S,97500,1000,
600004.SH,600004,20251209,93156240,0,627317,A,S,97500,300,
600004.SH,600004,20251209,93156240,0,627321,A,S,97500,1000,
600004.SH,600004,20251209,93156290,0,627429,A,S,97500,300,
600004.SH,600004,20251209,93156330,0,627491,A,S,97500,700,
600004.SH,600004,20251209,93156390,0,627660,A,S,97500,1000,
600004.SH,600004,20251209,93156940,0,628673,A,B,97400,400,
600004.SH,600004,20251209,93158630,0,631844,A,S,97500,1000,
600004.SH,600004,20251209,93159930,0,634380,A,B,97400,400,
600004.SH,600004,20251209,93200050,0,634669,A,B,97300,2000,
600004.SH,600004,20251209,93200160,0,634916,A,B,96800,11300,
600004.SH,600004,20251209,93200600,0,636052,A,B,97400,300,
600004.SH,600004,20251209,93200710,0,636479,A,B,97000,1000,
600004.SH,600004,20251209,93201480,0,638690,A,S,101200,2000,
600004.SH,600004,20251209,93201610,0,638934,A,S,97700,1600,
600004.SH,600004,20251209,93202170,0,640272,A,B,97400,500,
600004.SH,600004,20251209,93202310,0,640626,A,S,97500,1100,
600004.SH,600004,20251209,93202900,0,642090,A,B,97400,400,
600004.SH,600004,20251209,93202990,0,642242,A,S,97500,100,
600004.SH,600004,20251209,93204480,0,645923,A,S,97500,700,
600004.SH,600004,20251209,93204680,0,646302,A,B,96800,4300,
600004.SH,600004,20251209,93204700,0,646434,A,S,97500,100,
600004.SH,600004,20251209,93204700,0,646442,A,S,97500,100,
600004.SH,600004,20251209,93205920,0,649141,A,B,97400,10000,
600004.SH,600004,20251209,93206120,0,649522,A,S,97500,50000,
600004.SH,600004,20251209,93206720,0,651040,A,B,97100,1000,
600004.SH,600004,20251209,93207300,0,652344,A,B,96900,1000,
600004.SH,600004,20251209,93207590,0,652929,A,S,97500,100,
600004.SH,600004,20251209,93208360,0,654380,A,S,98200,5000,
600004.SH,600004,20251209,93208660,0,655010,A,B,96900,5000,
600004.SH,600004,20251209,93208810,0,655308,A,S,100000,3000,
600004.SH,600004,20251209,93209780,0,657386,A,B,97400,800,
600004.SH,600004,20251209,93210110,0,658109,A,B,96800,2500,
600004.SH,600004,20251209,93210780,0,659433,A,S,97900,2300,
600004.SH,600004,20251209,93210810,0,659474,A,B,97400,100,
600004.SH,600004,20251209,93211270,0,627321,D,S,97500,1000,
600004.SH,600004,20251209,93211270,0,627309,D,S,97500,1800,
600004.SH,600004,20251209,93211270,0,627317,D,S,97500,300,
600004.SH,600004,20251209,93211290,0,627660,D,S,97500,1000,
600004.SH,600004,20251209,93211290,0,627429,D,S,97500,300,
600004.SH,600004,20251209,93211300,0,627491,D,S,97500,700,
600004.SH,600004,20251209,93211300,0,627314,D,S,97500,1000,
600004.SH,600004,20251209,93211300,0,660509,A,B,96900,5000,
600004.SH,600004,20251209,93213190,0,665204,A,S,99100,1200,
600004.SH,600004,20251209,93213190,0,665218,A,B,94300,1200,
600004.SH,600004,20251209,93213410,0,665833,A,S,97500,500,
600004.SH,600004,20251209,93215570,0,672615,A,S,97500,100,
600004.SH,600004,20251209,93215820,0,673397,A,S,107500,500,
600004.SH,600004,20251209,93217060,0,676731,A,B,96900,600,
600004.SH,600004,20251209,93217070,0,676794,A,B,94200,2000,
600004.SH,600004,20251209,93217070,0,676795,A,S,99000,2000,
600004.SH,600004,20251209,93218020,0,678938,A,B,97400,100,
600004.SH,600004,20251209,93218230,0,679381,A,B,97400,2500,
600004.SH,600004,20251209,93218280,0,679475,A,S,97500,700,
600004.SH,600004,20251209,93218710,0,680589,A,S,98800,5000,
600004.SH,600004,20251209,93218770,0,680704,A,B,97400,200,
600004.SH,600004,20251209,93219270,0,681788,A,S,97500,1000,
600004.SH,600004,20251209,93219290,0,681831,A,S,97500,700,
600004.SH,600004,20251209,93219310,0,681836,A,S,97500,300,
600004.SH,600004,20251209,93219330,0,681859,A,S,97500,400,
600004.SH,600004,20251209,93219340,0,681890,A,S,97500,1000,
600004.SH,600004,20251209,93219620,0,682385,A,S,97500,1000,
600004.SH,600004,20251209,93219660,0,682509,A,S,97500,1800,
600004.SH,600004,20251209,93220120,0,578416,D,S,97600,500,
600004.SH,600004,20251209,93221460,0,686240,A,B,96900,13300,
600004.SH,600004,20251209,93222340,0,687906,A,S,99900,6000,
600004.SH,600004,20251209,93222520,0,688242,A,S,99100,1600,
600004.SH,600004,20251209,93222520,0,688243,A,B,94300,1600,
600004.SH,600004,20251209,93222560,0,688303,A,S,99000,1300,
600004.SH,600004,20251209,93222560,0,688304,A,B,94200,1300,
600004.SH,600004,20251209,93222570,0,688343,A,B,94200,1000,
600004.SH,600004,20251209,93222570,0,688345,A,S,99000,1000,
600004.SH,600004,20251209,93222630,0,688425,A,S,99000,1300,
600004.SH,600004,20251209,93222630,0,688432,A,B,94200,1300,
600004.SH,600004,20251209,93222630,0,688435,A,B,94300,800,
600004.SH,600004,20251209,93222630,0,688442,A,S,99100,800,
600004.SH,600004,20251209,93222720,0,688617,A,B,94200,2600,
600004.SH,600004,20251209,93222720,0,688618,A,S,99000,2600,
600004.SH,600004,20251209,93223070,0,689271,A,B,97300,300,
600004.SH,600004,20251209,93224420,0,691887,A,S,99000,1800,
600004.SH,600004,20251209,93224440,0,691893,A,B,94200,1800,
600004.SH,600004,20251209,93224670,0,692427,A,B,97400,2100,
600004.SH,600004,20251209,93224980,0,660509,D,B,96900,5000,
600004.SH,600004,20251209,93226140,0,695024,A,S,107400,700,
600004.SH,600004,20251209,93226620,0,695974,A,B,96800,900,
600004.SH,600004,20251209,93227110,0,696833,A,B,97400,100,
600004.SH,600004,20251209,93227150,0,696902,A,S,98800,1000,
600004.SH,600004,20251209,93227220,0,697073,A,B,96800,1000,
600004.SH,600004,20251209,93227410,0,697377,A,S,97500,100,
600004.SH,600004,20251209,93227640,0,697804,A,B,94300,1000,
600004.SH,600004,20251209,93227640,0,697825,A,S,99100,1000,
600004.SH,600004,20251209,93228270,0,681836,D,S,97500,300,
600004.SH,600004,20251209,93228290,0,681788,D,S,97500,1000,
600004.SH,600004,20251209,93228290,0,681831,D,S,97500,700,
600004.SH,600004,20251209,93228290,0,681859,D,S,97500,400,
600004.SH,600004,20251209,93228320,0,681890,D,S,97500,1000,
600004.SH,600004,20251209,93228340,0,682509,D,S,97500,1800,
600004.SH,600004,20251209,93228340,0,682385,D,S,97500,1000,
600004.SH,600004,20251209,93229900,0,701720,A,S,97500,100,
600004.SH,600004,20251209,93232300,0,706455,A,B,97100,600,
600004.SH,600004,20251209,93232540,0,706891,A,B,97000,4400,
600004.SH,600004,20251209,93233000,0,707838,A,B,97100,2500,
600004.SH,600004,20251209,93233810,0,709417,A,B,96700,5000,
600004.SH,600004,20251209,93235470,0,649522,D,S,97500,50000,
600004.SH,600004,20251209,93237660,0,716110,A,S,107500,100,
600004.SH,600004,20251209,93238750,0,717979,A,S,97500,1000,
600004.SH,600004,20251209,93239280,0,718916,A,B,96900,200,
600004.SH,600004,20251209,93239620,0,692427,D,B,97400,2100,
600004.SH,600004,20251209,93241910,0,723958,A,B,97400,400,
600004.SH,600004,20251209,93244970,0,730166,A,B,97400,400,
600004.SH,600004,20251209,93245180,0,730671,A,B,96800,4300,
600004.SH,600004,20251209,93245480,0,731297,A,S,97400,17300,
600004.SH,600004,20251209,93245640,0,731610,A,B,97400,100,
600004.SH,600004,20251209,93245660,0,731623,A,B,97400,17300,
600004.SH,600004,20251209,93245660,0,731644,A,B,97400,500,
600004.SH,600004,20251209,93245770,0,731854,A,B,97400,2600,
600004.SH,600004,20251209,93245870,0,732010,A,B,97400,500,
600004.SH,600004,20251209,93245900,0,732063,A,B,97400,100,
600004.SH,600004,20251209,93245920,0,732086,A,B,97400,4800,
600004.SH,600004,20251209,93246420,0,733057,A,B,97400,500,
600004.SH,600004,20251209,93246730,0,731610,D,B,97400,100,
600004.SH,600004,20251209,93246890,0,733827,A,B,97400,100,
600004.SH,600004,20251209,93246890,0,733834,A,B,97400,100,
600004.SH,600004,20251209,93246890,0,733836,A,B,97400,100,
600004.SH,600004,20251209,93246960,0,733960,A,B,97400,800,
600004.SH,600004,20251209,93247160,0,734315,A,B,97400,400,
600004.SH,600004,20251209,93247180,0,734336,A,B,97400,500,
600004.SH,600004,20251209,93247550,0,734993,A,B,97400,200,
600004.SH,600004,20251209,93247930,0,735707,A,B,97500,100,
600004.SH,600004,20251209,93248150,0,736147,A,B,97500,300,
600004.SH,600004,20251209,93248280,0,731854,D,B,97400,2600,
600004.SH,600004,20251209,93249930,0,739523,A,B,97100,3000,
600004.SH,600004,20251209,93250110,0,739828,A,S,97500,1000,
600004.SH,600004,20251209,93250640,0,731623,D,B,97400,17300,
600004.SH,600004,20251209,93250910,0,741139,A,S,97500,1200,
600004.SH,600004,20251209,93251890,0,732063,D,B,97400,100,
600004.SH,600004,20251209,93254030,0,746851,A,B,97400,100,
600004.SH,600004,20251209,93254080,0,746972,A,B,97400,10000,
600004.SH,600004,20251209,93254370,0,747508,A,S,97600,10000,
600004.SH,600004,20251209,93254650,0,748046,A,B,97400,200,
600004.SH,600004,20251209,93254680,0,748118,A,S,97500,500,
600004.SH,600004,20251209,93255020,0,748765,A,S,97500,1000,
600004.SH,600004,20251209,93256330,0,751075,A,B,97400,500,
600004.SH,600004,20251209,93256970,0,469746,D,B,97000,2000,
600004.SH,600004,20251209,93257060,0,716110,D,S,107500,100,
600004.SH,600004,20251209,93257340,0,753164,A,S,97500,100,
600004.SH,600004,20251209,93259500,0,757094,A,B,97500,18800,
600004.SH,600004,20251209,93259970,0,733960,D,B,97400,800,
600004.SH,600004,20251209,93300210,0,758333,A,B,97500,200,
600004.SH,600004,20251209,93300400,0,758708,A,B,97500,100,
600004.SH,600004,20251209,93301050,0,734993,D,B,97400,200,
600004.SH,600004,20251209,93301540,0,761386,A,B,97500,200,
600004.SH,600004,20251209,93301750,0,761691,A,B,97500,200,
600004.SH,600004,20251209,93301920,0,761989,A,B,97500,800,
600004.SH,600004,20251209,93302080,0,762307,A,B,97100,500,
600004.SH,600004,20251209,93302800,0,763679,A,B,97100,2000,
600004.SH,600004,20251209,93302920,0,763927,A,B,97500,400,
600004.SH,600004,20251209,93303720,0,765604,A,B,97100,1000,
600004.SH,600004,20251209,93304340,0,766895,A,B,96800,100,
600004.SH,600004,20251209,93306860,0,771836,A,S,97600,1300,
600004.SH,600004,20251209,93308620,0,775191,A,S,98500,500,
600004.SH,600004,20251209,93308880,0,775686,A,B,97500,100,
600004.SH,600004,20251209,93308930,0,775791,A,B,97500,800,
600004.SH,600004,20251209,93309520,0,776927,A,B,97500,8000,
600004.SH,600004,20251209,93310030,0,777828,A,B,97500,100,
600004.SH,600004,20251209,93311650,0,780610,A,S,97600,600,
600004.SH,600004,20251209,93312060,0,781347,A,B,97400,3000,
600004.SH,600004,20251209,93312170,0,781618,A,S,97600,100,
600004.SH,600004,20251209,93313430,0,784202,A,B,97500,300,
600004.SH,600004,20251209,93313620,0,784529,A,S,97600,100,
600004.SH,600004,20251209,93313630,0,784549,A,S,97600,300,
600004.SH,600004,20251209,93313630,0,784561,A,S,97600,100,
600004.SH,600004,20251209,93313630,0,784563,A,S,97600,100,
600004.SH,600004,20251209,93313630,0,784564,A,S,97600,100,
600004.SH,600004,20251209,93313630,0,784566,A,S,97600,300,
600004.SH,600004,20251209,93313840,0,784885,A,B,96700,1000,
600004.SH,600004,20251209,93313910,0,447718,D,B,96600,1000,
600004.SH,600004,20251209,93315760,0,788152,A,S,97600,400,
600004.SH,600004,20251209,93317110,0,790326,A,S,97700,2800,
600004.SH,600004,20251209,93317270,0,790608,A,B,97100,8600,
600004.SH,600004,20251209,93317580,0,791136,A,S,99000,500,
600004.SH,600004,20251209,93317640,0,791272,A,S,97600,200,
600004.SH,600004,20251209,93318890,0,793576,A,B,97200,5000,
600004.SH,600004,20251209,93319040,0,634669,D,B,97300,2000,
600004.SH,600004,20251209,93319060,0,793915,A,S,97700,2600,
600004.SH,600004,20251209,93321630,0,798197,A,B,97500,1500,
600004.SH,600004,20251209,93321740,0,798400,A,S,97600,400,
600004.SH,600004,20251209,93325120,0,804895,A,S,97600,400,
600004.SH,600004,20251209,93326300,0,806995,A,S,97600,17000,
600004.SH,600004,20251209,93327410,0,808868,A,B,97500,100,
600004.SH,600004,20251209,93327490,0,809004,A,S,97600,100,
600004.SH,600004,20251209,93329450,0,812285,A,S,98500,1000,
600004.SH,600004,20251209,93329840,0,812882,A,S,107000,2500,
600004.SH,600004,20251209,93329940,0,813072,A,S,97600,100,
600004.SH,600004,20251209,93330440,0,813958,A,B,97500,2000,
600004.SH,600004,20251209,93330800,0,401078,D,B,97300,100,
600004.SH,600004,20251209,93336090,0,823654,A,B,95500,500,
600004.SH,600004,20251209,93337230,0,751075,D,B,97400,500,
600004.SH,600004,20251209,93337580,0,826137,A,B,97500,500,
600004.SH,600004,20251209,93338360,0,827519,A,B,97500,200,
600004.SH,600004,20251209,93338480,0,827690,A,B,97500,200,
600004.SH,600004,20251209,93338500,0,827743,A,S,99900,1000,
600004.SH,600004,20251209,93338600,0,827870,A,B,97500,100,
600004.SH,600004,20251209,93338620,0,827915,A,B,97500,100,
600004.SH,600004,20251209,93338620,0,827916,A,B,97500,100,
600004.SH,600004,20251209,93339470,0,829352,A,B,97500,100,
600004.SH,600004,20251209,93339490,0,829386,A,B,97400,10000,
600004.SH,600004,20251209,93339520,0,829442,A,S,97600,100,
600004.SH,600004,20251209,93340070,0,830405,A,S,107500,5000,
600004.SH,600004,20251209,93342690,0,834821,A,B,97500,100,
600004.SH,600004,20251209,93343370,0,836065,A,B,97500,100,
600004.SH,600004,20251209,93344140,0,780610,D,S,97600,600,
600004.SH,600004,20251209,93345640,0,839788,A,B,96800,13100,
600004.SH,600004,20251209,93346610,0,841630,A,B,97500,200,
600004.SH,600004,20251209,93347230,0,842650,A,B,97400,1500,
600004.SH,600004,20251209,93347300,0,842744,A,B,95100,500,
600004.SH,600004,20251209,93347970,0,844063,A,S,97600,500,
600004.SH,600004,20251209,93348120,0,844279,A,S,98100,16700,
600004.SH,600004,20251209,93351880,0,850597,A,S,97600,100,
600004.SH,600004,20251209,93353010,0,852594,A,S,98800,1000,
600004.SH,600004,20251209,93354880,0,855655,A,S,97600,6000,
600004.SH,600004,20251209,93355190,0,806995,D,S,97600,17000,
