万得代码,交易所代码,自然日,时间,成交价,成交量,成交额,成交笔数,IOPV,成交标志,BS标志,当日累计成交量,当日成交额,最高价,最低价,开盘价,前收盘,申卖价1,申卖价2,申卖价3,申卖价4,申卖价5,申卖价6,申卖价7,申卖价8,申卖价9,申卖价10,申卖量1,申卖量2,申卖量3,申卖量4,申卖量5,申卖量6,申卖量7,申卖量8,申卖量9,申卖量10,申买价1,申买价2,申买价3,申买价4,申买价5,申买价6,申买价7,申买价8,申买价9,申买价10,申买量1,申买量2,申买量3,申买量4,申买量5,申买量6,申买量7,申买量8,申买量9,申买量10,加权平均叫卖价,加权平均叫买价,叫卖总量,叫买总量,不加权指数,品种总数,上涨品种数,下跌品种数,持平品种数,
600028.SH,600028,20251209,84509000,0,0,0,0,0,,,0,0,0,0,0,59600,0,0,0,0,0,0,0,0,0,0,0,0,0,0,0,0,0,0,0,0,0,0,0,0,0,0,0,0,0,0,0,0,0,0,0,0,0,0,0,0,0,0,0,0,0,0,0,0,0,
600028.SH,600028,20251209,91403000,0,0,0,0,0,,,0,0,0,0,0,59600,0,0,0,0,0,0,0,0,0,0,0,0,0,0,0,0,0,0,0,0,0,0,0,0,0,0,0,0,0,0,0,0,0,0,0,0,0,0,0,0,0,0,0,0,0,0,0,0,0,
600028.SH,600028,20251209,91500000,0,0,0,0,0,,,0,0,0,0,0,59600,0,0,0,0,0,0,0,0,0,0,0,0,0,0,0,0,0,0,0,0,0,0,0,0,0,0,0,0,0,0,0,0,0,0,0,0,0,0,0,0,61010,58940,199900,39300,0,0,0,0,0,
600028.SH,600028,20251209,91503000,0,0,0,0,0,,,0,0,0,0,0,59600,0,0,0,0,0,0,0,0,0,0,0,0,0,0,0,0,0,0,0,0,0,0,0,0,0,0,0,0,0,0,0,0,0,0,0,0,0,0,0,0,61690,57560,1070800,719100,0,0,0,0,0,
600028.SH,600028,20251209,91506000,0,0,0,0,0,,,0,0,0,0,0,59600,59400,0,0,0,0,0,0,0,0,0,25100,10200,0,0,0,0,0,0,0,0,59400,0,0,0,0,0,0,0,0,0,25100,0,0,0,0,0,0,0,0,0,61640,57660,2323630,1557500,0,0,0,0,0,
600028.SH,600028,20251209,91509000,0,0,0,0,0,,,0,0,0,0,0,59600,59400,0,0,0,0,0,0,0,0,0,28700,12300,0,0,0,0,0,0,0,0,59400,0,0,0,0,0,0,0,0,0,28700,0,0,0,0,0,0,0,0,0,61760,57780,4446730,2643900,0,0,0,0,0,
600028.SH,600028,20251209,91512000,0,0,0,0,0,,,0,0,0,0,0,59600,59400,0,0,0,0,0,0,0,0,0,41700,600,0,0,0,0,0,0,0,0,59400,0,0,0,0,0,0,0,0,0,41700,0,0,0,0,0,0,0,0,0,61750,57690,5942950,3077700,0,0,0,0,0,
600028.SH,600028,20251209,91515000,0,0,0,0,0,,,0,0,0,0,0,59600,59400,0,0,0,0,0,0,0,0,0,45800,7600,0,0,0,0,0,0,0,0,59400,0,0,0,0,0,0,0,0,0,45800,0,0,0,0,0,0,0,0,0,61700,57710,6836240,3554900,0,0,0,0,0,
600028.SH,600028,20251209,91518000,0,0,0,0,0,,,0,0,0,0,0,59600,59400,0,0,0,0,0,0,0,0,0,53530,0,0,0,0,0,0,0,0,0,59400,0,0,0,0,0,0,0,0,0,53530,6070,0,0,0,0,0,0,0,0,61700,57720,7396320,3858000,0,0,0,0,0,
600028.SH,600028,20251209,91521000,0,0,0,0,0,,,0,0,0,0,0,59600,59400,0,0,0,0,0,0,0,0,0,66000,2530,0,0,0,0,0,0,0,0,59400,0,0,0,0,0,0,0,0,0,66000,0,0,0,0,0,0,0,0,0,61670,57760,8156820,4229300,0,0,0,0,0,
600028.SH,600028,20251209,91524000,0,0,0,0,0,,,0,0,0,0,0,59600,59400,0,0,0,0,0,0,0,0,0,68530,0,0,0,0,0,0,0,0,0,59400,0,0,0,0,0,0,0,0,0,68530,9570,0,0,0,0,0,0,0,0,61710,57780,8992220,4421100,0,0,0,0,0,
600028.SH,600028,20251209,91527000,0,0,0,0,0,,,0,0,0,0,0,59600,59400,0,0,0,0,0,0,0,0,0,68530,0,0,0,0,0,0,0,0,0,59400,0,0,0,0,0,0,0,0,0,68530,10570,0,0,0,0,0,0,0,0,61710,57780,8994220,4423400,0,0,0,0,0,
600028.SH,600028,20251209,91530000,0,0,0,0,0,,,0,0,0,0,0,59600,59400,0,0,0,0,0,0,0,0,0,68530,0,0,0,0,0,0,0,0,0,59400,0,0,0,0,0,0,0,0,0,68530,10670,0,0,0,0,0,0,0,0,61710,57780,9002320,4431800,0,0,0,0,0,
600028.SH,600028,20251209,91533000,0,0,0,0,0,,,0,0,0,0,0,59600,59400,0,0,0,0,0,0,0,0,0,68530,0,0,0,0,0,0,0,0,0,59400,0,0,0,0,0,0,0,0,0,68530,10670,0,0,0,0,0,0,0,0,61710,57780,9003620,4434100,0,0,0,0,0,
600028.SH,600028,20251209,91536000,0,0,0,0,0,,,0,0,0,0,0,59600,59400,0,0,0,0,0,0,0,0,0,68530,0,0,0,0,0,0,0,0,0,59400,0,0,0,0,0,0,0,0,0,68530,10670,0,0,0,0,0,0,0,0,61710,57770,9003620,4448700,0,0,0,0,0,
600028.SH,600028,20251209,91539000,0,0,0,0,0,,,0,0,0,0,0,59600,59400,0,0,0,0,0,0,0,0,0,68530,0,0,0,0,0,0,0,0,0,59400,0,0,0,0,0,0,0,0,0,68530,13670,0,0,0,0,0,0,0,0,61710,57770,9004620,4453300,0,0,0,0,0,
600028.SH,600028,20251209,91542000,0,0,0,0,0,,,0,0,0,0,0,59600,59400,0,0,0,0,0,0,0,0,0,68530,0,0,0,0,0,0,0,0,0,59400,0,0,0,0,0,0,0,0,0,68530,13670,0,0,0,0,0,0,0,0,61710,57770,9015020,4459400,0,0,0,0,0,
600028.SH,600028,20251209,91545000,0,0,0,0,0,,,0,0,0,0,0,59600,59400,0,0,0,0,0,0,0,0,0,69330,0,0,0,0,0,0,0,0,0,59400,0,0,0,0,0,0,0,0,0,69330,12870,0,0,0,0,0,0,0,0,61710,57770,9021120,4467100,0,0,0,0,0,
600028.SH,600028,20251209,91548000,0,0,0,0,0,,,0,0,0,0,0,59600,59400,0,0,0,0,0,0,0,0,0,69330,0,0,0,0,0,0,0,0,0,59400,0,0,0,0,0,0,0,0,0,69330,22870,0,0,0,0,0,0,0,0,61710,57770,9036720,4477600,0,0,0,0,0,
600028.SH,600028,20251209,91551000,0,0,0,0,0,,,0,0,0,0,0,59600,59400,0,0,0,0,0,0,0,0,0,69330,0,0,0,0,0,0,0,0,0,59400,0,0,0,0,0,0,0,0,0,69330,22870,0,0,0,0,0,0,0,0,61710,57760,9061220,4513100,0,0,0,0,0,
600028.SH,600028,20251209,91554000,0,0,0,0,0,,,0,0,0,0,0,59600,59400,0,0,0,0,0,0,0,0,0,69330,0,0,0,0,0,0,0,0,0,59400,0,0,0,0,0,0,0,0,0,69330,23070,0,0,0,0,0,0,0,0,61710,57770,9061420,4540300,0,0,0,0,0,
600028.SH,600028,20251209,91557000,0,0,0,0,0,,,0,0,0,0,0,59600,59400,0,0,0,0,0,0,0,0,0,69330,0,0,0,0,0,0,0,0,0,59400,0,0,0,0,0,0,0,0,0,69330,22370,0,0,0,0,0,0,0,0,61710,57770,9064920,4540100,0,0,0,0,0,
600028.SH,600028,20251209,91600000,0,0,0,0,0,,,0,0,0,0,0,59600,59400,0,0,0,0,0,0,0,0,0,69330,0,0,0,0,0,0,0,0,0,59400,0,0,0,0,0,0,0,0,0,69330,22370,0,0,0,0,0,0,0,0,61700,57770,9076820,4542200,0,0,0,0,0,
600028.SH,600028,20251209,91603000,0,0,0,0,0,,,0,0,0,0,0,59600,59400,0,0,0,0,0,0,0,0,0,69330,0,0,0,0,0,0,0,0,0,59400,0,0,0,0,0,0,0,0,0,69330,22370,0,0,0,0,0,0,0,0,61700,57780,9079320,4606100,0,0,0,0,0,
600028.SH,600028,20251209,91606000,0,0,0,0,0,,,0,0,0,0,0,59600,59400,0,0,0,0,0,0,0,0,0,69330,0,0,0,0,0,0,0,0,0,59400,0,0,0,0,0,0,0,0,0,69330,22470,0,0,0,0,0,0,0,0,61700,57780,9079520,4606700,0,0,0,0,0,
600028.SH,600028,20251209,91609000,0,0,0,0,0,,,0,0,0,0,0,59600,59400,0,0,0,0,0,0,0,0,0,69330,0,0,0,0,0,0,0,0,0,59400,0,0,0,0,0,0,0,0,0,69330,22470,0,0,0,0,0,0,0,0,61700,57790,9091820,4618400,0,0,0,0,0,
600028.SH,600028,20251209,91612000,0,0,0,0,0,,,0,0,0,0,0,59600,59400,0,0,0,0,0,0,0,0,0,69330,0,0,0,0,0,0,0,0,0,59400,0,0,0,0,0,0,0,0,0,69330,32770,0,0,0,0,0,0,0,0,61700,57800,9096820,4628500,0,0,0,0,0,
600028.SH,600028,20251209,91615000,0,0,0,0,0,,,0,0,0,0,0,59600,59400,0,0,0,0,0,0,0,0,0,69330,0,0,0,0,0,0,0,0,0,59400,0,0,0,0,0,0,0,0,0,69330,33270,0,0,0,0,0,0,0,0,61700,57810,9101820,4648800,0,0,0,0,0,
600028.SH,600028,20251209,91618000,0,0,0,0,0,,,0,0,0,0,0,59600,59400,0,0,0,0,0,0,0,0,0,69330,0,0,0,0,0,0,0,0,0,59400,0,0,0,0,0,0,0,0,0,69330,33370,0,0,0,0,0,0,0,0,61700,57810,9105120,4701600,0,0,0,0,0,
600028.SH,600028,20251209,91621000,0,0,0,0,0,,,0,0,0,0,0,59600,59400,0,0,0,0,0,0,0,0,0,69330,0,0,0,0,0,0,0,0,0,59400,0,0,0,0,0,0,0,0,0,69330,33370,0,0,0,0,0,0,0,0,61700,57820,9110120,4711300,0,0,0,0,0,
600028.SH,600028,20251209,91624000,0,0,0,0,0,,,0,0,0,0,0,59600,59400,0,0,0,0,0,0,0,0,0,69330,0,0,0,0,0,0,0,0,0,59400,0,0,0,0,0,0,0,0,0,69330,33370,0,0,0,0,0,0,0,0,61700,57820,9123620,4722500,0,0,0,0,0,
600028.SH,600028,20251209,91627000,0,0,0,0,0,,,0,0,0,0,0,59600,59400,0,0,0,0,0,0,0,0,0,69330,0,0,0,0,0,0,0,0,0,59400,0,0,0,0,0,0,0,0,0,69330,33370,0,0,0,0,0,0,0,0,61700,57820,9130620,4724700,0,0,0,0,0,
600028.SH,600028,20251209,91630000,0,0,0,0,0,,,0,0,0,0,0,59600,59400,0,0,0,0,0,0,0,0,0,69330,0,0,0,0,0,0,0,0,0,59400,0,0,0,0,0,0,0,0,0,69330,33370,0,0,0,0,0,0,0,0,61700,57820,9133620,4729700,0,0,0,0,0,
600028.SH,600028,20251209,91633000,0,0,0,0,0,,,0,0,0,0,0,59600,59400,0,0,0,0,0,0,0,0,0,69330,0,0,0,0,0,0,0,0,0,59400,0,0,0,0,0,0,0,0,0,69330,33370,0,0,0,0,0,0,0,0,61700,57820,9142620,4734500,0,0,0,0,0,
600028.SH,600028,20251209,91636000,0,0,0,0,0,,,0,0,0,0,0,59600,59400,0,0,0,0,0,0,0,0,0,69330,0,0,0,0,0,0,0,0,0,59400,0,0,0,0,0,0,0,0,0,69330,33370,0,0,0,0,0,0,0,0,61700,57830,9142620,4754500,0,0,0,0,0,
600028.SH,600028,20251209,91639000,0,0,0,0,0,,,0,0,0,0,0,59600,59400,0,0,0,0,0,0,0,0,0,69330,0,0,0,0,0,0,0,0,0,59400,0,0,0,0,0,0,0,0,0,69330,33370,0,0,0,0,0,0,0,0,61700,57830,9152420,4755500,0,0,0,0,0,
600028.SH,600028,20251209,91642000,0,0,0,0,0,,,0,0,0,0,0,59600,59400,0,0,0,0,0,0,0,0,0,69330,0,0,0,0,0,0,0,0,0,59400,0,0,0,0,0,0,0,0,0,69330,33370,0,0,0,0,0,0,0,0,61700,57830,9152420,4765500,0,0,0,0,0,
600028.SH,600028,20251209,91645000,0,0,0,0,0,,,0,0,0,0,0,59600,59400,0,0,0,0,0,0,0,0,0,69330,0,0,0,0,0,0,0,0,0,59400,0,0,0,0,0,0,0,0,0,69330,33370,0,0,0,0,0,0,0,0,61710,57830,9177720,4769700,0,0,0,0,0,
600028.SH,600028,20251209,91648000,0,0,0,0,0,,,0,0,0,0,0,59600,59400,0,0,0,0,0,0,0,0,0,69330,0,0,0,0,0,0,0,0,0,59400,0,0,0,0,0,0,0,0,0,69330,33370,0,0,0,0,0,0,0,0,61710,57830,9184920,4770700,0,0,0,0,0,
600028.SH,600028,20251209,91651000,0,0,0,0,0,,,0,0,0,0,0,59600,59400,0,0,0,0,0,0,0,0,0,66330,0,0,0,0,0,0,0,0,0,59400,0,0,0,0,0,0,0,0,0,66330,36370,0,0,0,0,0,0,0,0,61710,57830,9186920,4770700,0,0,0,0,0,
600028.SH,600028,20251209,91654000,0,0,0,0,0,,,0,0,0,0,0,59600,59400,0,0,0,0,0,0,0,0,0,66730,0,0,0,0,0,0,0,0,0,59400,0,0,0,0,0,0,0,0,0,66730,35970,0,0,0,0,0,0,0,0,61710,57830,9190620,4773200,0,0,0,0,0,
600028.SH,600028,20251209,91657000,0,0,0,0,0,,,0,0,0,0,0,59600,59400,0,0,0,0,0,0,0,0,0,66730,0,0,0,0,0,0,0,0,0,59400,0,0,0,0,0,0,0,0,0,66730,35970,0,0,0,0,0,0,0,0,61710,57830,9220620,4773600,0,0,0,0,0,
600028.SH,600028,20251209,91700000,0,0,0,0,0,,,0,0,0,0,0,59600,59400,0,0,0,0,0,0,0,0,0,72730,0,0,0,0,0,0,0,0,0,59400,0,0,0,0,0,0,0,0,0,72730,29970,0,0,0,0,0,0,0,0,61700,57830,9227020,4774000,0,0,0,0,0,
600028.SH,600028,20251209,91703000,0,0,0,0,0,,,0,0,0,0,0,59600,59400,0,0,0,0,0,0,0,0,0,72730,0,0,0,0,0,0,0,0,0,59400,0,0,0,0,0,0,0,0,0,72730,29970,0,0,0,0,0,0,0,0,61700,57830,9230120,4774500,0,0,0,0,0,
600028.SH,600028,20251209,91706000,0,0,0,0,0,,,0,0,0,0,0,59600,59400,0,0,0,0,0,0,0,0,0,72730,0,0,0,0,0,0,0,0,0,59400,0,0,0,0,0,0,0,0,0,72730,29970,0,0,0,0,0,0,0,0,61700,57830,9228420,4778000,0,0,0,0,0,
600028.SH,600028,20251209,91709000,0,0,0,0,0,,,0,0,0,0,0,59600,59400,0,0,0,0,0,0,0,0,0,72730,0,0,0,0,0,0,0,0,0,59400,0,0,0,0,0,0,0,0,0,72730,29970,0,0,0,0,0,0,0,0,61700,57830,9233420,4793700,0,0,0,0,0,
600028.SH,600028,20251209,91712000,0,0,0,0,0,,,0,0,0,0,0,59600,59400,0,0,0,0,0,0,0,0,0,72730,0,0,0,0,0,0,0,0,0,59400,0,0,0,0,0,0,0,0,0,72730,30970,0,0,0,0,0,0,0,0,61700,57830,9238590,4798900,0,0,0,0,0,
600028.SH,600028,20251209,91715000,0,0,0,0,0,,,0,0,0,0,0,59600,59400,0,0,0,0,0,0,0,0,0,72730,0,0,0,0,0,0,0,0,0,59400,0,0,0,0,0,0,0,0,0,72730,30970,0,0,0,0,0,0,0,0,61700,57830,9246390,4800100,0,0,0,0,0,
600028.SH,600028,20251209,91718000,0,0,0,0,0,,,0,0,0,0,0,59600,59400,0,0,0,0,0,0,0,0,0,72730,0,0,0,0,0,0,0,0,0,59400,0,0,0,0,0,0,0,0,0,72730,30970,0,0,0,0,0,0,0,0,61700,57830,9248190,4806100,0,0,0,0,0,
600028.SH,600028,20251209,91721000,0,0,0,0,0,,,0,0,0,0,0,59600,59400,0,0,0,0,0,0,0,0,0,72730,0,0,0,0,0,0,0,0,0,59400,0,0,0,0,0,0,0,0,0,72730,31970,0,0,0,0,0,0,0,0,61700,57830,9252490,4809100,0,0,0,0,0,
600028.SH,600028,20251209,91724000,0,0,0,0,0,,,0,0,0,0,0,59600,59400,0,0,0,0,0,0,0,0,0,81930,0,0,0,0,0,0,0,0,0,59400,0,0,0,0,0,0,0,0,0,81930,22770,0,0,0,0,0,0,0,0,61700,57830,9274690,4810100,0,0,0,0,0,
600028.SH,600028,20251209,91727000,0,0,0,0,0,,,0,0,0,0,0,59600,59400,0,0,0,0,0,0,0,0,0,81930,0,0,0,0,0,0,0,0,0,59400,0,0,0,0,0,0,0,0,0,81930,22770,0,0,0,0,0,0,0,0,61700,57830,9286390,4811100,0,0,0,0,0,
600028.SH,600028,20251209,91730000,0,0,0,0,0,,,0,0,0,0,0,59600,59400,0,0,0,0,0,0,0,0,0,81930,0,0,0,0,0,0,0,0,0,59400,0,0,0,0,0,0,0,0,0,81930,22770,0,0,0,0,0,0,0,0,61710,57830,9323390,4810100,0,0,0,0,0,
600028.SH,600028,20251209,91733000,0,0,0,0,0,,,0,0,0,0,0,59600,59400,0,0,0,0,0,0,0,0,0,81930,0,0,0,0,0,0,0,0,0,59400,0,0,0,0,0,0,0,0,0,81930,22770,0,0,0,0,0,0,0,0,61710,57830,9323390,4811800,0,0,0,0,0,
600028.SH,600028,20251209,91736000,0,0,0,0,0,,,0,0,0,0,0,59600,59400,0,0,0,0,0,0,0,0,0,81930,0,0,0,0,0,0,0,0,0,59400,0,0,0,0,0,0,0,0,0,81930,22770,0,0,0,0,0,0,0,0,61710,57830,9323390,4810800,0,0,0,0,0,
600028.SH,600028,20251209,91739000,0,0,0,0,0,,,0,0,0,0,0,59600,59400,0,0,0,0,0,0,0,0,0,81930,0,0,0,0,0,0,0,0,0,59400,0,0,0,0,0,0,0,0,0,81930,22770,0,0,0,0,0,0,0,0,61710,57840,9354390,4838200,0,0,0,0,0,
600028.SH,600028,20251209,91742000,0,0,0,0,0,,,0,0,0,0,0,59600,59400,0,0,0,0,0,0,0,0,0,73330,0,0,0,0,0,0,0,0,0,59400,0,0,0,0,0,0,0,0,0,73330,31370,0,0,0,0,0,0,0,0,61710,57840,9347090,4844200,0,0,0,0,0,
600028.SH,600028,20251209,91745000,0,0,0,0,0,,,0,0,0,0,0,59600,59400,0,0,0,0,0,0,0,0,0,73330,0,0,0,0,0,0,0,0,0,59400,0,0,0,0,0,0,0,0,0,73330,31370,0,0,0,0,0,0,0,0,61710,57840,9348490,4847200,0,0,0,0,0,
600028.SH,600028,20251209,91748000,0,0,0,0,0,,,0,0,0,0,0,59600,59400,0,0,0,0,0,0,0,0,0,73330,0,0,0,0,0,0,0,0,0,59400,0,0,0,0,0,0,0,0,0,73330,31370,0,0,0,0,0,0,0,0,61710,57840,9358890,4854700,0,0,0,0,0,
600028.SH,600028,20251209,91751000,0,0,0,0,0,,,0,0,0,0,0,59600,59400,0,0,0,0,0,0,0,0,0,73330,0,0,0,0,0,0,0,0,0,59400,0,0,0,0,0,0,0,0,0,73330,31470,0,0,0,0,0,0,0,0,61710,57840,9359890,4859700,0,0,0,0,0,
600028.SH,600028,20251209,91754000,0,0,0,0,0,,,0,0,0,0,0,59600,59400,0,0,0,0,0,0,0,0,0,73330,0,0,0,0,0,0,0,0,0,59400,0,0,0,0,0,0,0,0,0,73330,31470,0,0,0,0,0,0,0,0,61710,57840,9363890,4861100,0,0,0,0,0,
600028.SH,600028,20251209,91800000,0,0,0,0,0,,,0,0,0,0,0,59600,59400,0,0,0,0,0,0,0,0,0,73330,0,0,0,0,0,0,0,0,0,59400,0,0,0,0,0,0,0,0,0,73330,31470,0,0,0,0,0,0,0,0,61710,57840,9369890,4871100,0,0,0,0,0,
600028.SH,600028,20251209,91803000,0,0,0,0,0,,,0,0,0,0,0,59600,59400,0,0,0,0,0,0,0,0,0,73330,0,0,0,0,0,0,0,0,0,59400,0,0,0,0,0,0,0,0,0,73330,31470,0,0,0,0,0,0,0,0,61710,57840,9371290,4871100,0,0,0,0,0,
600028.SH,600028,20251209,91806000,0,0,0,0,0,,,0,0,0,0,0,59600,59400,0,0,0,0,0,0,0,0,0,73330,0,0,0,0,0,0,0,0,0,59400,0,0,0,0,0,0,0,0,0,73330,31470,0,0,0,0,0,0,0,0,61710,57840,9373390,4871600,0,0,0,0,0,
600028.SH,600028,20251209,91809000,0,0,0,0,0,,,0,0,0,0,0,59600,59400,0,0,0,0,0,0,0,0,0,73330,0,0,0,0,0,0,0,0,0,59400,0,0,0,0,0,0,0,0,0,73330,31470,0,0,0,0,0,0,0,0,61710,57850,9376490,4901600,0,0,0,0,0,
600028.SH,600028,20251209,91812000,0,0,0,0,0,,,0,0,0,0,0,59600,59400,0,0,0,0,0,0,0,0,0,73330,0,0,0,0,0,0,0,0,0,59400,0,0,0,0,0,0,0,0,0,73330,31470,0,0,0,0,0,0,0,0,61710,57850,9382390,4911600,0,0,0,0,0,
600028.SH,600028,20251209,91815000,0,0,0,0,0,,,0,0,0,0,0,59600,59400,0,0,0,0,0,0,0,0,0,73330,0,0,0,0,0,0,0,0,0,59400,0,0,0,0,0,0,0,0,0,73330,31470,0,0,0,0,0,0,0,0,61710,57870,9382390,4980600,0,0,0,0,0,
600028.SH,600028,20251209,91818000,0,0,0,0,0,,,0,0,0,0,0,59600,59400,0,0,0,0,0,0,0,0,0,73330,0,0,0,0,0,0,0,0,0,59400,0,0,0,0,0,0,0,0,0,73330,31470,0,0,0,0,0,0,0,0,61700,57870,9440690,4981100,0,0,0,0,0,
600028.SH,600028,20251209,91824000,0,0,0,0,0,,,0,0,0,0,0,59600,59400,0,0,0,0,0,0,0,0,0,73330,0,0,0,0,0,0,0,0,0,59400,0,0,0,0,0,0,0,0,0,73330,31470,0,0,0,0,0,0,0,0,61710,57870,9452690,4981100,0,0,0,0,0,
600028.SH,600028,20251209,91827000,0,0,0,0,0,,,0,0,0,0,0,59600,59400,0,0,0,0,0,0,0,0,0,73330,0,0,0,0,0,0,0,0,0,59400,0,0,0,0,0,0,0,0,0,73330,31470,0,0,0,0,0,0,0,0,61700,57870,9484790,4989600,0,0,0,0,0,
600028.SH,600028,20251209,91830000,0,0,0,0,0,,,0,0,0,0,0,59600,59400,0,0,0,0,0,0,0,0,0,73330,0,0,0,0,0,0,0,0,0,59400,0,0,0,0,0,0,0,0,0,73330,34870,0,0,0,0,0,0,0,0,61700,57870,9486290,4994000,0,0,0,0,0,
600028.SH,600028,20251209,91833000,0,0,0,0,0,,,0,0,0,0,0,59600,59400,0,0,0,0,0,0,0,0,0,73330,0,0,0,0,0,0,0,0,0,59400,0,0,0,0,0,0,0,0,0,73330,34870,0,0,0,0,0,0,0,0,61700,57860,9486390,5080100,0,0,0,0,0,
600028.SH,600028,20251209,91836000,0,0,0,0,0,,,0,0,0,0,0,59600,59400,0,0,0,0,0,0,0,0,0,73330,0,0,0,0,0,0,0,0,0,59400,0,0,0,0,0,0,0,0,0,73330,34870,0,0,0,0,0,0,0,0,61700,57860,9487390,5080100,0,0,0,0,0,
600028.SH,600028,20251209,91839000,0,0,0,0,0,,,0,0,0,0,0,59600,59400,0,0,0,0,0,0,0,0,0,73330,0,0,0,0,0,0,0,0,0,59400,0,0,0,0,0,0,0,0,0,73330,34870,0,0,0,0,0,0,0,0,61690,57860,9566690,5080100,0,0,0,0,0,
600028.SH,600028,20251209,91842000,0,0,0,0,0,,,0,0,0,0,0,59600,59400,0,0,0,0,0,0,0,0,0,73330,0,0,0,0,0,0,0,0,0,59400,0,0,0,0,0,0,0,0,0,73330,34870,0,0,0,0,0,0,0,0,61690,57860,9575990,5080300,0,0,0,0,0,
600028.SH,600028,20251209,91845000,0,0,0,0,0,,,0,0,0,0,0,59600,59400,0,0,0,0,0,0,0,0,0,77330,0,0,0,0,0,0,0,0,0,59400,0,0,0,0,0,0,0,0,0,77330,30870,0,0,0,0,0,0,0,0,61690,57860,9602090,5090300,0,0,0,0,0,
600028.SH,600028,20251209,91848000,0,0,0,0,0,,,0,0,0,0,0,59600,59400,0,0,0,0,0,0,0,0,0,77330,0,0,0,0,0,0,0,0,0,59400,0,0,0,0,0,0,0,0,0,77330,30870,0,0,0,0,0,0,0,0,61690,57870,9603090,5094300,0,0,0,0,0,
600028.SH,600028,20251209,91851000,0,0,0,0,0,,,0,0,0,0,0,59600,59400,0,0,0,0,0,0,0,0,0,77330,0,0,0,0,0,0,0,0,0,59400,0,0,0,0,0,0,0,0,0,77330,30870,0,0,0,0,0,0,0,0,61690,57870,9603190,5094300,0,0,0,0,0,
600028.SH,600028,20251209,91854000,0,0,0,0,0,,,0,0,0,0,0,59600,59400,0,0,0,0,0,0,0,0,0,77330,0,0,0,0,0,0,0,0,0,59400,0,0,0,0,0,0,0,0,0,77330,30870,0,0,0,0,0,0,0,0,61690,57870,9603190,5094500,0,0,0,0,0,
600028.SH,600028,20251209,91857000,0,0,0,0,0,,,0,0,0,0,0,59600,59400,0,0,0,0,0,0,0,0,0,77330,0,0,0,0,0,0,0,0,0,59400,0,0,0,0,0,0,0,0,0,77330,30870,0,0,0,0,0,0,0,0,61690,57870,9607190,5094500,0,0,0,0,0,
600028.SH,600028,20251209,91900000,0,0,0,0,0,,,0,0,0,0,0,59600,59400,0,0,0,0,0,0,0,0,0,88530,0,0,0,0,0,0,0,0,0,59400,0,0,0,0,0,0,0,0,0,88530,28170,0,0,0,0,0,0,0,0,61680,57870,9618690,5103000,0,0,0,0,0,
600028.SH,600028,20251209,91903000,0,0,0,0,0,,,0,0,0,0,0,59600,59400,0,0,0,0,0,0,0,0,0,90530,0,0,0,0,0,0,0,0,0,59400,0,0,0,0,0,0,0,0,0,90530,26170,0,0,0,0,0,0,0,0,61670,57870,9723690,5105000,0,0,0,0,0,
600028.SH,600028,20251209,91906000,0,0,0,0,0,,,0,0,0,0,0,59600,59400,0,0,0,0,0,0,0,0,0,90530,0,0,0,0,0,0,0,0,0,59400,0,0,0,0,0,0,0,0,0,90530,26170,0,0,0,0,0,0,0,0,61650,57870,9823690,5105000,0,0,0,0,0,
600028.SH,600028,20251209,91909000,0,0,0,0,0,,,0,0,0,0,0,59600,59400,0,0,0,0,0,0,0,0,0,90530,0,0,0,0,0,0,0,0,0,59400,0,0,0,0,0,0,0,0,0,90530,36170,0,0,0,0,0,0,0,0,61650,57870,9823690,5115000,0,0,0,0,0,
600028.SH,600028,20251209,91912000,0,0,0,0,0,,,0,0,0,0,0,59600,59400,0,0,0,0,0,0,0,0,0,90530,0,0,0,0,0,0,0,0,0,59400,0,0,0,0,0,0,0,0,0,90530,36870,0,0,0,0,0,0,0,0,61650,57870,9826690,5115700,0,0,0,0,0,
600028.SH,600028,20251209,91915000,0,0,0,0,0,,,0,0,0,0,0,59600,59400,0,0,0,0,0,0,0,0,0,90530,0,0,0,0,0,0,0,0,0,59400,0,0,0,0,0,0,0,0,0,90530,36870,0,0,0,0,0,0,0,0,61650,57880,9832290,5136200,0,0,0,0,0,
600028.SH,600028,20251209,91918000,0,0,0,0,0,,,0,0,0,0,0,59600,59400,0,0,0,0,0,0,0,0,0,90530,0,0,0,0,0,0,0,0,0,59400,0,0,0,0,0,0,0,0,0,90530,36870,0,0,0,0,0,0,0,0,61650,57880,9832290,5136300,0,0,0,0,0,
600028.SH,600028,20251209,91921000,0,0,0,0,0,,,0,0,0,0,0,59600,59400,0,0,0,0,0,0,0,0,0,90530,0,0,0,0,0,0,0,0,0,59400,0,0,0,0,0,0,0,0,0,90530,36870,0,0,0,0,0,0,0,0,61650,57880,9835290,5137700,0,0,0,0,0,
600028.SH,600028,20251209,91924000,0,0,0,0,0,,,0,0,0,0,0,59600,59400,0,0,0,0,0,0,0,0,0,90530,0,0,0,0,0,0,0,0,0,59400,0,0,0,0,0,0,0,0,0,90530,36870,0,0,0,0,0,0,0,0,61650,57890,9844290,5170900,0,0,0,0,0,
600028.SH,600028,20251209,91927000,0,0,0,0,0,,,0,0,0,0,0,59600,59400,0,0,0,0,0,0,0,0,0,90530,0,0,0,0,0,0,0,0,0,59400,0,0,0,0,0,0,0,0,0,90530,37870,0,0,0,0,0,0,0,0,61650,57890,9862690,5172000,0,0,0,0,0,
600028.SH,600028,20251209,91930000,0,0,0,0,0,,,0,0,0,0,0,59600,59400,0,0,0,0,0,0,0,0,0,90530,0,0,0,0,0,0,0,0,0,59400,0,0,0,0,0,0,0,0,0,90530,37870,0,0,0,0,0,0,0,0,61650,57890,9865690,5175500,0,0,0,0,0,
600028.SH,600028,20251209,91933000,0,0,0,0,0,,,0,0,0,0,0,59600,59400,0,0,0,0,0,0,0,0,0,90530,0,0,0,0,0,0,0,0,0,59400,0,0,0,0,0,0,0,0,0,90530,37870,0,0,0,0,0,0,0,0,61650,57890,9871990,5175500,0,0,0,0,0,
600028.SH,600028,20251209,91936000,0,0,0,0,0,,,0,0,0,0,0,59600,59400,0,0,0,0,0,0,0,0,0,90530,0,0,0,0,0,0,0,0,0,59400,0,0,0,0,0,0,0,0,0,90530,37870,0,0,0,0,0,0,0,0,61650,57890,9877990,5175500,0,0,0,0,0,
600028.SH,600028,20251209,91939000,0,0,0,0,0,,,0,0,0,0,0,59600,59400,0,0,0,0,0,0,0,0,0,90530,0,0,0,0,0,0,0,0,0,59400,0,0,0,0,0,0,0,0,0,90530,37870,0,0,0,0,0,0,0,0,61650,57890,9882990,5175500,0,0,0,0,0,
600028.SH,600028,20251209,91942000,0,0,0,0,0,,,0,0,0,0,0,59600,59400,0,0,0,0,0,0,0,0,0,90530,0,0,0,0,0,0,0,0,0,59400,0,0,0,0,0,0,0,0,0,90530,37870,0,0,0,0,0,0,0,0,61650,57890,9899290,5175500,0,0,0,0,0,
600028.SH,600028,20251209,91945000,0,0,0,0,0,,,0,0,0,0,0,59600,59400,0,0,0,0,0,0,0,0,0,90530,0,0,0,0,0,0,0,0,0,59400,0,0,0,0,0,0,0,0,0,90530,37870,0,0,0,0,0,0,0,0,61650,57890,9899290,5176100,0,0,0,0,0,
600028.SH,600028,20251209,91948000,0,0,0,0,0,,,0,0,0,0,0,59600,59400,0,0,0,0,0,0,0,0,0,90530,0,0,0,0,0,0,0,0,0,59400,0,0,0,0,0,0,0,0,0,90530,37870,0,0,0,0,0,0,0,0,61650,57890,9897290,5179200,0,0,0,0,0,
600028.SH,600028,20251209,91951000,0,0,0,0,0,,,0,0,0,0,0,59600,59400,0,0,0,0,0,0,0,0,0,90930,0,0,0,0,0,0,0,0,0,59400,0,0,0,0,0,0,0,0,0,90930,37470,0,0,0,0,0,0,0,0,61650,57890,9878190,5179200,0,0,0,0,0,
600028.SH,600028,20251209,91954000,0,0,0,0,0,,,0,0,0,0,0,59600,59400,0,0,0,0,0,0,0,0,0,90930,0,0,0,0,0,0,0,0,0,59400,0,0,0,0,0,0,0,0,0,90930,37470,0,0,0,0,0,0,0,0,61650,57890,9874190,5182600,0,0,0,0,0,
600028.SH,600028,20251209,91957000,0,0,0,0,0,,,0,0,0,0,0,59600,59400,0,0,0,0,0,0,0,0,0,90930,0,0,0,0,0,0,0,0,0,59400,0,0,0,0,0,0,0,0,0,90930,37470,0,0,0,0,0,0,0,0,61650,57890,9878190,5192600,0,0,0,0,0,
600028.SH,600028,20251209,92000000,0,0,0,0,0,,,0,0,0,0,0,59600,59400,0,0,0,0,0,0,0,0,0,90930,0,0,0,0,0,0,0,0,0,59400,0,0,0,0,0,0,0,0,0,90930,37470,0,0,0,0,0,0,0,0,61650,57890,9883190,5202600,0,0,0,0,0,
600028.SH,600028,20251209,92003000,0,0,0,0,0,,,0,0,0,0,0,59600,59400,0,0,0,0,0,0,0,0,0,92730,0,0,0,0,0,0,0,0,0,59400,0,0,0,0,0,0,0,0,0,92730,37470,0,0,0,0,0,0,0,0,61650,57890,9886990,5215200,0,0,0,0,0,
600028.SH,600028,20251209,92006000,0,0,0,0,0,,,0,0,0,0,0,59600,59400,0,0,0,0,0,0,0,0,0,92730,0,0,0,0,0,0,0,0,0,59400,0,0,0,0,0,0,0,0,0,92730,37470,0,0,0,0,0,0,0,0,61650,57890,9888990,5215500,0,0,0,0,0,
600028.SH,600028,20251209,92009000,0,0,0,0,0,,,0,0,0,0,0,59600,59400,0,0,0,0,0,0,0,0,0,92730,0,0,0,0,0,0,0,0,0,59400,0,0,0,0,0,0,0,0,0,92730,37470,0,0,0,0,0,0,0,0,61650,57890,9894090,5235500,0,0,0,0,0,
600028.SH,600028,20251209,92012000,0,0,0,0,0,,,0,0,0,0,0,59600,59400,0,0,0,0,0,0,0,0,0,92730,0,0,0,0,0,0,0,0,0,59400,0,0,0,0,0,0,0,0,0,92730,37470,0,0,0,0,0,0,0,0,61650,57890,9905590,5247100,0,0,0,0,0,
600028.SH,600028,20251209,92015000,0,0,0,0,0,,,0,0,0,0,0,59600,59400,0,0,0,0,0,0,0,0,0,92730,0,0,0,0,0,0,0,0,0,59400,0,0,0,0,0,0,0,0,0,92730,38770,0,0,0,0,0,0,0,0,61650,57890,9905590,5249900,0,0,0,0,0,
600028.SH,600028,20251209,92018000,0,0,0,0,0,,,0,0,0,0,0,59600,59400,0,0,0,0,0,0,0,0,0,92730,0,0,0,0,0,0,0,0,0,59400,0,0,0,0,0,0,0,0,0,92730,38770,0,0,0,0,0,0,0,0,61650,57890,9905590,5251900,0,0,0,0,0,
600028.SH,600028,20251209,92021000,0,0,0,0,0,,,0,0,0,0,0,59600,59400,0,0,0,0,0,0,0,0,0,92730,0,0,0,0,0,0,0,0,0,59400,0,0,0,0,0,0,0,0,0,92730,38770,0,0,0,0,0,0,0,0,61650,57890,9905690,5265100,0,0,0,0,0,
600028.SH,600028,20251209,92024000,0,0,0,0,0,,,0,0,0,0,0,59600,59400,0,0,0,0,0,0,0,0,0,92730,0,0,0,0,0,0,0,0,0,59400,0,0,0,0,0,0,0,0,0,92730,38770,0,0,0,0,0,0,0,0,61650,57890,9916190,5265100,0,0,0,0,0,
600028.SH,600028,20251209,92027000,0,0,0,0,0,,,0,0,0,0,0,59600,59400,0,0,0,0,0,0,0,0,0,92730,0,0,0,0,0,0,0,0,0,59400,0,0,0,0,0,0,0,0,0,92730,38870,0,0,0,0,0,0,0,0,61650,57920,9927590,5382200,0,0,0,0,0,
600028.SH,600028,20251209,92030000,0,0,0,0,0,,,0,0,0,0,0,59600,59400,0,0,0,0,0,0,0,0,0,92730,0,0,0,0,0,0,0,0,0,59400,0,0,0,0,0,0,0,0,0,92730,38870,0,0,0,0,0,0,0,0,61650,57920,9942190,5387200,0,0,0,0,0,
600028.SH,600028,20251209,92033000,0,0,0,0,0,,,0,0,0,0,0,59600,59400,0,0,0,0,0,0,0,0,0,92730,0,0,0,0,0,0,0,0,0,59400,0,0,0,0,0,0,0,0,0,92730,39870,0,0,0,0,0,0,0,0,61650,57920,9944190,5430200,0,0,0,0,0,
600028.SH,600028,20251209,92036000,0,0,0,0,0,,,0,0,0,0,0,59600,59400,0,0,0,0,0,0,0,0,0,92730,0,0,0,0,0,0,0,0,0,59400,0,0,0,0,0,0,0,0,0,92730,39870,0,0,0,0,0,0,0,0,61650,57920,9947190,5430700,0,0,0,0,0,
600028.SH,600028,20251209,92039000,0,0,0,0,0,,,0,0,0,0,0,59600,59400,0,0,0,0,0,0,0,0,0,92730,0,0,0,0,0,0,0,0,0,59400,0,0,0,0,0,0,0,0,0,92730,39870,0,0,0,0,0,0,0,0,61680,57920,10027190,5433500,0,0,0,0,0,
600028.SH,600028,20251209,92042000,0,0,0,0,0,,,0,0,0,0,0,59600,59400,0,0,0,0,0,0,0,0,0,92730,0,0,0,0,0,0,0,0,0,59400,0,0,0,0,0,0,0,0,0,92730,39870,0,0,0,0,0,0,0,0,61680,57920,10030190,5434100,0,0,0,0,0,
600028.SH,600028,20251209,92045000,0,0,0,0,0,,,0,0,0,0,0,59600,59400,0,0,0,0,0,0,0,0,0,92730,0,0,0,0,0,0,0,0,0,59400,0,0,0,0,0,0,0,0,0,92730,40670,0,0,0,0,0,0,0,0,61680,57920,10030290,5435900,0,0,0,0,0,
600028.SH,600028,20251209,92048000,0,0,0,0,0,,,0,0,0,0,0,59600,59400,0,0,0,0,0,0,0,0,0,92730,0,0,0,0,0,0,0,0,0,59400,0,0,0,0,0,0,0,0,0,92730,40670,0,0,0,0,0,0,0,0,61680,57920,10030290,5441200,0,0,0,0,0,
600028.SH,600028,20251209,92051000,0,0,0,0,0,,,0,0,0,0,0,59600,59400,0,0,0,0,0,0,0,0,0,92730,0,0,0,0,0,0,0,0,0,59400,0,0,0,0,0,0,0,0,0,92730,40670,0,0,0,0,0,0,0,0,61680,57930,10038090,5446800,0,0,0,0,0,
600028.SH,600028,20251209,92054000,0,0,0,0,0,,,0,0,0,0,0,59600,59400,0,0,0,0,0,0,0,0,0,92730,0,0,0,0,0,0,0,0,0,59400,0,0,0,0,0,0,0,0,0,92730,40670,0,0,0,0,0,0,0,0,61680,57930,10040890,5448700,0,0,0,0,0,
600028.SH,600028,20251209,92057000,0,0,0,0,0,,,0,0,0,0,0,59600,59400,0,0,0,0,0,0,0,0,0,92730,0,0,0,0,0,0,0,0,0,59400,0,0,0,0,0,0,0,0,0,92730,44870,0,0,0,0,0,0,0,0,61680,57930,10046390,5453000,0,0,0,0,0,
600028.SH,600028,20251209,92100000,0,0,0,0,0,,,0,0,0,0,0,59600,59400,0,0,0,0,0,0,0,0,0,92730,0,0,0,0,0,0,0,0,0,59400,0,0,0,0,0,0,0,0,0,92730,44870,0,0,0,0,0,0,0,0,61680,57930,10046990,5453800,0,0,0,0,0,
600028.SH,600028,20251209,92103000,0,0,0,0,0,,,0,0,0,0,0,59600,59400,0,0,0,0,0,0,0,0,0,96930,0,0,0,0,0,0,0,0,0,59400,0,0,0,0,0,0,0,0,0,96930,40670,0,0,0,0,0,0,0,0,61680,57930,10051590,5454800,0,0,0,0,0,
600028.SH,600028,20251209,92106000,0,0,0,0,0,,,0,0,0,0,0,59600,59400,0,0,0,0,0,0,0,0,0,96930,0,0,0,0,0,0,0,0,0,59400,0,0,0,0,0,0,0,0,0,96930,40770,0,0,0,0,0,0,0,0,61680,57930,10062190,5454900,0,0,0,0,0,
600028.SH,600028,20251209,92109000,0,0,0,0,0,,,0,0,0,0,0,59600,59400,0,0,0,0,0,0,0,0,0,96930,0,0,0,0,0,0,0,0,0,59400,0,0,0,0,0,0,0,0,0,96930,40770,0,0,0,0,0,0,0,0,61680,57930,10063890,5455900,0,0,0,0,0,
600028.SH,600028,20251209,92112000,0,0,0,0,0,,,0,0,0,0,0,59600,59400,0,0,0,0,0,0,0,0,0,96930,0,0,0,0,0,0,0,0,0,59400,0,0,0,0,0,0,0,0,0,96930,40770,0,0,0,0,0,0,0,0,61680,57930,10064890,5455900,0,0,0,0,0,
600028.SH,600028,20251209,92115000,0,0,0,0,0,,,0,0,0,0,0,59600,59400,0,0,0,0,0,0,0,0,0,96930,0,0,0,0,0,0,0,0,0,59400,0,0,0,0,0,0,0,0,0,96930,40770,0,0,0,0,0,0,0,0,61680,57930,10077490,5456900,0,0,0,0,0,
600028.SH,600028,20251209,92118000,0,0,0,0,0,,,0,0,0,0,0,59600,59400,0,0,0,0,0,0,0,0,0,96930,0,0,0,0,0,0,0,0,0,59400,0,0,0,0,0,0,0,0,0,96930,40770,0,0,0,0,0,0,0,0,61680,57930,10077490,5462400,0,0,0,0,0,
600028.SH,600028,20251209,92121000,0,0,0,0,0,,,0,0,0,0,0,59600,59400,0,0,0,0,0,0,0,0,0,105530,0,0,0,0,0,0,0,0,0,59400,0,0,0,0,0,0,0,0,0,105530,32170,0,0,0,0,0,0,0,0,61680,57930,10090490,5462400,0,0,0,0,0,
600028.SH,600028,20251209,92124000,0,0,0,0,0,,,0,0,0,0,0,59600,59400,0,0,0,0,0,0,0,0,0,105530,0,0,0,0,0,0,0,0,0,59400,0,0,0,0,0,0,0,0,0,105530,32170,0,0,0,0,0,0,0,0,61680,57930,10095490,5462400,0,0,0,0,0,
600028.SH,600028,20251209,92127000,0,0,0,0,0,,,0,0,0,0,0,59600,59400,0,0,0,0,0,0,0,0,0,105530,0,0,0,0,0,0,0,0,0,59400,0,0,0,0,0,0,0,0,0,105530,32170,0,0,0,0,0,0,0,0,61680,57930,10109990,5462400,0,0,0,0,0,
600028.SH,600028,20251209,92130000,0,0,0,0,0,,,0,0,0,0,0,59600,59400,0,0,0,0,0,0,0,0,0,105530,0,0,0,0,0,0,0,0,0,59400,0,0,0,0,0,0,0,0,0,105530,33170,0,0,0,0,0,0,0,0,61680,57930,10117990,5467400,0,0,0,0,0,
600028.SH,600028,20251209,92133000,0,0,0,0,0,,,0,0,0,0,0,59600,59400,0,0,0,0,0,0,0,0,0,105530,0,0,0,0,0,0,0,0,0,59400,0,0,0,0,0,0,0,0,0,105530,33170,0,0,0,0,0,0,0,0,61680,57930,10117990,5473300,0,0,0,0,0,
600028.SH,600028,20251209,92136000,0,0,0,0,0,,,0,0,0,0,0,59600,59400,0,0,0,0,0,0,0,0,0,105530,0,0,0,0,0,0,0,0,0,59400,0,0,0,0,0,0,0,0,0,105530,33170,0,0,0,0,0,0,0,0,61680,57930,10122390,5473300,0,0,0,0,0,
600028.SH,600028,20251209,92139000,0,0,0,0,0,,,0,0,0,0,0,59600,59400,0,0,0,0,0,0,0,0,0,105530,0,0,0,0,0,0,0,0,0,59400,0,0,0,0,0,0,0,0,0,105530,33170,0,0,0,0,0,0,0,0,61680,57930,10124890,5473800,0,0,0,0,0,
600028.SH,600028,20251209,92142000,0,0,0,0,0,,,0,0,0,0,0,59600,59400,0,0,0,0,0,0,0,0,0,105530,0,0,0,0,0,0,0,0,0,59400,0,0,0,0,0,0,0,0,0,105530,33170,0,0,0,0,0,0,0,0,61680,57930,10125190,5495600,0,0,0,0,0,
600028.SH,600028,20251209,92145000,0,0,0,0,0,,,0,0,0,0,0,59600,59400,0,0,0,0,0,0,0,0,0,106530,0,0,0,0,0,0,0,0,0,59400,0,0,0,0,0,0,0,0,0,106530,32170,0,0,0,0,0,0,0,0,61680,57930,10132290,5497600,0,0,0,0,0,
600028.SH,600028,20251209,92148000,0,0,0,0,0,,,0,0,0,0,0,59600,59400,0,0,0,0,0,0,0,0,0,106530,0,0,0,0,0,0,0,0,0,59400,0,0,0,0,0,0,0,0,0,106530,32170,0,0,0,0,0,0,0,0,61680,57930,10132490,5498100,0,0,0,0,0,
600028.SH,600028,20251209,92151000,0,0,0,0,0,,,0,0,0,0,0,59600,59400,0,0,0,0,0,0,0,0,0,110530,0,0,0,0,0,0,0,0,0,59400,0,0,0,0,0,0,0,0,0,110530,28170,0,0,0,0,0,0,0,0,61680,57930,10142990,5499100,0,0,0,0,0,
600028.SH,600028,20251209,92154000,0,0,0,0,0,,,0,0,0,0,0,59600,59400,0,0,0,0,0,0,0,0,0,110530,0,0,0,0,0,0,0,0,0,59400,0,0,0,0,0,0,0,0,0,110530,28170,0,0,0,0,0,0,0,0,61680,57940,10147190,5539100,0,0,0,0,0,
600028.SH,600028,20251209,92157000,0,0,0,0,0,,,0,0,0,0,0,59600,59400,0,0,0,0,0,0,0,0,0,110530,0,0,0,0,0,0,0,0,0,59400,0,0,0,0,0,0,0,0,0,110530,28170,0,0,0,0,0,0,0,0,61670,57940,10181090,5540500,0,0,0,0,0,
600028.SH,600028,20251209,92203000,0,0,0,0,0,,,0,0,0,0,0,59600,59400,0,0,0,0,0,0,0,0,0,110530,0,0,0,0,0,0,0,0,0,59400,0,0,0,0,0,0,0,0,0,110530,28170,0,0,0,0,0,0,0,0,61670,57940,10181090,5543500,0,0,0,0,0,
600028.SH,600028,20251209,92206000,0,0,0,0,0,,,0,0,0,0,0,59600,59400,0,0,0,0,0,0,0,0,0,110830,0,0,0,0,0,0,0,0,0,59400,0,0,0,0,0,0,0,0,0,110830,27870,0,0,0,0,0,0,0,0,61670,57940,10187890,5555500,0,0,0,0,0,
600028.SH,600028,20251209,92209000,0,0,0,0,0,,,0,0,0,0,0,59600,59400,0,0,0,0,0,0,0,0,0,110830,0,0,0,0,0,0,0,0,0,59400,0,0,0,0,0,0,0,0,0,110830,27870,0,0,0,0,0,0,0,0,61670,57940,10207890,5556500,0,0,0,0,0,
600028.SH,600028,20251209,92212000,0,0,0,0,0,,,0,0,0,0,0,59600,59400,0,0,0,0,0,0,0,0,0,110830,0,0,0,0,0,0,0,0,0,59400,0,0,0,0,0,0,0,0,0,110830,27870,0,0,0,0,0,0,0,0,61670,57940,10215890,5561900,0,0,0,0,0,
600028.SH,600028,20251209,92215000,0,0,0,0,0,,,0,0,0,0,0,59600,59400,0,0,0,0,0,0,0,0,0,110830,0,0,0,0,0,0,0,0,0,59400,0,0,0,0,0,0,0,0,0,110830,29670,0,0,0,0,0,0,0,0,61670,57940,10215890,5563700,0,0,0,0,0,
600028.SH,600028,20251209,92218000,0,0,0,0,0,,,0,0,0,0,0,59600,59400,0,0,0,0,0,0,0,0,0,110830,0,0,0,0,0,0,0,0,0,59400,0,0,0,0,0,0,0,0,0,110830,29670,0,0,0,0,0,0,0,0,61670,57940,10216590,5563700,0,0,0,0,0,
600028.SH,600028,20251209,92221000,0,0,0,0,0,,,0,0,0,0,0,59600,59400,0,0,0,0,0,0,0,0,0,110830,0,0,0,0,0,0,0,0,0,59400,0,0,0,0,0,0,0,0,0,110830,29670,0,0,0,0,0,0,0,0,61670,57940,10216590,5566700,0,0,0,0,0,
600028.SH,600028,20251209,92224000,0,0,0,0,0,,,0,0,0,0,0,59600,59400,0,0,0,0,0,0,0,0,0,117130,0,0,0,0,0,0,0,0,0,59400,0,0,0,0,0,0,0,0,0,117130,23370,0,0,0,0,0,0,0,0,61670,57940,10224890,5566700,0,0,0,0,0,
600028.SH,600028,20251209,92227000,0,0,0,0,0,,,0,0,0,0,0,59600,59400,0,0,0,0,0,0,0,0,0,117130,0,0,0,0,0,0,0,0,0,59400,0,0,0,0,0,0,0,0,0,117130,33370,0,0,0,0,0,0,0,0,61670,57950,10231290,5578700,0,0,0,0,0,
600028.SH,600028,20251209,92230000,0,0,0,0,0,,,0,0,0,0,0,59600,59400,0,0,0,0,0,0,0,0,0,117130,0,0,0,0,0,0,0,0,0,59400,0,0,0,0,0,0,0,0,0,117130,33370,0,0,0,0,0,0,0,0,61670,57950,10238590,5578700,0,0,0,0,0,
600028.SH,600028,20251209,92233000,0,0,0,0,0,,,0,0,0,0,0,59600,59400,0,0,0,0,0,0,0,0,0,119030,0,0,0,0,0,0,0,0,0,59400,0,0,0,0,0,0,0,0,0,119030,31470,0,0,0,0,0,0,0,0,61660,57950,10241570,5579700,0,0,0,0,0,
600028.SH,600028,20251209,92236000,0,0,0,0,0,,,0,0,0,0,0,59600,59400,0,0,0,0,0,0,0,0,0,150230,0,0,0,0,0,0,0,0,0,59400,0,0,0,0,0,0,0,0,0,150230,370,0,0,0,0,0,0,0,0,61660,57950,10279270,5588300,0,0,0,0,0,
600028.SH,600028,20251209,92239000,0,0,0,0,0,,,0,0,0,0,0,59600,59400,0,0,0,0,0,0,0,0,0,150230,0,0,0,0,0,0,0,0,0,59400,0,0,0,0,0,0,0,0,0,150230,370,0,0,0,0,0,0,0,0,61660,57950,10281970,5588300,0,0,0,0,0,
600028.SH,600028,20251209,92242000,0,0,0,0,0,,,0,0,0,0,0,59600,59400,0,0,0,0,0,0,0,0,0,150230,0,0,0,0,0,0,0,0,0,59400,0,0,0,0,0,0,0,0,0,150230,370,0,0,0,0,0,0,0,0,61660,57950,10283970,5591300,0,0,0,0,0,
600028.SH,600028,20251209,92245000,0,0,0,0,0,,,0,0,0,0,0,59600,59400,0,0,0,0,0,0,0,0,0,150230,0,0,0,0,0,0,0,0,0,59400,0,0,0,0,0,0,0,0,0,150230,8370,0,0,0,0,0,0,0,0,61660,57950,10284970,5605300,0,0,0,0,0,
600028.SH,600028,20251209,92248000,0,0,0,0,0,,,0,0,0,0,0,59600,59400,0,0,0,0,0,0,0,0,0,152230,0,0,0,0,0,0,0,0,0,59400,0,0,0,0,0,0,0,0,0,152230,6370,0,0,0,0,0,0,0,0,61660,57950,10287270,5605300,0,0,0,0,0,
600028.SH,600028,20251209,92251000,0,0,0,0,0,,,0,0,0,0,0,59600,59400,0,0,0,0,0,0,0,0,0,152230,0,0,0,0,0,0,0,0,0,59400,0,0,0,0,0,0,0,0,0,152230,7370,0,0,0,0,0,0,0,0,61660,57950,10288870,5611300,0,0,0,0,0,
600028.SH,600028,20251209,92254000,0,0,0,0,0,,,0,0,0,0,0,59600,59400,0,0,0,0,0,0,0,0,0,152230,0,0,0,0,0,0,0,0,0,59400,0,0,0,0,0,0,0,0,0,152230,7570,0,0,0,0,0,0,0,0,61660,57950,10289470,5617500,0,0,0,0,0,
600028.SH,600028,20251209,92257000,0,0,0,0,0,,,0,0,0,0,0,59600,59400,0,0,0,0,0,0,0,0,0,152230,0,0,0,0,0,0,0,0,0,59400,0,0,0,0,0,0,0,0,0,152230,7570,0,0,0,0,0,0,0,0,61650,57950,10294470,5617500,0,0,0,0,0,
600028.SH,600028,20251209,92300000,0,0,0,0,0,,,0,0,0,0,0,59600,59400,0,0,0,0,0,0,0,0,0,152230,0,0,0,0,0,0,0,0,0,59400,0,0,0,0,0,0,0,0,0,152230,7570,0,0,0,0,0,0,0,0,61650,57960,10307970,5655300,0,0,0,0,0,
600028.SH,600028,20251209,92303000,0,0,0,0,0,,,0,0,0,0,0,59600,59400,0,0,0,0,0,0,0,0,0,153430,0,0,0,0,0,0,0,0,0,59400,0,0,0,0,0,0,0,0,0,153430,6370,0,0,0,0,0,0,0,0,61650,57960,10310570,5656300,0,0,0,0,0,
600028.SH,600028,20251209,92306000,0,0,0,0,0,,,0,0,0,0,0,59600,59400,0,0,0,0,0,0,0,0,0,153430,0,0,0,0,0,0,0,0,0,59400,0,0,0,0,0,0,0,0,0,153430,6370,0,0,0,0,0,0,0,0,61650,57960,10317570,5679300,0,0,0,0,0,
600028.SH,600028,20251209,92309000,0,0,0,0,0,,,0,0,0,0,0,59600,59400,0,0,0,0,0,0,0,0,0,153430,0,0,0,0,0,0,0,0,0,59400,0,0,0,0,0,0,0,0,0,153430,6370,0,0,0,0,0,0,0,0,61650,57970,10324570,5702500,0,0,0,0,0,
600028.SH,600028,20251209,92312000,0,0,0,0,0,,,0,0,0,0,0,59600,59400,0,0,0,0,0,0,0,0,0,153430,0,0,0,0,0,0,0,0,0,59400,0,0,0,0,0,0,0,0,0,153430,6370,0,0,0,0,0,0,0,0,61650,57970,10329870,5706200,0,0,0,0,0,
600028.SH,600028,20251209,92315000,0,0,0,0,0,,,0,0,0,0,0,59600,59400,0,0,0,0,0,0,0,0,0,159800,93630,0,0,0,0,0,0,0,0,59400,0,0,0,0,0,0,0,0,0,159800,0,0,0,0,0,0,0,0,0,61630,57970,10430370,5711900,0,0,0,0,0,
600028.SH,600028,20251209,92318000,0,0,0,0,0,,,0,0,0,0,0,59600,59400,0,0,0,0,0,0,0,0,0,159800,93730,0,0,0,0,0,0,0,0,59400,0,0,0,0,0,0,0,0,0,159800,0,0,0,0,0,0,0,0,0,61630,57960,10430770,5719100,0,0,0,0,0,
600028.SH,600028,20251209,92321000,0,0,0,0,0,,,0,0,0,0,0,59600,59400,0,0,0,0,0,0,0,0,0,159800,95730,0,0,0,0,0,0,0,0,59400,0,0,0,0,0,0,0,0,0,159800,0,0,0,0,0,0,0,0,0,61630,57960,10432770,5719800,0,0,0,0,0,
600028.SH,600028,20251209,92324000,0,0,0,0,0,,,0,0,0,0,0,59600,59400,0,0,0,0,0,0,0,0,0,159800,95730,0,0,0,0,0,0,0,0,59400,0,0,0,0,0,0,0,0,0,159800,0,0,0,0,0,0,0,0,0,61630,57960,10432770,5720700,0,0,0,0,0,
600028.SH,600028,20251209,92327000,0,0,0,0,0,,,0,0,0,0,0,59600,59400,0,0,0,0,0,0,0,0,0,171800,84730,0,0,0,0,0,0,0,0,59400,0,0,0,0,0,0,0,0,0,171800,0,0,0,0,0,0,0,0,0,61630,57970,10433970,5733200,0,0,0,0,0,
600028.SH,600028,20251209,92330000,0,0,0,0,0,,,0,0,0,0,0,59600,59400,0,0,0,0,0,0,0,0,0,171800,87730,0,0,0,0,0,0,0,0,59400,0,0,0,0,0,0,0,0,0,171800,0,0,0,0,0,0,0,0,0,61630,57970,10438970,5733200,0,0,0,0,0,
600028.SH,600028,20251209,92333000,0,0,0,0,0,,,0,0,0,0,0,59600,59400,0,0,0,0,0,0,0,0,0,171800,91130,0,0,0,0,0,0,0,0,59400,0,0,0,0,0,0,0,0,0,171800,0,0,0,0,0,0,0,0,0,61630,57970,10444370,5733700,0,0,0,0,0,
600028.SH,600028,20251209,92336000,0,0,0,0,0,,,0,0,0,0,0,59600,59400,0,0,0,0,0,0,0,0,0,171800,111130,0,0,0,0,0,0,0,0,59400,0,0,0,0,0,0,0,0,0,171800,0,0,0,0,0,0,0,0,0,61620,57970,10467770,5735700,0,0,0,0,0,
600028.SH,600028,20251209,92339000,0,0,0,0,0,,,0,0,0,0,0,59600,59400,0,0,0,0,0,0,0,0,0,171800,111130,0,0,0,0,0,0,0,0,59400,0,0,0,0,0,0,0,0,0,171800,0,0,0,0,0,0,0,0,0,61620,57970,10473770,5736700,0,0,0,0,0,
600028.SH,600028,20251209,92342000,0,0,0,0,0,,,0,0,0,0,0,59600,59400,0,0,0,0,0,0,0,0,0,171800,111130,0,0,0,0,0,0,0,0,59400,0,0,0,0,0,0,0,0,0,171800,0,0,0,0,0,0,0,0,0,61620,57970,10476270,5737700,0,0,0,0,0,
600028.SH,600028,20251209,92345000,0,0,0,0,0,,,0,0,0,0,0,59600,59400,0,0,0,0,0,0,0,0,0,171800,111130,0,0,0,0,0,0,0,0,59400,0,0,0,0,0,0,0,0,0,171800,0,0,0,0,0,0,0,0,0,61620,57970,10476470,5740400,0,0,0,0,0,
600028.SH,600028,20251209,92351000,0,0,0,0,0,,,0,0,0,0,0,59600,59400,0,0,0,0,0,0,0,0,0,171800,111130,0,0,0,0,0,0,0,0,59400,0,0,0,0,0,0,0,0,0,171800,0,0,0,0,0,0,0,0,0,61620,57970,10538870,5742400,0,0,0,0,0,
600028.SH,600028,20251209,92354000,0,0,0,0,0,,,0,0,0,0,0,59600,59400,0,0,0,0,0,0,0,0,0,171800,111130,0,0,0,0,0,0,0,0,59400,0,0,0,0,0,0,0,0,0,171800,0,0,0,0,0,0,0,0,0,61640,57970,10592670,5742400,0,0,0,0,0,
600028.SH,600028,20251209,92357000,0,0,0,0,0,,,0,0,0,0,0,59600,59400,0,0,0,0,0,0,0,0,0,179800,103130,0,0,0,0,0,0,0,0,59400,0,0,0,0,0,0,0,0,0,179800,0,0,0,0,0,0,0,0,0,61640,57980,10592670,5750400,0,0,0,0,0,
600028.SH,600028,20251209,92400000,0,0,0,0,0,,,0,0,0,0,0,59600,59400,0,0,0,0,0,0,0,0,0,179800,103130,0,0,0,0,0,0,0,0,59400,0,0,0,0,0,0,0,0,0,179800,0,0,0,0,0,0,0,0,0,61640,57980,10610870,5750400,0,0,0,0,0,
600028.SH,600028,20251209,92403000,0,0,0,0,0,,,0,0,0,0,0,59600,59400,0,0,0,0,0,0,0,0,0,179800,103130,0,0,0,0,0,0,0,0,59400,0,0,0,0,0,0,0,0,0,179800,0,0,0,0,0,0,0,0,0,61640,57980,10613370,5761600,0,0,0,0,0,
600028.SH,600028,20251209,92406000,0,0,0,0,0,,,0,0,0,0,0,59600,59400,0,0,0,0,0,0,0,0,0,179800,103130,0,0,0,0,0,0,0,0,59400,0,0,0,0,0,0,0,0,0,179800,0,0,0,0,0,0,0,0,0,61640,57980,10614270,5761600,0,0,0,0,0,
600028.SH,600028,20251209,92409000,0,0,0,0,0,,,0,0,0,0,0,59600,59400,0,0,0,0,0,0,0,0,0,185400,97530,0,0,0,0,0,0,0,0,59400,0,0,0,0,0,0,0,0,0,185400,0,0,0,0,0,0,0,0,0,61640,57990,10615770,5767800,0,0,0,0,0,
600028.SH,600028,20251209,92412000,0,0,0,0,0,,,0,0,0,0,0,59600,59400,0,0,0,0,0,0,0,0,0,185400,97530,0,0,0,0,0,0,0,0,59400,0,0,0,0,0,0,0,0,0,185400,0,0,0,0,0,0,0,0,0,61640,58030,10632170,6152000,0,0,0,0,0,
600028.SH,600028,20251209,92415000,0,0,0,0,0,,,0,0,0,0,0,59600,59400,0,0,0,0,0,0,0,0,0,185400,97530,0,0,0,0,0,0,0,0,59400,0,0,0,0,0,0,0,0,0,185400,0,0,0,0,0,0,0,0,0,61640,58030,10632170,6154000,0,0,0,0,0,
600028.SH,600028,20251209,92418000,0,0,0,0,0,,,0,0,0,0,0,59600,59400,0,0,0,0,0,0,0,0,0,195400,87730,0,0,0,0,0,0,0,0,59400,0,0,0,0,0,0,0,0,0,195400,0,0,0,0,0,0,0,0,0,61640,58030,10635370,6167500,0,0,0,0,0,
600028.SH,600028,20251209,92421000,0,0,0,0,0,,,0,0,0,0,0,59600,59400,0,0,0,0,0,0,0,0,0,199300,83830,0,0,0,0,0,0,0,0,59400,0,0,0,0,0,0,0,0,0,199300,0,0,0,0,0,0,0,0,0,61640,58030,10635370,6171400,0,0,0,0,0,
600028.SH,600028,20251209,92424000,0,0,0,0,0,,,0,0,0,0,0,59600,59400,0,0,0,0,0,0,0,0,0,199300,86030,0,0,0,0,0,0,0,0,59400,0,0,0,0,0,0,0,0,0,199300,0,0,0,0,0,0,0,0,0,61630,58030,10673370,6171400,0,0,0,0,0,
600028.SH,600028,20251209,92427000,0,0,0,0,0,,,0,0,0,0,0,59600,59400,0,0,0,0,0,0,0,0,0,199300,86030,0,0,0,0,0,0,0,0,59400,0,0,0,0,0,0,0,0,0,199300,0,0,0,0,0,0,0,0,0,61640,58030,10679870,6171400,0,0,0,0,0,
600028.SH,600028,20251209,92430000,0,0,0,0,0,,,0,0,0,0,0,59600,59400,0,0,0,0,0,0,0,0,0,199400,86430,0,0,0,0,0,0,0,0,59400,0,0,0,0,0,0,0,0,0,199400,0,0,0,0,0,0,0,0,0,61640,58030,10680870,6178500,0,0,0,0,0,
600028.SH,600028,20251209,92433000,0,0,0,0,0,,,0,0,0,0,0,59600,59400,0,0,0,0,0,0,0,0,0,199400,88430,0,0,0,0,0,0,0,0,59400,0,0,0,0,0,0,0,0,0,199400,0,0,0,0,0,0,0,0,0,61640,58030,10684870,6179000,0,0,0,0,0,
600028.SH,600028,20251209,92436000,0,0,0,0,0,,,0,0,0,0,0,59600,59400,0,0,0,0,0,0,0,0,0,199400,88430,0,0,0,0,0,0,0,0,59400,0,0,0,0,0,0,0,0,0,199400,0,0,0,0,0,0,0,0,0,61640,58030,10708470,6179000,0,0,0,0,0,
600028.SH,600028,20251209,92439000,0,0,0,0,0,,,0,0,0,0,0,59600,59400,0,0,0,0,0,0,0,0,0,199400,88530,0,0,0,0,0,0,0,0,59400,0,0,0,0,0,0,0,0,0,199400,0,0,0,0,0,0,0,0,0,61640,58030,10714070,6184200,0,0,0,0,0,
600028.SH,600028,20251209,92442000,0,0,0,0,0,,,0,0,0,0,0,59600,59400,0,0,0,0,0,0,0,0,0,203200,94730,0,0,0,0,0,0,0,0,59400,0,0,0,0,0,0,0,0,0,203200,0,0,0,0,0,0,0,0,0,61630,58030,10724170,6194900,0,0,0,0,0,
600028.SH,600028,20251209,92445000,0,0,0,0,0,,,0,0,0,0,0,59600,59400,0,0,0,0,0,0,0,0,0,203200,95330,0,0,0,0,0,0,0,0,59400,0,0,0,0,0,0,0,0,0,203200,0,0,0,0,0,0,0,0,0,61630,58040,10724770,6197900,0,0,0,0,0,
600028.SH,600028,20251209,92448000,0,0,0,0,0,,,0,0,0,0,0,59600,59400,0,0,0,0,0,0,0,0,0,218800,80730,0,0,0,0,0,0,0,0,59400,0,0,0,0,0,0,0,0,0,218800,0,0,0,0,0,0,0,0,0,61630,58050,10737370,6213500,0,0,0,0,0,
600028.SH,600028,20251209,92451000,0,0,0,0,0,,,0,0,0,0,0,59600,59400,0,0,0,0,0,0,0,0,0,300030,0,0,0,0,0,0,0,0,0,59400,0,0,0,0,0,0,0,0,0,300030,147570,0,0,0,0,0,0,0,0,61630,58110,10747070,6450300,0,0,0,0,0,
600028.SH,600028,20251209,92454000,0,0,0,0,0,,,0,0,0,0,0,59600,59400,0,0,0,0,0,0,0,0,0,314030,0,0,0,0,0,0,0,0,0,59400,0,0,0,0,0,0,0,0,0,314030,240370,0,0,0,0,0,0,0,0,61630,58180,10765070,6558000,0,0,0,0,0,
600028.SH,600028,20251209,92457000,0,0,0,0,0,,,0,0,0,0,0,59600,59400,0,0,0,0,0,0,0,0,0,314430,0,0,0,0,0,0,0,0,0,59400,0,0,0,0,0,0,0,0,0,314430,290970,0,0,0,0,0,0,0,0,61630,58220,10780270,6609000,0,0,0,0,0,
600028.SH,600028,20251209,92500000,0,0,0,0,0,,,0,0,0,0,0,59600,59600,0,0,0,0,0,0,0,0,0,437130,0,0,0,0,0,0,0,0,0,59600,0,0,0,0,0,0,0,0,0,437130,20370,0,0,0,0,0,0,0,0,61620,58330,10801470,6804100,0,0,0,0,0,
600028.SH,600028,20251209,92503000,59600,437130,2605295,193,0,,,437130,2605295,59600,59600,59600,59600,59700,59800,59900,60000,60100,60200,60300,60400,60500,60600,73000,234000,282700,484070,500100,497200,558400,209300,558800,253300,59600,59500,59400,59300,59200,59100,59000,58900,58800,58700,20370,11600,324200,169300,215800,559700,907300,483800,275700,250900,61740,58040,10364340,6366970,0,0,0,0,0,
600028.SH,600028,20251209,93000000,59600,4200,25039,201,0,,,441330,2630334,59700,59600,59600,59600,59700,59800,59900,60000,60100,60200,60300,60400,60500,60600,72300,236100,282700,486670,500100,497200,558400,209300,558800,253300,59600,59500,59400,59300,59200,59100,59000,58900,58800,58700,17570,11600,324200,169300,263400,619700,907300,483800,275700,250900,61740,58050,10368840,6473370,0,0,0,0,0,
600028.SH,600028,20251209,93003000,59700,5100,30405,211,0,,,446430,2660739,59700,59600,59600,59600,59700,59800,59900,60000,60100,60200,60300,60400,60500,60600,74400,255900,284700,538570,500600,512300,575600,210800,559800,255800,59600,59500,59400,59300,59200,59100,59000,58900,58800,58700,24870,21600,336500,184200,265700,609600,905300,484300,276700,263300,61720,58060,10534540,6526470,0,0,0,0,0,
600028.SH,600028,20251209,93006000,59700,12500,74559,237,0,,,458930,2735298,59700,59600,59600,59600,59700,59800,59900,60000,60100,60200,60300,60400,60500,60600,133300,270900,296000,670570,511300,566300,580500,210800,569000,260800,59600,59500,59400,59300,59200,59100,59000,58900,58800,58700,151570,93100,352800,249300,322500,680800,934700,489100,294900,265300,61670,58150,10907040,6994670,0,0,0,0,0,
600028.SH,600028,20251209,93009000,59700,10400,61992,262,0,,,469330,2797290,59700,59600,59600,59600,59700,59800,59900,60000,60100,60200,60300,60400,60500,60600,155600,274400,304100,824270,511300,571300,583500,220600,569700,289400,59600,59500,59400,59300,59200,59100,59000,58900,58800,58700,196770,104400,352800,295900,360500,693700,939500,489100,299400,265300,61630,58170,11487640,7172370,0,0,0,0,0,
600028.SH,600028,20251209,93012000,59700,80800,481700,289,0,,,550130,3278990,59700,59600,59600,59600,59700,59800,59900,60000,60100,60200,60300,60400,60500,60600,150700,276000,325800,843270,514300,575300,586900,234600,670700,334400,59600,59500,59400,59300,59200,59100,59000,58900,58800,58700,147270,233700,362700,295900,380500,693700,972200,489100,406000,265300,61610,58200,11884840,7426570,0,0,0,0,0,
600028.SH,600028,20251209,93015000,59600,8700,51866,304,0,,,558830,3330856,59700,59600,59600,59600,59700,59800,59900,60000,60100,60200,60300,60400,60500,60600,170400,276300,327700,941970,571300,687500,590900,234600,680800,334400,59600,59500,59400,59300,59200,59100,59000,58900,58800,58700,149970,239600,363700,297000,380500,695200,978700,509100,408000,265300,61570,58200,12487440,7481970,0,0,0,0,0,
600028.SH,600028,20251209,93018000,59500,242170,1443335,445,0,,,801000,4774191,59700,59500,59600,59600,59600,59700,59800,59900,60000,60100,60200,60300,60400,60500,376130,197200,293300,336200,949270,572300,699000,594300,234600,693900,59500,59400,59300,59200,59100,59000,58900,58800,58700,58600,240000,363700,299000,425500,715200,984800,511700,410500,265800,283200,61510,58190,12985598,7418500,0,0,0,0,0,
600028.SH,600028,20251209,93021000,59500,7500,44679,464,0,,,808500,4818870,59700,59500,59600,59600,59600,59700,59800,59900,60000,60100,60200,60300,60400,60500,472930,335200,305500,346200,959270,572500,723200,594300,235100,703900,59500,59400,59300,59200,59100,59000,58900,58800,58700,58600,241300,374300,300600,430000,601000,988500,512700,507800,266800,313200,61480,58190,13379398,7456400,0,0,0,0,0,
600028.SH,600028,20251209,93024000,59600,144500,861207,543,0,,,953000,5680077,59700,59500,59600,59600,59600,59700,59800,59900,60000,60100,60200,60300,60400,60500,402230,336700,316500,346200,962470,583000,725400,604800,238100,708400,59500,59400,59300,59200,59100,59000,58900,58800,58700,58600,241600,374300,311600,431900,602000,1028500,512700,538800,266800,313200,61490,58190,13433098,7549700,0,0,0,0,0,
600028.SH,600028,20251209,93027000,59500,333700,1985505,713,0,,,1286700,7665582,59700,59400,59600,59600,59500,59600,59700,59800,59900,60000,60100,60200,60300,60400,118600,334900,321600,300400,347200,962670,599900,799000,607300,245800,59400,59300,59200,59100,59000,58900,58800,58700,58600,58500,374400,335300,453900,625400,1030000,513400,569600,267600,314800,496200,61480,58160,13610898,7420900,0,0,0,0,0,
600028.SH,600028,20251209,93030000,59500,25600,152320,735,0,,,1312300,7817902,59700,59400,59600,59600,59500,59600,59700,59800,59900,60000,60100,60200,60300,60400,343700,157100,319900,320200,352200,953670,612000,805320,607300,256800,59400,59300,59200,59100,59000,58900,58800,58700,58600,58500,377700,341600,457900,650400,1046100,513400,575600,278100,317800,496200,61470,58170,13742718,7525100,0,0,0,0,0,
600028.SH,600028,20251209,93033000,59500,69700,414705,771,0,,,1382000,8232607,59700,59400,59600,59600,59500,59600,59700,59800,59900,60000,60100,60200,60300,60400,366100,175600,291100,320200,348700,978670,744500,806320,617100,257800,59400,59300,59200,59100,59000,58900,58800,58700,58600,58500,383600,336300,459400,773900,1060300,513400,575600,278100,317800,496200,61440,58190,14109518,7673900,0,0,0,0,0,
600028.SH,600028,20251209,93036000,59500,78800,468712,818,0,,,1460800,8701319,59700,59400,59600,59600,59500,59600,59700,59800,59900,60000,60100,60200,60300,60400,362900,206000,295900,326900,381700,978670,745500,826320,632900,257800,59400,59300,59200,59100,59000,58900,58800,58700,58600,58500,394500,336300,459400,775900,1051100,513400,575600,278100,317800,496200,61420,58190,14241618,7678700,0,0,0,0,0,
600028.SH,600028,20251209,93039000,59500,103400,614609,903,0,,,1564200,9315928,59700,59400,59600,59600,59500,59600,59700,59800,59900,60000,60100,60200,60300,60400,334500,210000,305300,337300,382800,978870,764900,826220,632900,259800,59400,59300,59200,59100,59000,58900,58800,58700,58600,58500,359900,336300,459700,776000,1072400,505400,576800,279100,317800,496200,61430,58190,14270718,7660000,0,0,0,0,0,
600028.SH,600028,20251209,93042000,59400,74500,443028,932,0,,,1638700,9758956,59700,59400,59600,59600,59500,59600,59700,59800,59900,60000,60100,60200,60300,60400,287200,210900,326800,337300,382800,978870,764900,826220,632900,269800,59400,59300,59200,59100,59000,58900,58800,58700,58600,58500,350600,337900,459700,776000,1072400,505400,566800,280400,317800,496200,61430,58180,14263418,7643600,0,0,0,0,0,
600028.SH,600028,20251209,93045000,59500,35300,209890,966,0,,,1674000,9968846,59700,59400,59600,59600,59500,59600,59700,59800,59900,60000,60100,60200,60300,60400,267000,258100,356700,335100,383300,988870,764900,826220,632900,269800,59400,59300,59200,59100,59000,58900,58800,58700,58600,58500,391100,337900,459700,776000,1072400,505400,566800,280400,317800,496200,61420,58190,14333618,7684100,0,0,0,0,0,
600028.SH,600028,20251209,93048000,59500,194400,1156428,1013,0,,,1868400,11125274,59700,59400,59600,59600,59500,59600,59700,59800,59900,60000,60100,60200,60300,60400,108200,207400,316100,335000,393700,988870,774900,826220,632900,269800,59400,59300,59200,59100,59000,58900,58800,58700,58600,58500,420100,337900,459700,776000,1072400,505400,566800,280400,317800,496200,61450,58200,14114818,7713100,0,0,0,0,0,
600028.SH,600028,20251209,93051000,59400,35600,211664,1036,0,,,1904000,11336938,59700,59400,59600,59600,59500,59600,59700,59800,59900,60000,60100,60200,60300,60400,89800,208200,315300,335000,393700,988870,775200,826220,637900,269800,59400,59300,59200,59100,59000,58900,58800,58700,58600,58500,416000,338900,459700,776000,1072400,505400,576800,280400,318500,496200,61450,58200,14126218,7720700,0,0,0,0,0,
600028.SH,600028,20251209,93054000,59500,52400,311533,1056,0,,,1956400,11648471,59700,59400,59600,59600,59500,59600,59700,59800,59900,60000,60100,60200,60300,60400,71700,201800,317700,334600,393700,988870,775200,826220,637900,269800,59400,59300,59200,59100,59000,58900,58800,58700,58600,58500,398400,343300,459700,776000,1072400,505400,576800,280400,318500,496200,61460,58190,14117408,7707500,0,0,0,0,0,
600028.SH,600028,20251209,93057000,59500,33300,198134,1097,0,,,1989700,11846605,59700,59400,59600,59600,59500,59600,59700,59800,59900,60000,60100,60200,60300,60400,40600,196900,317700,334600,402000,988870,775200,826220,637900,269800,59400,59300,59200,59100,59000,58900,58800,58700,58600,58500,407800,343300,459700,789000,1049200,505400,576800,280400,318500,496200,61460,58190,14109608,7707200,0,0,0,0,0,
600028.SH,600028,20251209,93100000,59400,50900,302769,1150,0,,,2040600,12149374,59700,59400,59600,59600,59500,59600,59700,59800,59900,60000,60100,60200,60300,60400,18000,186900,354500,334500,402000,988870,795200,826220,637900,269800,59400,59300,59200,59100,59000,58900,58800,58700,58600,58500,419800,345300,458700,790000,1049200,505400,576800,280400,318500,496200,61460,58200,14137108,7722200,0,0,0,0,0,
600028.SH,600028,20251209,93103000,59400,67300,400040,1176,0,,,2107900,12549414,59700,59400,59600,59600,59500,59600,59700,59800,59900,60000,60100,60200,60300,60400,9200,202200,353900,334500,402000,988870,795200,826220,637900,269800,59400,59300,59200,59100,59000,58900,58800,58700,58600,58500,405000,345300,461800,790000,1066200,524300,576800,280400,318500,496200,61470,58200,14207508,7746400,0,0,0,0,0,
600028.SH,600028,20251209,93106000,59400,37200,221275,1201,0,,,2145100,12770689,59700,59400,59600,59600,59500,59600,59700,59800,59900,60000,60100,60200,60300,60400,3100,195700,353900,334500,402000,991370,794900,826220,637900,269800,59400,59300,59200,59100,59000,58900,58800,58700,58600,58500,398700,345300,461800,790000,1066200,524300,576800,280400,318500,496200,61470,58200,14198608,7740100,0,0,0,0,0,
600028.SH,600028,20251209,93109000,59500,99300,590022,1226,0,,,2244400,13360711,59700,59400,59600,59600,59600,59700,59800,59900,60000,60100,60200,60300,60400,60500,290900,289600,334500,402000,991370,795300,826220,637900,269800,899600,59500,59400,59300,59200,59100,59000,58900,58800,58700,58600,27700,328600,345300,462800,791000,1068200,524300,576800,280400,318500,61460,58190,14230808,7702700,0,0,0,0,0,
600028.SH,600028,20251209,93112000,59500,188700,1121217,1309,0,,,2433100,14481928,59700,59400,59600,59600,59600,59700,59800,59900,60000,60100,60200,60300,60400,60500,306500,289600,334500,402000,991370,795300,826220,637900,269800,899600,59500,59400,59300,59200,59100,59000,58900,58800,58700,58600,98000,194300,351600,462800,771000,1068200,524300,576800,280400,318500,61470,58180,14279708,7625000,0,0,0,0,0,
600028.SH,600028,20251209,93115000,59500,15100,89849,1328,0,,,2448200,14571777,59700,59400,59600,59600,59600,59700,59800,59900,60000,60100,60200,60300,60400,60500,311100,289500,336300,402000,984070,795300,826220,637900,269800,899600,59500,59400,59300,59200,59100,59000,58900,58800,58700,58600,111900,178400,351600,462800,771000,1068200,524300,576800,280400,319500,61470,58180,14282108,7624500,0,0,0,0,0,
600028.SH,600028,20251209,93118000,59500,7800,46435,1332,0,,,2456000,14618212,59700,59400,59600,59600,59600,59700,59800,59900,60000,60100,60200,60300,60400,60500,362500,287900,336300,402000,994370,795300,826220,637900,270300,899700,59500,59400,59300,59200,59100,59000,58900,58800,58700,58600,131100,178400,351600,467800,771000,1068200,536300,576800,280400,319500,61460,58190,14346808,7661200,0,0,0,0,0,
600028.SH,600028,20251209,93121000,59500,20900,124413,1345,0,,,2476900,14742625,59700,59400,59600,59600,59600,59700,59800,59900,60000,60100,60200,60300,60400,60500,296100,288400,336300,402200,994370,795300,826220,637900,270300,899700,59500,59400,59300,59200,59100,59000,58900,58800,58700,58600,133100,187000,351600,468800,771000,1072200,536300,576800,280400,319500,61470,58190,14281108,7676800,0,0,0,0,0,
600028.SH,600028,20251209,93124000,59600,29700,176929,1365,0,,,2506600,14919554,59700,59400,59600,59600,59600,59700,59800,59900,60000,60100,60200,60300,60400,60500,271500,288400,336300,402200,994370,795300,826220,637900,270300,899700,59500,59400,59300,59200,59100,59000,58900,58800,58700,58600,143000,163900,357600,470800,771100,1072200,536300,576800,280400,319500,61470,58190,14270308,7671900,0,0,0,0,0,
600028.SH,600028,20251209,93127000,59500,3500,20841,1369,0,,,2510100,14940395,59700,59400,59600,59600,59600,59700,59800,59900,60000,60100,60200,60300,60400,60500,278200,288400,336300,402200,994370,815300,827220,637900,270300,899700,59500,59400,59300,59200,59100,59000,58900,58800,58700,58600,151900,163900,357600,470800,771100,1072200,536800,576800,280400,319500,61470,58190,14298008,7671400,0,0,0,0,0,
600028.SH,600028,20251209,93130000,59500,600,3571,1371,0,,,2510700,14943966,59700,59400,59600,59600,59600,59700,59800,59900,60000,60100,60200,60300,60400,60500,283000,288400,336300,402200,994370,815300,827220,637900,270300,909700,59500,59400,59300,59200,59100,59000,58900,58800,58700,58600,160700,218500,357600,470800,771100,1072200,536800,574800,280400,319500,61470,58200,14322208,7732800,0,0,0,0,0,
600028.SH,600028,20251209,93133000,59500,17400,103537,1375,0,,,2528100,15047503,59700,59400,59600,59600,59600,59700,59800,59900,60000,60100,60200,60300,60400,60500,282300,288400,336300,402200,994370,815300,829220,637900,270300,919700,59500,59400,59300,59200,59100,59000,58900,58800,58700,58600,154000,218500,357600,470800,776100,1057200,536800,574800,280400,319500,61470,58200,14345308,7719100,0,0,0,0,0,
600028.SH,600028,20251209,93136000,59500,26800,159460,1391,0,,,2554900,15206963,59700,59400,59600,59600,59600,59700,59800,59900,60000,60100,60200,60300,60400,60500,300500,288400,336300,402200,995070,815300,837220,637900,270300,919700,59500,59400,59300,59200,59100,59000,58900,58800,58700,58600,131800,218500,357600,473100,776100,1058200,536800,574800,280400,319500,61470,58190,14381908,7700200,0,0,0,0,0,
600028.SH,600028,20251209,93139000,59500,23200,138220,1397,0,,,2578100,15345183,59700,59400,59600,59600,59600,59700,59800,59900,60000,60100,60200,60300,60400,60500,290200,288400,336300,402200,996070,815300,847220,638500,270300,919700,59500,59400,59300,59200,59100,59000,58900,58800,58700,58600,143200,165900,358600,473100,776100,1063200,536800,585800,280400,319500,61470,58190,14384208,7691000,0,0,0,0,0,
600028.SH,600028,20251209,93142000,59600,20600,122605,1442,0,,,2598700,15467788,59700,59400,59600,59600,59600,59700,59800,59900,60000,60100,60200,60300,60400,60500,287600,287800,336300,402200,996070,816900,857220,638500,270300,919700,59500,59400,59300,59200,59100,59000,58900,58800,58700,58600,141000,176400,358600,473100,776100,1063200,536800,585800,280400,319500,61470,58190,14395608,7703300,0,0,0,0,0,
600028.SH,600028,20251209,93145000,59500,35100,208845,1459,0,,,2633800,15676633,59700,59400,59600,59600,59600,59700,59800,59900,60000,60100,60200,60300,60400,60500,287800,286400,336300,402200,996070,816900,857220,638500,270300,919700,59500,59400,59300,59200,59100,59000,58900,58800,58700,58600,105900,168900,358600,473100,776100,1065200,536800,585800,280400,319500,61470,58180,14396308,7662700,0,0,0,0,0,
600028.SH,600028,20251209,93148000,59500,161900,963305,1528,0,,,2795700,16639938,59700,59400,59600,59600,59500,59600,59700,59800,59900,60000,60100,60200,60300,60400,27600,246800,286400,336300,405600,996070,816900,857220,638500,270300,59400,59300,59200,59100,59000,58900,58800,58700,58600,58500,203100,358600,473100,778100,1065200,536800,586100,280400,319500,496700,61470,58170,14395208,7593300,0,0,0,0,0,
600028.SH,600028,20251209,93151000,59600,73200,435648,1582,0,,,2868900,17075586,59700,59400,59600,59600,59600,59700,59800,59900,60000,60100,60200,60300,60400,60500,232900,282600,336300,405600,996070,817900,857220,638500,270300,921700,59500,59400,59300,59200,59100,59000,58900,58800,58700,58600,13800,277800,358600,473100,781500,1065200,536800,586100,296700,319500,61480,58190,14354708,7701500,0,0,0,0,0,
600028.SH,600028,20251209,93154000,59500,34400,204721,1613,0,,,2903300,17280307,59700,59400,59600,59600,59600,59700,59800,59900,60000,60100,60200,60300,60400,60500,223600,282600,336300,405600,996070,818900,877220,638500,270300,935200,59500,59400,59300,59200,59100,59000,58900,58800,58700,58600,2500,282000,358600,473100,782800,1065000,536800,596100,296700,319500,61480,58190,14382008,7706500,0,0,0,0,0,
600028.SH,600028,20251209,93157000,59600,28000,166828,1627,0,,,2931300,17447135,59700,59400,59600,59600,59600,59700,59800,59900,60000,60100,60200,60300,60400,60500,211200,282600,336300,405600,1022270,818900,877220,638500,270300,936200,59500,59400,59300,59200,59100,59000,58900,58800,58700,58600,13800,291100,358600,473100,783800,1062000,536800,598300,296700,319500,61480,58190,14400508,7727100,0,0,0,0,0,
600028.SH,600028,20251209,93200000,59600,22700,135116,1648,0,,,2954000,17582251,59700,59400,59600,59600,59600,59700,59800,59900,60000,60100,60200,60300,60400,60500,232700,282600,336300,405600,1022270,818900,877220,649700,270300,936300,59500,59400,59300,59200,59100,59000,58900,58800,58700,58600,22300,296200,358600,473100,788800,1062000,536800,598300,296700,319500,61470,58190,14468108,7745700,0,0,0,0,0,
600028.SH,600028,20251209,93203000,59600,20700,123260,1674,0,,,2974700,17705511,59700,59400,59600,59600,59600,59700,59800,59900,60000,60100,60200,60300,60400,60500,223400,282700,336300,405600,1022570,818900,878420,649700,270300,936300,59500,59400,59300,59200,59100,59000,58900,58800,58700,58600,53100,296200,358600,473100,788800,1067000,536800,598300,296700,319500,61470,58200,14460408,7784000,0,0,0,0,0,
600028.SH,600028,20251209,93206000,59600,0,0,1674,0,,,2974700,17705511,59700,59400,59600,59600,59600,59700,59800,59900,60000,60100,60200,60300,60400,60500,238500,282700,336600,406100,1032770,818900,878420,649700,270300,936300,59500,59400,59300,59200,59100,59000,58900,58800,58700,58600,60100,274100,360600,472800,792300,1078600,537800,598300,296700,319500,61470,58200,14491908,7786700,0,0,0,0,0,
600028.SH,600028,20251209,93209000,59600,600,3576,1676,0,,,2975300,17709087,59700,59400,59600,59600,59600,59700,59800,59900,60000,60100,60200,60300,60400,60500,238200,283800,336600,406800,1032770,818900,878420,649700,270300,936300,59500,59400,59300,59200,59100,59000,58900,58800,58700,58600,66300,286400,360600,472800,792300,1079600,537800,595300,296700,319500,61470,58200,14493408,7803200,0,0,0,0,0,
600028.SH,600028,20251209,93212000,59500,13600,80920,1687,0,,,2988900,17790007,59700,59400,59600,59600,59600,59700,59800,59900,60000,60100,60200,60300,60400,60500,261300,283800,336600,406800,1036570,818900,878520,649700,270300,936800,59500,59400,59300,59200,59100,59000,58900,58800,58700,58600,57200,303300,362600,472800,792300,1079600,537800,595300,296700,320500,61470,58200,14549708,7815500,0,0,0,0,0,
600028.SH,600028,20251209,93215000,59500,14700,87465,1694,0,,,3003600,17877472,59700,59400,59600,59600,59600,59700,59800,59900,60000,60100,60200,60300,60400,60500,262600,283800,336600,406800,1086570,820900,878520,649700,270300,939300,59500,59400,59300,59200,59100,59000,58900,58800,58700,58600,52200,303300,362600,472800,792300,1079600,537800,595300,296700,321100,61460,58200,14606608,7811400,0,0,0,0,0,
600028.SH,600028,20251209,93218000,59500,100,595,1695,0,,,3003700,17878067,59700,59400,59600,59600,59600,59700,59800,59900,60000,60100,60200,60300,60400,60500,266900,283800,336600,406800,1091570,820900,878520,649700,270300,940300,59500,59400,59300,59200,59100,59000,58900,58800,58700,58600,67900,303300,362600,472800,802300,1082600,538800,595300,296700,321100,61460,58200,14622908,7841100,0,0,0,0,0,
600028.SH,600028,20251209,93221000,59500,8200,48843,1702,0,,,3011900,17926910,59700,59400,59600,59600,59600,59700,59800,59900,60000,60100,60200,60300,60400,60500,251600,283800,336600,411900,1091570,820900,878520,649700,270300,940300,59500,59400,59300,59200,59100,59000,58900,58800,58700,58600,159700,295200,362600,472800,802300,1082600,538800,595300,296700,321100,61460,58220,14617808,7925800,0,0,0,0,0,
600028.SH,600028,20251209,93224000,59600,14800,88208,1706,0,,,3026700,18015118,59700,59400,59600,59600,59600,59700,59800,59900,60000,60100,60200,60300,60400,60500,241700,283800,336600,475100,1091570,821900,880320,649700,270300,940300,59500,59400,59300,59200,59100,59000,58900,58800,58700,58600,177500,264000,362600,472800,802300,1084500,538800,595300,296700,321100,61460,58220,14674908,7914300,0,0,0,0,0,
600028.SH,600028,20251209,93227000,59600,0,0,1706,0,,,3026700,18015118,59700,59400,59600,59600,59600,59700,59800,59900,60000,60100,60200,60300,60400,60500,238900,284200,336600,475100,1097570,823900,883220,649700,270300,940300,59500,59400,59300,59200,59100,59000,58900,58800,58700,58600,189100,288800,362600,472800,803800,1092400,538800,595300,296700,321100,61460,58220,14685908,7960100,0,0,0,0,0,
600028.SH,600028,20251209,93230000,59500,8200,48791,1709,0,,,3034900,18063909,59700,59400,59600,59600,59600,59700,59800,59900,60000,60100,60200,60300,60400,60500,266300,287200,346600,475600,1097570,823900,886220,649700,270300,940300,59500,59400,59300,59200,59100,59000,58900,58800,58700,58600,191000,288500,362600,471800,803800,1093000,551300,595300,296700,321100,61450,58220,14730108,7973800,0,0,0,0,0,
600028.SH,600028,20251209,93233000,59600,5300,31536,1712,0,,,3040200,18095445,59700,59400,59600,59600,59600,59700,59800,59900,60000,60100,60200,60300,60400,60500,248800,297200,346600,475600,1097570,824900,886220,649700,270300,940300,59500,59400,59300,59200,59100,59000,58900,58800,58700,58600,202400,288500,362600,471800,803800,1093000,553300,595300,296700,321100,61450,58230,14723908,7987200,0,0,0,0,0,
600028.SH,600028,20251209,93236000,59500,2100,12509,1717,0,,,3042300,18107954,59700,59400,59600,59600,59600,59700,59800,59900,60000,60100,60200,60300,60400,60500,248300,297200,356600,475600,1101270,824900,886220,649700,270300,940300,59500,59400,59300,59200,59100,59000,58900,58800,58700,58600,201700,283500,362600,471800,803800,1093000,553300,595300,296700,321100,61460,58220,14762208,7981500,0,0,0,0,0,
600028.SH,600028,20251209,93239000,59500,4200,25017,1720,0,,,3046500,18132971,59700,59400,59600,59600,59600,59700,59800,59900,60000,60100,60200,60300,60400,60500,231800,297200,359600,475600,1101270,824900,886220,649700,270300,940300,59500,59400,59300,59200,59100,59000,58900,58800,58700,58600,213400,283500,362600,472000,823800,1093000,553300,596300,296700,321100,61460,58230,14748708,8014400,0,0,0,0,0,
600028.SH,600028,20251209,93242000,59700,260000,1549867,1804,0,,,3306500,19682838,59700,59400,59600,59600,59700,59800,59900,60000,60100,60200,60300,60400,60500,60600,285700,359600,476400,1101270,824900,886220,649700,270800,946300,396700,59600,59500,59400,59300,59200,59100,59000,58900,58800,58700,217400,192800,254200,362300,472000,823800,1093000,553300,596300,296700,61490,58260,14515808,8181600,0,0,0,0,0,
600028.SH,600028,20251209,93245000,59600,20500,122356,1813,0,,,3327000,19805194,59700,59400,59600,59600,59700,59800,59900,60000,60100,60200,60300,60400,60500,60600,273500,359600,479500,1101270,824900,886220,649700,270800,946300,396700,59600,59500,59400,59300,59200,59100,59000,58900,58800,58700,245200,172200,253400,362200,472000,823800,1098000,553300,596300,296700,61490,58260,14508208,8192900,0,0,0,0,0,
600028.SH,600028,20251209,93248000,59600,4800,28610,1819,0,,,3331800,19833804,59700,59400,59600,59600,59700,59800,59900,60000,60100,60200,60300,60400,60500,60600,276900,379600,481000,1101270,824900,886220,649700,270800,946300,396700,59600,59500,59400,59300,59200,59100,59000,58900,58800,58700,250000,173100,254900,362200,472000,824900,1098000,553300,596300,296700,61490,58260,14533108,8201200,0,0,0,0,0,
600028.SH,600028,20251209,93251000,59600,4200,25040,1822,0,,,3336000,19858844,59700,59400,59600,59600,59700,59800,59900,60000,60100,60200,60300,60400,60500,60600,276100,379600,481000,1102170,824900,886220,649700,270800,946300,396700,59600,59500,59400,59300,59200,59100,59000,58900,58800,58700,253700,166500,254900,365400,472000,824900,1108000,553300,596300,296700,61490,58260,14538608,8226500,0,0,0,0,0,
600028.SH,600028,20251209,93254000,59700,5800,34626,1825,0,,,3341800,19893470,59700,59400,59600,59600,59700,59800,59900,60000,60100,60200,60300,60400,60500,60600,271700,379600,481000,1103170,825900,886220,649700,270800,946300,398200,59600,59500,59400,59300,59200,59100,59000,58900,58800,58700,265400,171500,226100,365400,472000,824900,1109000,553300,596300,296700,61490,58260,14538708,8216400,0,0,0,0,0,
600028.SH,600028,20251209,93257000,59600,16200,96684,1832,0,,,3358000,19990154,59700,59400,59600,59600,59700,59800,59900,60000,60100,60200,60300,60400,60500,60600,283200,379600,481000,1106170,817900,893220,649700,271500,946300,398200,59600,59500,59400,59300,59200,59100,59000,58900,58800,58700,254300,222700,226100,365400,472000,821900,1109000,553300,596300,305700,61490,58270,14553408,8263000,0,0,0,0,0,
600028.SH,600028,20251209,93300000,59700,101800,607744,1856,0,,,3459800,20597898,59700,59400,59600,59600,59700,59800,59900,60000,60100,60200,60300,60400,60500,60600,184300,385400,481000,1108170,823500,894220,649700,271500,946300,398200,59600,59500,59400,59300,59200,59100,59000,58900,58800,58700,281300,223700,226100,365300,472000,821900,1109000,553300,596300,305700,61500,58270,14468908,8290900,0,0,0,0,0,
600028.SH,600028,20251209,93303000,59700,92300,550780,1902,0,,,3552100,21148678,59700,59400,59600,59600,59700,59800,59900,60000,60100,60200,60300,60400,60500,60600,106000,385400,481100,1108170,828500,896220,651700,271500,946300,403200,59600,59500,59400,59300,59200,59100,59000,58900,58800,58700,294800,220800,181200,365300,472000,821900,1109000,553300,596300,305700,61510,58270,14405308,8257400,0,0,0,0,0,
600028.SH,600028,20251209,93306000,59600,16100,96114,1911,0,,,3568200,21244792,59700,59400,59600,59600,59700,59800,59900,60000,60100,60200,60300,60400,60500,60600,110500,385600,481100,1116220,831500,896220,651700,271500,946300,403200,59600,59500,59400,59300,59200,59100,59000,58900,58800,58700,304600,151000,181800,365300,472000,821900,1109000,553300,596300,305700,61510,58260,14437058,8198000,0,0,0,0,0,
600028.SH,600028,20251209,93309000,59700,13600,81143,1921,0,,,3581800,21325935,59700,59400,59600,59600,59700,59800,59900,60000,60100,60200,60300,60400,60500,60600,127400,375700,481100,1117220,830900,896220,659700,271500,946300,403200,59600,59500,59400,59300,59200,59100,59000,58900,58800,58700,310700,160900,179500,365300,472000,821900,1109000,553300,596300,305700,61510,58260,14456958,8212200,0,0,0,0,0,
600028.SH,600028,20251209,93312000,59700,93900,560563,1986,0,,,3675700,21886498,59700,59400,59600,59600,59700,59800,59900,60000,60100,60200,60300,60400,60500,60600,22000,375700,481100,1119320,860900,896220,681700,271500,947300,403200,59600,59500,59400,59300,59200,59100,59000,58900,58800,58700,402200,170500,184500,365300,470200,821900,1109000,553300,596300,305700,61510,58280,14407658,8316500,0,0,0,0,0,
600028.SH,600028,20251209,93315000,59600,481900,2872809,2158,0,,,4157600,24759307,59700,59400,59600,59600,59700,59800,59900,60000,60100,60200,60300,60400,60500,60600,66900,375700,485300,1119320,861900,906220,681700,271500,948800,403200,59600,59500,59400,59300,59200,59100,59000,58900,58800,58700,42200,187500,184500,365300,470200,820800,1112100,553300,597300,305700,61510,58220,14473978,7976500,0,0,0,0,0,
600028.SH,600028,20251209,93318000,59600,87800,523287,2194,0,,,4245400,25282594,59700,59400,59600,59600,59600,59700,59800,59900,60000,60100,60200,60300,60400,60500,15500,41300,385500,485300,1119720,862100,908220,683200,271500,948800,59500,59400,59300,59200,59100,59000,58900,58800,58700,58600,186400,184500,365300,470200,820800,1112100,553300,597300,305700,321100,61510,58210,14480078,7948200,0,0,0,0,0,
600028.SH,600028,20251209,93321000,59600,45100,268767,2211,0,,,4290500,25551361,59700,59400,59600,59600,59600,59700,59800,59900,60000,60100,60200,60300,60400,60500,18300,43500,385500,485300,1139720,862100,918720,688000,272100,949200,59500,59400,59300,59200,59100,59000,58900,58800,58700,58600,196000,183400,359000,487400,820800,1112100,553300,597300,305700,321100,61500,58210,14527078,7968600,0,0,0,0,0,
600028.SH,600028,20251209,93324000,59600,54900,327420,2223,0,,,4345400,25878781,59700,59400,59600,59600,59700,59800,59900,60000,60100,60200,60300,60400,60500,60600,24200,385500,485300,1156120,862100,919220,688000,282000,959200,403200,59600,59500,59400,59300,59200,59100,59000,58900,58800,58700,9600,215300,177500,359000,487400,820800,1112100,553300,597300,305800,61500,58220,14528278,7991700,0,0,0,0,0,
600028.SH,600028,20251209,93327000,59600,27800,165677,2244,0,,,4373200,26044458,59700,59400,59600,59600,59600,59700,59800,59900,60000,60100,60200,60300,60400,60500,27500,44900,385500,485300,1156120,867100,919220,698000,282000,959200,59500,59400,59300,59200,59100,59000,58900,58800,58700,58600,214200,196000,359000,487400,820800,1112100,553300,597300,305800,321100,61500,58220,14593678,7999500,0,0,0,0,0,
600028.SH,600028,20251209,93330000,59700,68100,406158,2291,0,,,4441300,26450616,59700,59400,59600,59600,59600,59700,59800,59900,60000,60100,60200,60300,60400,60500,600,22000,405500,485300,1156120,867100,919220,698000,282500,959200,59500,59400,59300,59200,59100,59000,58900,58800,58700,58600,213000,202300,359000,477400,820800,1112100,553300,597300,305800,321100,61500,58220,14599278,7994600,0,0,0,0,0,
600028.SH,600028,20251209,93333000,59600,4700,27983,2302,0,,,4446000,26478599,59700,59400,59600,59600,59700,59800,59900,60000,60100,60200,60300,60400,60500,60600,38500,405500,485300,1172920,866300,919820,698000,282500,959800,403200,59600,59500,59400,59300,59200,59100,59000,58900,58800,58700,1000,215200,202800,359000,477400,820800,1113100,553300,597300,305800,61500,58220,14632378,7999300,0,0,0,0,0,
600028.SH,600028,20251209,93336000,59600,2700,16092,2306,0,,,4448700,26494691,59700,59400,59600,59600,59600,59700,59800,59900,60000,60100,60200,60300,60400,60500,6400,57000,405500,485300,1177920,866300,921120,698000,283500,959800,59500,59400,59300,59200,59100,59000,58900,58800,58700,58600,215200,207800,359000,477400,820800,1113100,553300,597300,305800,321100,61490,58220,14679478,8003300,0,0,0,0,0,
600028.SH,600028,20251209,93339000,59600,13500,80460,2313,0,,,4462200,26575151,59700,59400,59600,59600,59600,59700,59800,59900,60000,60100,60200,60300,60400,60500,12400,88600,405500,485300,1177920,847800,921120,698000,283500,960600,59500,59400,59300,59200,59100,59000,58900,58800,58700,58600,205400,207800,359000,477400,820800,1114100,553300,597300,305800,321100,61490,58220,14721678,7995500,0,0,0,0,0,
600028.SH,600028,20251209,93342000,59600,10400,61984,2319,0,,,4472600,26637135,59700,59400,59600,59600,59600,59700,59800,59900,60000,60100,60200,60300,60400,60500,12000,89400,407300,486300,1180920,837800,921120,698000,283500,960600,59500,59400,59300,59200,59100,59000,58900,58800,58700,58600,206900,207800,359000,477400,820800,1109100,553300,597300,305800,321100,61490,58220,14722178,7992200,0,0,0,0,0,
600028.SH,600028,20251209,93345000,59600,33000,196639,2341,0,,,4505600,26833774,59700,59400,59600,59600,59600,59700,59800,59900,60000,60100,60200,60300,60400,60500,1300,89400,407300,486300,1180920,837800,922020,698000,283000,960600,59500,59400,59300,59200,59100,59000,58900,58800,58700,58600,212800,197800,359000,477400,820800,1109100,553300,597300,305800,321100,61490,58220,14730478,7988100,0,0,0,0,0,
600028.SH,600028,20251209,93348000,59600,1200,7152,2344,0,,,4506800,26840926,59700,59400,59600,59600,59600,59700,59800,59900,60000,60100,60200,60300,60400,60500,15200,99400,407300,486300,1181920,838100,922020,698000,283000,973100,59500,59400,59300,59200,59100,59000,58900,58800,58700,58600,233900,197800,359000,477400,820800,1109100,553300,597300,305800,321100,61490,58220,14779178,8008700,0,0,0,0,0,
600028.SH,600028,20251209,93351000,59600,41500,247340,2352,0,,,4548300,27088266,59700,59400,59600,59600,59600,59700,59800,59900,60000,60100,60200,60300,60400,60500,25100,99400,417300,493100,1183920,853800,922020,698000,283000,973100,59500,59400,59300,59200,59100,59000,58900,58800,58700,58600,252800,197800,359000,477400,820800,1109100,553300,597300,305800,321100,61480,58220,14828578,8027600,0,0,0,0,0,
600028.SH,600028,20251209,93354000,59600,4600,27416,2354,0,,,4552900,27115682,59700,59400,59600,59600,59600,59700,59800,59900,60000,60100,60200,60300,60400,60500,28800,99300,417300,518100,1183920,853800,922020,698000,283000,974200,59500,59400,59300,59200,59100,59000,58900,58800,58700,58600,301700,188600,359000,477400,820800,1109100,553300,597300,306800,321100,61480,58230,14849278,8070300,0,0,0,0,0,
600028.SH,600028,20251209,93357000,59600,8000,47651,2357,0,,,4560900,27163333,59700,59400,59600,59600,59600,59700,59800,59900,60000,60100,60200,60300,60400,60500,23700,98500,417300,518100,1187820,853800,923520,698000,283000,974200,59500,59400,59300,59200,59100,59000,58900,58800,58700,58600,299100,188600,359000,477400,820800,1112500,553300,597300,306800,321100,61480,58230,14848778,8071100,0,0,0,0,0,
600028.SH,600028,20251209,93400000,59600,4000,23840,2359,0,,,4564900,27187173,59700,59400,59600,59600,59600,59700,59800,59900,60000,60100,60200,60300,60400,60500,12800,80000,417300,519800,1188020,853800,923520,698000,283000,979200,59500,59400,59300,59200,59100,59000,58900,58800,58700,58600,357800,188600,369200,477400,820800,1113500,553300,597300,306800,321100,61480,58240,14834778,8141000,0,0,0,0,0,
600028.SH,600028,20251209,93403000,59600,250200,1491173,2459,0,,,4815100,28678346,59700,59400,59600,59600,59600,59700,59800,59900,60000,60100,60200,60300,60400,60500,43500,85700,481400,519800,1188020,790200,923520,698000,283000,987700,59500,59400,59300,59200,59100,59000,58900,58800,58700,58600,371200,189600,372200,476700,820800,1113500,553500,597300,306800,321100,61480,58240,14880478,8158000,0,0,0,0,0,
600028.SH,600028,20251209,93406000,59600,100200,597192,2473,0,,,4915300,29275538,59700,59400,59600,59600,59600,59700,59800,59900,60000,60100,60200,60300,60400,60500,14500,85900,481300,530800,1188320,820200,923720,698000,283000,987700,59500,59400,59300,59200,59100,59000,58900,58800,58700,58600,376200,189600,372200,476700,821100,1113500,553500,597300,306800,321100,61480,58240,14945378,8163300,0,0,0,0,0,
600028.SH,600028,20251209,93409000,59600,1600,9534,2479,0,,,4916900,29285072,59700,59400,59600,59600,59600,59700,59800,59900,60000,60100,60200,60300,60400,60500,13100,85400,481300,530800,1182920,820200,923720,698000,283000,998700,59500,59400,59300,59200,59100,59000,58900,58800,58700,58600,377200,189600,372200,476700,821100,1113500,553500,597300,306800,331100,61480,58240,14950778,8176300,0,0,0,0,0,
600028.SH,600028,20251209,93412000,59500,4200,25022,2483,0,,,4921100,29310094,59700,59400,59600,59600,59600,59700,59800,59900,60000,60100,60200,60300,60400,60500,10100,95400,482100,530800,1183520,820200,923720,698000,285600,998700,59500,59400,59300,59200,59100,59000,58900,58800,58700,58600,382100,189600,372200,476700,821300,1113500,553500,597300,306800,331100,61470,58250,14972278,8186400,0,0,0,0,0,
600028.SH,600028,20251209,93415000,59500,100,595,2484,0,,,4921200,29310689,59700,59400,59600,59600,59600,59700,59800,59900,60000,60100,60200,60300,60400,60500,13500,118600,482100,530800,1183520,820200,934220,698000,285600,1008700,59500,59400,59300,59200,59100,59000,58900,58800,58700,58600,385200,190900,372200,476700,815800,1115400,553500,597300,306800,331100,61470,58250,15019878,8187200,0,0,0,0,0,
600028.SH,600028,20251209,93418000,59500,0,0,2484,0,,,4921200,29310689,59700,59400,59600,59600,59600,59700,59800,59900,60000,60100,60200,60300,60400,60500,17600,124000,492100,539800,1184520,820200,934220,698000,285600,1008700,59500,59400,59300,59200,59100,59000,58900,58800,58700,58600,407800,190900,372200,476700,815800,1115400,553500,597300,306800,331100,61470,58250,15053378,8219800,0,0,0,0,0,
600028.SH,600028,20251209,93421000,59500,2300,13685,2488,0,,,4923500,29324374,59700,59400,59600,59600,59600,59700,59800,59900,60000,60100,60200,60300,60400,60500,26400,124000,472100,544800,1185120,820200,934220,698000,285600,1008700,59500,59400,59300,59200,59100,59000,58900,58800,58700,58600,405700,191200,372200,476700,815800,1115500,553500,597300,306800,331100,61470,58250,15048078,8218100,0,0,0,0,0,
600028.SH,600028,20251209,93424000,59600,10000,59600,2503,0,,,4933500,29383974,59700,59400,59600,59600,59600,59700,59800,59900,60000,60100,60200,60300,60400,60500,20300,124000,472200,544800,1185120,820200,934220,698000,285600,1008700,59500,59400,59300,59200,59100,59000,58900,58800,58700,58600,406400,191200,372200,476700,815800,1115500,553500,597300,306800,331100,61470,58250,15048178,8218800,0,0,0,0,0,
600028.SH,600028,20251209,93427000,59500,2100,12496,2508,0,,,4935600,29396470,59700,59400,59600,59600,59600,59700,59800,59900,60000,60100,60200,60300,60400,60500,22600,136000,515900,544800,1185220,820200,954220,698500,285600,1008700,59500,59400,59300,59200,59100,59000,58900,58800,58700,58600,406700,196800,383400,476700,815800,1116400,553500,597300,306800,331100,61460,58250,15174778,8237700,0,0,0,0,0,
600028.SH,600028,20251209,93430000,59500,1900,11316,2518,0,,,4937500,29407786,59700,59400,59600,59600,59600,59700,59800,59900,60000,60100,60200,60300,60400,60500,24100,136000,515900,544800,1191720,820200,954220,698500,285600,1008700,59500,59400,59300,59200,59100,59000,58900,58800,58700,58600,416400,196800,383400,478700,815800,1116400,553500,597800,306800,331100,61460,58250,15185878,8249900,0,0,0,0,0,
600028.SH,600028,20251209,93433000,59600,6100,36347,2531,0,,,4943600,29444133,59700,59400,59600,59600,59600,59700,59800,59900,60000,60100,60200,60300,60400,60500,22600,136000,515900,543800,1191720,820200,954220,698500,285600,1008700,59500,59400,59300,59200,59100,59000,58900,58800,58700,58600,417500,196800,383400,478700,815800,1117300,553500,597800,306800,331100,61460,58250,15183978,8251900,0,0,0,0,0,
600028.SH,600028,20251209,93436000,59600,40000,238385,2557,0,,,4983600,29682518,59700,59400,59600,59600,59600,59700,59800,59900,60000,60100,60200,60300,60400,60500,36900,159500,515900,553800,1191720,820200,954220,698500,285600,1010700,59500,59400,59300,59200,59100,59000,58900,58800,58700,58600,439800,197800,383400,478700,815800,1122300,553500,597800,306800,331100,61450,58260,15233978,8280200,0,0,0,0,0,
600028.SH,600028,20251209,93439000,59500,13800,82146,2572,0,,,4997400,29764664,59700,59400,59600,59600,59600,59700,59800,59900,60000,60100,60200,60300,60400,60500,61400,159500,517700,553800,1198320,801000,954220,698500,285600,1011500,59500,59400,59300,59200,59100,59000,58900,58800,58700,58600,430000,203100,383400,478700,815800,1122800,553500,597800,306800,331100,61450,58260,15254378,8276200,0,0,0,0,0,
600028.SH,600028,20251209,93442000,59600,5100,30381,2576,0,,,5002500,29795045,59700,59400,59600,59600,59600,59700,59800,59900,60000,60100,60200,60300,60400,60500,81400,160500,517700,553800,1198320,801600,954220,698500,285600,1011500,59500,59400,59300,59200,59100,59000,58900,58800,58700,58600,428500,203300,383400,478700,815800,1122800,558500,597800,306800,331100,61450,58260,15277978,8279900,0,0,0,0,0,
600028.SH,600028,20251209,93445000,59600,0,0,2576,0,,,5002500,29795045,59700,59400,59600,59600,59600,59700,59800,59900,60000,60100,60200,60300,60400,60500,86200,172600,517700,553800,1179120,822700,955220,698500,285600,1011500,59500,59400,59300,59200,59100,59000,58900,58800,58700,58600,430400,203300,383400,478700,815800,1122800,558500,597800,306800,331100,61450,58260,15298078,8281800,0,0,0,0,0,
600028.SH,600028,20251209,93448000,59500,200,1190,2578,0,,,5002700,29796235,59700,59400,59600,59600,59600,59700,59800,59900,60000,60100,60200,60300,60400,60500,275600,172600,517700,553800,1179120,822700,966320,698500,285600,1012500,59500,59400,59300,59200,59100,59000,58900,58800,58700,58600,434400,204300,383400,478700,815800,1123800,558500,597800,306800,331100,61420,58260,15502878,8287800,0,0,0,0,0,
600028.SH,600028,20251209,93451000,59500,4900,29155,2579,0,,,5007600,29825390,59700,59400,59600,59600,59600,59700,59800,59900,60000,60100,60200,60300,60400,60500,307400,172600,517700,553800,1179120,822700,968320,708500,285600,1012500,59500,59400,59300,59200,59100,59000,58900,58800,58700,58600,429500,204600,383400,478700,815800,1123800,558500,597800,308800,331100,61420,58260,15548878,8304200,0,0,0,0,0,
600028.SH,600028,20251209,93454000,59500,5900,35135,2587,0,,,5013500,29860525,59700,59400,59600,59600,59600,59700,59800,59900,60000,60100,60200,60300,60400,60500,119100,174600,517700,553800,1179120,822700,968320,708500,285600,1022100,59500,59400,59300,59200,59100,59000,58900,58800,58700,58600,426900,204600,383400,478700,815800,1123800,558500,597800,308800,331100,61440,58260,15391178,8303600,0,0,0,0,0,
600028.SH,600028,20251209,93457000,59600,5100,30396,2589,0,,,5018600,29890921,59700,59400,59600,59600,59600,59700,59800,59900,60000,60100,60200,60300,60400,60500,120900,213000,518000,551300,1179120,823000,968420,713000,285600,1022100,59500,59400,59300,59200,59100,59000,58900,58800,58700,58600,422500,202600,393400,478700,816300,1121300,558500,597800,308800,331100,61440,58260,15443578,8306200,0,0,0,0,0,
600028.SH,600028,20251209,93500000,59600,9500,56619,2591,0,,,5028100,29947540,59700,59400,59600,59600,59600,59700,59800,59900,60000,60100,60200,60300,60400,60500,126800,213000,518000,551300,1179120,826100,975420,713000,285600,1031800,59500,59400,59300,59200,59100,59000,58900,58800,58700,58600,421400,203600,393400,478700,816300,1121300,558800,597800,308800,331100,61430,58260,15480578,8308300,0,0,0,0,0,
600028.SH,600028,20251209,93503000,59500,4800,28561,2595,0,,,5032900,29976101,59700,59400,59600,59600,59600,59700,59800,59900,60000,60100,60200,60300,60400,60500,132900,213000,518000,551300,1179120,826100,975420,713000,285600,1031800,59500,59400,59300,59200,59100,59000,58900,58800,58700,58600,422700,203800,393400,478700,816300,1121300,558800,597800,308800,331100,61430,58260,15489578,8309800,0,0,0,0,0,
600028.SH,600028,20251209,93506000,59600,14500,86418,2609,0,,,5047400,30062519,59700,59400,59600,59600,59600,59700,59800,59900,60000,60100,60200,60300,60400,60500,206000,213000,518000,551300,1179120,826100,975420,713000,285600,1031800,59500,59400,59300,59200,59100,59000,58900,58800,58700,58600,432400,204800,393400,478700,816300,1121300,558800,597800,308800,331100,61420,58260,15564718,8320500,0,0,0,0,0,
600028.SH,600028,20251209,93509000,59500,442000,2629900,2710,0,,,5489400,32692419,59700,59400,59600,59600,59500,59600,59700,59800,59900,60000,60100,60200,60300,60400,81800,214400,213800,518000,550300,1177120,826700,975820,713000,285600,59400,59300,59200,59100,59000,58900,58800,58700,58600,58500,224400,393800,478700,816300,1123300,558800,597800,308800,331100,515900,61410,58190,15647818,7910100,0,0,0,0,0,
600028.SH,600028,20251209,93512000,59500,4200,24990,2714,0,,,5493600,32717409,59700,59400,59600,59600,59500,59600,59700,59800,59900,60000,60100,60200,60300,60400,97300,208700,213900,518000,550300,1177120,826700,978820,713000,285700,59400,59300,59200,59100,59000,58900,58800,58700,58600,58500,228500,393900,478700,815300,1123300,558800,597800,308800,331100,515900,61410,58190,15663418,7913800,0,0,0,0,0,
600028.SH,600028,20251209,93515000,59400,100,594,2715,0,,,5493700,32718003,59700,59400,59600,59600,59500,59600,59700,59800,59900,60000,60100,60200,60300,60400,105300,219600,214900,518000,550300,1177120,826700,978820,713000,285700,59400,59300,59200,59100,59000,58900,58800,58700,58600,58500,231700,394300,480700,815300,1123300,558800,597800,308800,331100,515900,61410,58190,15683318,7919400,0,0,0,0,0,
600028.SH,600028,20251209,93518000,59400,0,0,2715,0,,,5493700,32718003,59700,59400,59600,59600,59500,59600,59700,59800,59900,60000,60100,60200,60300,60400,112200,224800,216900,518000,550300,1177120,826700,978820,713000,285700,59400,59300,59200,59100,59000,58900,58800,58700,58600,58500,230100,392800,480700,815300,1123800,558800,597800,308800,331100,515900,61410,58190,15697418,7916800,0,0,0,0,0,
600028.SH,600028,20251209,93521000,59400,0,0,2715,0,,,5493700,32718003,59700,59400,59600,59600,59500,59600,59700,59800,59900,60000,60100,60200,60300,60400,127100,228500,218900,518000,534100,1177120,827700,980220,713000,285700,59400,59300,59200,59100,59000,58900,58800,58700,58600,58500,230100,392800,480700,816400,1124400,558800,597800,308800,331100,515900,61410,58190,15706718,7918500,0,0,0,0,0,
600028.SH,600028,20251209,93524000,59500,8000,47600,2716,0,,,5501700,32765603,59700,59400,59600,59600,59500,59600,59700,59800,59900,60000,60100,60200,60300,60400,139500,237300,221000,518000,541300,1177120,827700,980220,713000,285700,59400,59300,59200,59100,59000,58900,58800,58700,58600,58500,231500,392800,480700,819500,1124400,558800,597800,308800,331100,515900,61400,58190,15737718,7923500,0,0,0,0,0,
600028.SH,600028,20251209,93527000,59500,25400,151121,2718,0,,,5527100,32916724,59700,59400,59600,59600,59500,59600,59700,59800,59900,60000,60100,60200,60300,60400,149500,252300,221000,504800,541300,1177120,828700,978720,713000,285700,59400,59300,59200,59100,59000,58900,58800,58700,58600,58500,231600,396200,480700,829500,1126400,558800,597800,308800,331100,515900,61400,58200,15749018,7939000,0,0,0,0,0,
600028.SH,600028,20251209,93530000,59400,300,1782,2719,0,,,5527400,32918506,59700,59400,59600,59600,59500,59600,59700,59800,59900,60000,60100,60200,60300,60400,165000,243500,221000,503000,545300,1177120,828700,980520,713000,285700,59400,59300,59200,59100,59000,58900,58800,58700,58600,58500,268400,401800,480700,829500,1126400,558800,597800,308800,331100,515900,61400,58200,15761718,7981400,0,0,0,0,0,
600028.SH,600028,20251209,93533000,59400,5100,30344,2722,0,,,5532500,32948850,59700,59400,59600,59600,59500,59600,59700,59800,59900,60000,60100,60200,60300,60400,163700,243500,222500,503000,545300,1177120,828700,980520,713000,285700,59400,59300,59200,59100,59000,58900,58800,58700,58600,58500,278200,403800,480700,829500,1126400,558800,597800,308800,331100,515900,61400,58200,15767618,7993200,0,0,0,0,0,
600028.SH,600028,20251209,93536000,59500,5600,33265,2727,0,,,5538100,32982115,59700,59400,59600,59600,59500,59600,59700,59800,59900,60000,60100,60200,60300,60400,169000,243500,224600,503000,545300,1177120,828700,983520,714000,285700,59400,59300,59200,59100,59000,58900,58800,58700,58600,58500,282500,403800,481700,829500,1126400,562800,601800,308800,331100,515900,61400,58210,15779418,8006500,0,0,0,0,0,
600028.SH,600028,20251209,93539000,59500,0,0,2727,0,,,5538100,32982115,59700,59400,59600,59600,59500,59600,59700,59800,59900,60000,60100,60200,60300,60400,559600,243500,234600,503000,545300,1177120,828700,984020,716000,285700,59400,59300,59200,59100,59000,58900,58800,58700,58600,58500,257500,412200,481700,829500,1126400,562800,601800,296500,335100,515900,61360,58200,16206818,7991600,0,0,0,0,0,
600028.SH,600028,20251209,93542000,59400,277800,1649963,2852,0,,,5815900,34632078,59700,59300,59600,59600,59400,59500,59600,59700,59800,59900,60000,60100,60200,60300,139700,570100,363900,234600,502700,545300,1175320,828700,984020,716000,59300,59200,59100,59000,58900,58800,58700,58600,58500,58400,396600,482000,839200,1126400,562800,601800,296500,335100,515900,176800,61330,58160,16488518,7728500,0,0,0,0,0,
600028.SH,600028,20251209,93545000,59400,11500,68302,2856,0,,,5827400,34700380,59700,59300,59600,59600,59400,59500,59600,59700,59800,59900,60000,60100,60200,60300,124300,542500,359400,234600,502700,545300,1175520,831300,989020,716000,59300,59200,59100,59000,58900,58800,58700,58600,58500,58400,397300,485000,839200,1127400,562800,601800,296500,335100,515900,176800,61330,58160,16449318,7733200,0,0,0,0,0,
600028.SH,600028,20251209,93548000,59400,5300,31436,2865,0,,,5832700,34731816,59700,59300,59600,59600,59400,59500,59600,59700,59800,59900,60000,60100,60200,60300,136900,134500,459400,234600,502700,545300,1175520,831300,994020,716000,59300,59200,59100,59000,58900,58800,58700,58600,58500,58400,394300,485000,839200,1127400,562800,601800,296500,335100,515900,176800,61370,58160,16169718,7730200,0,0,0,0,0,
600028.SH,600028,20251209,93551000,59400,2100,12474,2870,0,,,5834800,34744290,59700,59300,59600,59600,59400,59500,59600,59700,59800,59900,60000,60100,60200,60300,125200,128200,459400,234600,506100,545300,1175520,831300,994020,719300,59300,59200,59100,59000,58900,58800,58700,58600,58500,58400,386300,485000,873000,1127400,572800,601800,296500,335100,515900,176800,61370,58160,16148418,7766600,0,0,0,0,0,
600028.SH,600028,20251209,93554000,59300,200,1187,2872,0,,,5835000,34745477,59700,59300,59600,59600,59400,59500,59600,59700,59800,59900,60000,60100,60200,60300,111100,126400,484400,239600,506100,545300,1175520,831300,994020,719300,59300,59200,59100,59000,58900,58800,58700,58600,58500,58400,396800,485000,873000,1156100,572800,601800,296500,335100,516900,176800,61370,58170,16152518,7806800,0,0,0,0,0,
600028.SH,600028,20251209,93557000,59300,6800,40332,2878,0,,,5841800,34785809,59700,59300,59600,59600,59400,59500,59600,59700,59800,59900,60000,60100,60200,60300,122500,126400,484400,239600,506100,545300,1175520,831300,994020,719300,59300,59200,59100,59000,58900,58800,58700,58600,58500,58400,440000,485600,873000,1192100,572800,601800,296500,335100,516900,176800,61360,58180,16163918,7888100,0,0,0,0,0,
600028.SH,600028,20251209,93600000,59400,75100,445904,2916,0,,,5916900,35231713,59700,59300,59600,59600,59400,59500,59600,59700,59800,59900,60000,60100,60200,60300,36800,136500,504200,239500,506100,545300,1176020,831300,994020,719300,59300,59200,59100,59000,58900,58800,58700,58600,58500,58400,546300,485600,873000,1192100,572800,606800,296500,335100,516900,176800,61370,58190,16114018,8001300,0,0,0,0,0,
600028.SH,600028,20251209,93603000,59400,104000,617852,2996,0,,,6020900,35849565,59700,59300,59600,59600,59500,59600,59700,59800,59900,60000,60100,60200,60300,60400,146600,504200,240000,462400,545300,1176020,831300,906720,719300,285700,59400,59300,59200,59100,59000,58900,58800,58700,58600,58500,36300,549700,485900,873000,1192100,573000,605800,296500,335100,516900,61390,58200,15957818,8040500,0,0,0,0,0,
600028.SH,600028,20251209,93606000,59400,10900,64768,3015,0,,,6031800,35914333,59700,59300,59600,59600,59500,59600,59700,59800,59900,60000,60100,60200,60300,60400,150900,502700,240000,472400,545300,1176020,831300,906720,719300,285700,59400,59300,59200,59100,59000,58900,58800,58700,58600,58500,98800,516700,499300,877000,1183600,570000,602800,293500,332100,516900,61390,58200,15993458,8066900,0,0,0,0,0,
600028.SH,600028,20251209,93609000,59400,8100,48114,3043,0,,,6039900,35962447,59700,59300,59600,59600,59500,59600,59700,59800,59900,60000,60100,60200,60300,60400,172300,502700,240000,462400,545300,1176020,831300,906720,719300,285700,59400,59300,59200,59100,59000,58900,58800,58700,58600,58500,44200,514300,504300,877000,1184400,570000,602800,293500,332100,516900,61390,58190,16013858,8021700,0,0,0,0,0,
600028.SH,600028,20251209,93612000,59400,16700,99198,3072,0,,,6056600,36061645,59700,59300,59600,59600,59500,59600,59700,59800,59900,60000,60100,60200,60300,60400,165800,502700,240000,462400,545300,1176420,831300,906720,719300,285700,59400,59300,59200,59100,59000,58900,58800,58700,58600,58500,68100,515100,504400,882000,1184500,570000,602800,293500,332100,516900,61390,58200,16007858,8051600,0,0,0,0,0,
600028.SH,600028,20251209,93615000,59400,36300,215622,3087,0,,,6092900,36277267,59700,59300,59600,59600,59500,59600,59700,59800,59900,60000,60100,60200,60300,60400,190000,502700,237600,462400,545300,1176420,831300,906720,719300,290700,59400,59300,59200,59100,59000,58900,58800,58700,58600,58500,43500,516400,474400,883000,1184600,570000,602800,293500,332100,516900,61380,58190,16034658,8001400,0,0,0,0,0,
600028.SH,600028,20251209,93618000,59400,0,0,3087,0,,,6092900,36277267,59700,59300,59600,59600,59500,59600,59700,59800,59900,60000,60100,60200,60300,60400,194800,648700,247600,462400,545300,1176420,831300,906720,719300,290700,59400,59300,59200,59100,59000,58900,58800,58700,58600,58500,80900,536600,470400,888000,1187400,570000,602800,293500,332100,516900,61370,58200,16200758,8062800,0,0,0,0,0,
600028.SH,600028,20251209,93621000,59400,27200,161568,3090,0,,,6120100,36438835,59700,59300,59600,59600,59500,59600,59700,59800,59900,60000,60100,60200,60300,60400,189100,648700,247600,462400,545300,1178820,831300,906720,719300,290700,59400,59300,59200,59100,59000,58900,58800,58700,58600,58500,13300,536700,470700,888000,1188400,570000,602900,293500,332100,516900,61370,58190,16197558,7996700,0,0,0,0,0,
600028.SH,600028,20251209,93624000,59400,3300,19603,3095,0,,,6123400,36458438,59700,59300,59600,59600,59500,59600,59700,59800,59900,60000,60100,60200,60300,60400,202600,668700,247600,462400,545300,1178820,831300,908320,719300,290700,59400,59300,59200,59100,59000,58900,58800,58700,58600,58500,25100,541200,470700,888000,1188400,570000,602900,293500,332100,516900,61360,58190,16232758,8013300,0,0,0,0,0,
600028.SH,600028,20251209,93627000,59400,9500,56430,3107,0,,,6132900,36514868,59700,59300,59600,59600,59500,59600,59700,59800,59900,60000,60100,60200,60300,60400,190000,668700,252600,462400,545300,1180820,831300,908320,724300,290700,59400,59300,59200,59100,59000,58900,58800,58700,58600,58500,17600,547000,470700,938000,1188400,570000,603900,293500,332100,516900,61360,58200,16233758,8062600,0,0,0,0,0,
600028.SH,600028,20251209,93630000,59500,5000,29750,3108,0,,,6137900,36544618,59700,59300,59600,59600,59500,59600,59700,59800,59900,60000,60100,60200,60300,60400,192900,668700,253600,462400,545300,1180820,831300,909020,724300,290700,59400,59300,59200,59100,59000,58900,58800,58700,58600,58500,37300,548000,468400,938000,1188400,570000,603900,293500,332100,516900,61360,58200,16238358,8081000,0,0,0,0,0,
600028.SH,600028,20251209,93633000,59400,17100,101574,3126,0,,,6155000,36646192,59700,59300,59600,59600,59500,59600,59700,59800,59900,60000,60100,60200,60300,60400,192500,668700,255600,462400,545300,1180820,831300,909020,724300,290700,59400,59300,59200,59100,59000,58900,58800,58700,58600,58500,34900,559800,468400,938000,1188400,570000,603900,293500,332100,516900,61360,58200,16261558,8090400,0,0,0,0,0,
600028.SH,600028,20251209,93636000,59400,0,0,3126,0,,,6155000,36646192,59700,59300,59600,59600,59500,59600,59700,59800,59900,60000,60100,60200,60300,60400,216000,668700,255600,462400,545300,1180820,831300,909020,724300,292600,59400,59300,59200,59100,59000,58900,58800,58700,58600,58500,35600,559800,469000,938000,1188400,570000,603900,293500,332200,516900,61360,58200,16286958,8092300,0,0,0,0,0,
600028.SH,600028,20251209,93639000,59500,100,595,3127,0,,,6155100,36646787,59700,59300,59600,59600,59500,59600,59700,59800,59900,60000,60100,60200,60300,60400,219400,668700,255600,460600,545300,1180820,831300,909020,724300,292600,59400,59300,59200,59100,59000,58900,58800,58700,58600,58500,37200,568800,469000,937000,1189400,570000,603900,293500,332200,516900,61360,58200,16288558,8102900,0,0,0,0,0,
600028.SH,600028,20251209,93642000,59400,2400,14258,3135,0,,,6157500,36661045,59700,59300,59600,59600,59500,59600,59700,59800,59900,60000,60100,60200,60300,60400,284000,674000,255600,460600,545300,1180820,831300,908820,724300,292600,59400,59300,59200,59100,59000,58900,58800,58700,58600,58500,35000,568800,479000,937000,1200400,570000,603900,293500,332200,516900,61350,58200,16374858,8121700,0,0,0,0,0,
600028.SH,600028,20251209,93645000,59400,64100,380754,3161,0,,,6221600,37041799,59700,59300,59600,59600,59400,59500,59600,59700,59800,59900,60000,60100,60200,60300,13900,265700,674000,311400,465600,545300,1180820,831300,908820,725400,59300,59200,59100,59000,58900,58800,58700,58600,58500,58400,578800,479000,937000,1200400,570000,609900,293500,332200,516900,178800,61350,58200,16435358,8102700,0,0,0,0,0,
600028.SH,600028,20251209,93648000,59400,8100,48113,3176,0,,,6229700,37089912,59700,59300,59600,59600,59400,59500,59600,59700,59800,59900,60000,60100,60200,60300,26400,245800,684000,311100,465600,545300,1180820,831300,908820,725400,59300,59200,59100,59000,58900,58800,58700,58600,58500,58400,578900,479000,937000,1200500,570000,609900,293500,332200,516900,178800,61350,58200,16440338,8102900,0,0,0,0,0,
600028.SH,600028,20251209,93651000,59400,1300,7722,3182,0,,,6231000,37097634,59700,59300,59600,59600,59400,59500,59600,59700,59800,59900,60000,60100,60200,60300,127400,245800,685800,311100,467000,545300,1181220,831300,908820,725400,59300,59200,59100,59000,58900,58800,58700,58600,58500,58400,579200,479000,937000,1210500,570000,609900,293500,332200,519400,179800,61330,58200,16546038,8116700,0,0,0,0,0,
600028.SH,600028,20251209,93654000,59300,5000,29650,3184,0,,,6236000,37127284,59700,59300,59600,59600,59400,59500,59600,59700,59800,59900,60000,60100,60200,60300,135900,242600,685800,315800,467000,545300,1183220,831300,908820,725400,59300,59200,59100,59000,58900,58800,58700,58600,58500,58400,540200,479000,939000,1220500,570000,609900,293500,332200,519400,182800,61330,58200,16558038,8092700,0,0,0,0,0,
600028.SH,600028,20251209,93657000,59300,600,3558,3185,0,,,6236600,37130842,59700,59300,59600,59600,59400,59500,59600,59700,59800,59900,60000,60100,60200,60300,201200,178800,685600,315800,467000,545300,1184920,831300,908820,725400,59300,59200,59100,59000,58900,58800,58700,58600,58500,58400,529400,462800,939000,1250500,570000,609900,293500,332200,519400,182800,61330,58200,16561038,8095700,0,0,0,0,0,
600028.SH,600028,20251209,93700000,59300,2500,14838,3193,0,,,6239100,37145680,59700,59300,59600,59600,59400,59500,59600,59700,59800,59900,60000,60100,60200,60300,286100,173700,687500,315800,467000,545300,1184920,831300,908820,725500,59300,59200,59100,59000,58900,58800,58700,58600,58500,58400,524200,462800,940000,1252600,570000,609900,293500,332200,519400,182800,61330,58200,16662838,8093600,0,0,0,0,0,
600028.SH,600028,20251209,93703000,59300,370000,2194100,3415,0,,,6609100,39339780,59700,59300,59600,59600,59400,59500,59600,59700,59800,59900,60000,60100,60200,60300,340100,172900,688000,316000,468300,545200,1184920,830600,908820,725200,59300,59200,59100,59000,58900,58800,58700,58600,58500,58400,159000,463600,929400,1253100,586700,610200,293900,332200,519400,182800,61320,58140,16718638,7736500,0,0,0,0,0,
600028.SH,600028,20251209,93706000,59300,33000,195690,3430,0,,,6642100,39535470,59700,59300,59600,59600,59400,59500,59600,59700,59800,59900,60000,60100,60200,60300,388000,171300,659400,316000,468300,545200,1187020,836600,908820,725200,59300,59200,59100,59000,58900,58800,58700,58600,58500,58400,121100,464800,929900,1255100,586700,610200,293900,332200,519400,182800,61320,58140,16745438,7702300,0,0,0,0,0,
600028.SH,600028,20251209,93709000,59300,30200,179091,3466,0,,,6672300,39714561,59700,59300,59600,59600,59400,59500,59600,59700,59800,59900,60000,60100,60200,60300,392400,186700,659400,316000,468300,545200,1194020,836600,908820,725200,59300,59200,59100,59000,58900,58800,58700,58600,58500,58400,94000,464800,901600,1255100,586700,610200,293900,332200,519400,182800,61320,58130,16791238,7646900,0,0,0,0,0,
600028.SH,600028,20251209,93712000,59300,31400,186202,3493,0,,,6703700,39900763,59700,59300,59600,59600,59400,59500,59600,59700,59800,59900,60000,60100,60200,60300,395200,186700,667600,316000,468300,545200,1194520,836600,939020,725200,59300,59200,59100,59000,58900,58800,58700,58600,58500,58400,62600,466700,914000,1255100,586700,610200,293900,332200,519400,182800,61310,58130,16833438,7629800,0,0,0,0,0,
600028.SH,600028,20251209,93715000,59200,77700,460654,3530,0,,,6781400,40361417,59700,59200,59600,59600,59300,59400,59500,59600,59700,59800,59900,60000,60100,60200,38900,403200,171900,667600,314100,468300,545200,1204520,836600,937820,59200,59100,59000,58900,58800,58700,58600,58500,58400,58300,541900,926700,1255100,586700,610200,293900,332200,519400,182800,120800,61310,58130,16880938,7655100,0,0,0,0,0,
