万得代码,交易所代码,自然日,时间,成交价,成交量,成交额,成交笔数,IOPV,成交标志,BS标志,当日累计成交量,当日成交额,最高价,最低价,开盘价,前收盘,申卖价1,申卖价2,申卖价3,申卖价4,申卖价5,申卖价6,申卖价7,申卖价8,申卖价9,申卖价10,申卖量1,申卖量2,申卖量3,申卖量4,申卖量5,申卖量6,申卖量7,申卖量8,申卖量9,申卖量10,申买价1,申买价2,申买价3,申买价4,申买价5,申买价6,申买价7,申买价8,申买价9,申买价10,申买量1,申买量2,申买量3,申买量4,申买量5,申买量6,申买量7,申买量8,申买量9,申买量10,加权平均叫卖价,加权平均叫买价,叫卖总量,叫买总量,不加权指数,品种总数,上涨品种数,下跌品种数,持平品种数,
600008.SH,600008,20251209,84517000,0,0,0,0,0,,,0,0,0,0,0,30300,0,0,0,0,0,0,0,0,0,0,0,0,0,0,0,0,0,0,0,0,0,0,0,0,0,0,0,0,0,0,0,0,0,0,0,0,0,0,0,0,0,0,0,0,0,0,0,0,0,
600008.SH,600008,20251209,91402000,0,0,0,0,0,,,0,0,0,0,0,30300,0,0,0,0,0,0,0,0,0,0,0,0,0,0,0,0,0,0,0,0,0,0,0,0,0,0,0,0,0,0,0,0,0,0,0,0,0,0,0,0,0,0,0,0,0,0,0,0,0,
600008.SH,600008,20251209,91502000,0,0,0,0,0,,,0,0,0,0,0,30300,30200,0,0,0,0,0,0,0,0,0,4800,0,0,0,0,0,0,0,0,0,30200,0,0,0,0,0,0,0,0,0,4800,3711300,0,0,0,0,0,0,0,0,30580,30090,15186400,13926500,0,0,0,0,0,
600008.SH,600008,20251209,91505000,0,0,0,0,0,,,0,0,0,0,0,30300,30300,0,0,0,0,0,0,0,0,0,7600,2129200,0,0,0,0,0,0,0,0,30300,0,0,0,0,0,0,0,0,0,7600,0,0,0,0,0,0,0,0,0,30690,29980,22708600,18912600,0,0,0,0,0,
600008.SH,600008,20251209,91508000,0,0,0,0,0,,,0,0,0,0,0,30300,30300,0,0,0,0,0,0,0,0,0,7600,2189600,0,0,0,0,0,0,0,0,30300,0,0,0,0,0,0,0,0,0,7600,0,0,0,0,0,0,0,0,0,30720,29990,25785720,21211700,0,0,0,0,0,
600008.SH,600008,20251209,91511000,0,0,0,0,0,,,0,0,0,0,0,30300,30200,0,0,0,0,0,0,0,0,0,13500,0,0,0,0,0,0,0,0,0,30200,0,0,0,0,0,0,0,0,0,13500,6214100,0,0,0,0,0,0,0,0,30720,29940,28292460,22190400,0,0,0,0,0,
600008.SH,600008,20251209,91514000,0,0,0,0,0,,,0,0,0,0,0,30300,30200,0,0,0,0,0,0,0,0,0,13500,0,0,0,0,0,0,0,0,0,30200,0,0,0,0,0,0,0,0,0,13500,6293900,0,0,0,0,0,0,0,0,30720,29940,30109660,22887100,0,0,0,0,0,
600008.SH,600008,20251209,91517000,0,0,0,0,0,,,0,0,0,0,0,30300,30300,0,0,0,0,0,0,0,0,0,15300,2189900,0,0,0,0,0,0,0,0,30300,0,0,0,0,0,0,0,0,0,15300,0,0,0,0,0,0,0,0,0,30730,29940,31580210,24011500,0,0,0,0,0,
600008.SH,600008,20251209,91520000,0,0,0,0,0,,,0,0,0,0,0,30300,30300,0,0,0,0,0,0,0,0,0,25300,2191500,0,0,0,0,0,0,0,0,30300,0,0,0,0,0,0,0,0,0,25300,0,0,0,0,0,0,0,0,0,30740,29940,32107510,24449600,0,0,0,0,0,
600008.SH,600008,20251209,91523000,0,0,0,0,0,,,0,0,0,0,0,30300,30300,0,0,0,0,0,0,0,0,0,25300,2192600,0,0,0,0,0,0,0,0,30300,0,0,0,0,0,0,0,0,0,25300,0,0,0,0,0,0,0,0,0,30750,29940,32580610,24655200,0,0,0,0,0,
600008.SH,600008,20251209,91526000,0,0,0,0,0,,,0,0,0,0,0,30300,30300,0,0,0,0,0,0,0,0,0,25300,2192600,0,0,0,0,0,0,0,0,30300,0,0,0,0,0,0,0,0,0,25300,0,0,0,0,0,0,0,0,0,30760,29940,32615910,24682500,0,0,0,0,0,
600008.SH,600008,20251209,91529000,0,0,0,0,0,,,0,0,0,0,0,30300,30300,0,0,0,0,0,0,0,0,0,32200,2185700,0,0,0,0,0,0,0,0,30300,0,0,0,0,0,0,0,0,0,32200,0,0,0,0,0,0,0,0,0,30760,29940,32622110,24690500,0,0,0,0,0,
600008.SH,600008,20251209,91532000,0,0,0,0,0,,,0,0,0,0,0,30300,30300,0,0,0,0,0,0,0,0,0,32200,2185700,0,0,0,0,0,0,0,0,30300,0,0,0,0,0,0,0,0,0,32200,0,0,0,0,0,0,0,0,0,30760,29940,32673610,24695800,0,0,0,0,0,
600008.SH,600008,20251209,91535000,0,0,0,0,0,,,0,0,0,0,0,30300,30300,0,0,0,0,0,0,0,0,0,32200,2185700,0,0,0,0,0,0,0,0,30300,0,0,0,0,0,0,0,0,0,32200,0,0,0,0,0,0,0,0,0,30760,29940,32773210,24706500,0,0,0,0,0,
600008.SH,600008,20251209,91538000,0,0,0,0,0,,,0,0,0,0,0,30300,30300,0,0,0,0,0,0,0,0,0,32200,2185700,0,0,0,0,0,0,0,0,30300,0,0,0,0,0,0,0,0,0,32200,0,0,0,0,0,0,0,0,0,30760,29940,32777210,24706500,0,0,0,0,0,
600008.SH,600008,20251209,91541000,0,0,0,0,0,,,0,0,0,0,0,30300,30300,0,0,0,0,0,0,0,0,0,25300,2192600,0,0,0,0,0,0,0,0,30300,0,0,0,0,0,0,0,0,0,25300,0,0,0,0,0,0,0,0,0,30760,29940,32777510,24719900,0,0,0,0,0,
600008.SH,600008,20251209,91544000,0,0,0,0,0,,,0,0,0,0,0,30300,30300,0,0,0,0,0,0,0,0,0,25300,2192600,0,0,0,0,0,0,0,0,30300,0,0,0,0,0,0,0,0,0,25300,0,0,0,0,0,0,0,0,0,30760,29940,32777710,24720100,0,0,0,0,0,
600008.SH,600008,20251209,91547000,0,0,0,0,0,,,0,0,0,0,0,30300,30300,0,0,0,0,0,0,0,0,0,18400,2199500,0,0,0,0,0,0,0,0,30300,0,0,0,0,0,0,0,0,0,18400,0,0,0,0,0,0,0,0,0,30760,29940,32778710,24713200,0,0,0,0,0,
600008.SH,600008,20251209,91550000,0,0,0,0,0,,,0,0,0,0,0,30300,30300,0,0,0,0,0,0,0,0,0,18400,2199500,0,0,0,0,0,0,0,0,30300,0,0,0,0,0,0,0,0,0,18400,0,0,0,0,0,0,0,0,0,30760,29940,32792310,24723600,0,0,0,0,0,
600008.SH,600008,20251209,91553000,0,0,0,0,0,,,0,0,0,0,0,30300,30300,0,0,0,0,0,0,0,0,0,18400,2199500,0,0,0,0,0,0,0,0,30300,0,0,0,0,0,0,0,0,0,18400,0,0,0,0,0,0,0,0,0,30760,29940,32803110,24733900,0,0,0,0,0,
600008.SH,600008,20251209,91556000,0,0,0,0,0,,,0,0,0,0,0,30300,30300,0,0,0,0,0,0,0,0,0,18400,2199500,0,0,0,0,0,0,0,0,30300,0,0,0,0,0,0,0,0,0,18400,0,0,0,0,0,0,0,0,0,30760,29940,32900110,24734900,0,0,0,0,0,
600008.SH,600008,20251209,91559000,0,0,0,0,0,,,0,0,0,0,0,30300,30300,0,0,0,0,0,0,0,0,0,18400,2199500,0,0,0,0,0,0,0,0,30300,0,0,0,0,0,0,0,0,0,18400,0,0,0,0,0,0,0,0,0,30760,29940,32902710,24737500,0,0,0,0,0,
600008.SH,600008,20251209,91602000,0,0,0,0,0,,,0,0,0,0,0,30300,30300,0,0,0,0,0,0,0,0,0,18400,2199500,0,0,0,0,0,0,0,0,30300,0,0,0,0,0,0,0,0,0,18400,0,0,0,0,0,0,0,0,0,30760,29940,32904710,24739900,0,0,0,0,0,
600008.SH,600008,20251209,91605000,0,0,0,0,0,,,0,0,0,0,0,30300,30300,0,0,0,0,0,0,0,0,0,18400,2199500,0,0,0,0,0,0,0,0,30300,0,0,0,0,0,0,0,0,0,18400,0,0,0,0,0,0,0,0,0,30760,29940,32947210,24763700,0,0,0,0,0,
600008.SH,600008,20251209,91608000,0,0,0,0,0,,,0,0,0,0,0,30300,30300,0,0,0,0,0,0,0,0,0,18400,2199500,0,0,0,0,0,0,0,0,30300,0,0,0,0,0,0,0,0,0,18400,0,0,0,0,0,0,0,0,0,30760,29940,32962610,24778700,0,0,0,0,0,
600008.SH,600008,20251209,91611000,0,0,0,0,0,,,0,0,0,0,0,30300,30300,0,0,0,0,0,0,0,0,0,18400,2199500,0,0,0,0,0,0,0,0,30300,0,0,0,0,0,0,0,0,0,18400,0,0,0,0,0,0,0,0,0,30760,29940,32975810,24779500,0,0,0,0,0,
600008.SH,600008,20251209,91614000,0,0,0,0,0,,,0,0,0,0,0,30300,30300,0,0,0,0,0,0,0,0,0,18400,2199500,0,0,0,0,0,0,0,0,30300,0,0,0,0,0,0,0,0,0,18400,0,0,0,0,0,0,0,0,0,30760,29940,32975810,24829500,0,0,0,0,0,
600008.SH,600008,20251209,91617000,0,0,0,0,0,,,0,0,0,0,0,30300,30300,0,0,0,0,0,0,0,0,0,18400,2199500,0,0,0,0,0,0,0,0,30300,0,0,0,0,0,0,0,0,0,18400,0,0,0,0,0,0,0,0,0,30760,29940,32992710,24829500,0,0,0,0,0,
600008.SH,600008,20251209,91620000,0,0,0,0,0,,,0,0,0,0,0,30300,30300,0,0,0,0,0,0,0,0,0,18400,2199500,0,0,0,0,0,0,0,0,30300,0,0,0,0,0,0,0,0,0,18400,0,0,0,0,0,0,0,0,0,30760,29940,32974410,24833200,0,0,0,0,0,
600008.SH,600008,20251209,91626000,0,0,0,0,0,,,0,0,0,0,0,30300,30300,0,0,0,0,0,0,0,0,0,18400,2229500,0,0,0,0,0,0,0,0,30300,0,0,0,0,0,0,0,0,0,18400,0,0,0,0,0,0,0,0,0,30760,29940,33004410,24857000,0,0,0,0,0,
600008.SH,600008,20251209,91629000,0,0,0,0,0,,,0,0,0,0,0,30300,30300,0,0,0,0,0,0,0,0,0,18400,2229500,0,0,0,0,0,0,0,0,30300,0,0,0,0,0,0,0,0,0,18400,0,0,0,0,0,0,0,0,0,30760,29940,33010410,24857000,0,0,0,0,0,
600008.SH,600008,20251209,91632000,0,0,0,0,0,,,0,0,0,0,0,30300,30300,0,0,0,0,0,0,0,0,0,18400,2229500,0,0,0,0,0,0,0,0,30300,0,0,0,0,0,0,0,0,0,18400,0,0,0,0,0,0,0,0,0,30760,29940,33010410,24869600,0,0,0,0,0,
600008.SH,600008,20251209,91635000,0,0,0,0,0,,,0,0,0,0,0,30300,30300,0,0,0,0,0,0,0,0,0,18400,2229500,0,0,0,0,0,0,0,0,30300,0,0,0,0,0,0,0,0,0,18400,0,0,0,0,0,0,0,0,0,30760,29940,33010410,24870600,0,0,0,0,0,
600008.SH,600008,20251209,91638000,0,0,0,0,0,,,0,0,0,0,0,30300,30300,0,0,0,0,0,0,0,0,0,18400,2229500,0,0,0,0,0,0,0,0,30300,0,0,0,0,0,0,0,0,0,18400,0,0,0,0,0,0,0,0,0,30750,29940,33557510,24870600,0,0,0,0,0,
600008.SH,600008,20251209,91641000,0,0,0,0,0,,,0,0,0,0,0,30300,30300,0,0,0,0,0,0,0,0,0,18400,2229500,0,0,0,0,0,0,0,0,30300,0,0,0,0,0,0,0,0,0,18400,0,0,0,0,0,0,0,0,0,30750,29940,33573510,24891900,0,0,0,0,0,
600008.SH,600008,20251209,91644000,0,0,0,0,0,,,0,0,0,0,0,30300,30300,0,0,0,0,0,0,0,0,0,18400,2229500,0,0,0,0,0,0,0,0,30300,0,0,0,0,0,0,0,0,0,18400,0,0,0,0,0,0,0,0,0,30750,29940,33599210,24912400,0,0,0,0,0,
600008.SH,600008,20251209,91647000,0,0,0,0,0,,,0,0,0,0,0,30300,30300,0,0,0,0,0,0,0,0,0,18400,2229500,0,0,0,0,0,0,0,0,30300,0,0,0,0,0,0,0,0,0,18400,0,0,0,0,0,0,0,0,0,30750,29940,33600910,24912400,0,0,0,0,0,
600008.SH,600008,20251209,91650000,0,0,0,0,0,,,0,0,0,0,0,30300,30300,0,0,0,0,0,0,0,0,0,18400,2229500,0,0,0,0,0,0,0,0,30300,0,0,0,0,0,0,0,0,0,18400,0,0,0,0,0,0,0,0,0,30750,29940,33600910,24915400,0,0,0,0,0,
600008.SH,600008,20251209,91653000,0,0,0,0,0,,,0,0,0,0,0,30300,30300,0,0,0,0,0,0,0,0,0,18400,2229500,0,0,0,0,0,0,0,0,30300,0,0,0,0,0,0,0,0,0,18400,0,0,0,0,0,0,0,0,0,30750,29940,33610910,24915400,0,0,0,0,0,
600008.SH,600008,20251209,91656000,0,0,0,0,0,,,0,0,0,0,0,30300,30300,0,0,0,0,0,0,0,0,0,18400,2229500,0,0,0,0,0,0,0,0,30300,0,0,0,0,0,0,0,0,0,18400,0,0,0,0,0,0,0,0,0,30750,29940,33603310,25015400,0,0,0,0,0,
600008.SH,600008,20251209,91659000,0,0,0,0,0,,,0,0,0,0,0,30300,30200,0,0,0,0,0,0,0,0,0,97300,0,0,0,0,0,0,0,0,0,30200,0,0,0,0,0,0,0,0,0,97300,6810200,0,0,0,0,0,0,0,0,30750,29940,33792310,25016000,0,0,0,0,0,
600008.SH,600008,20251209,91702000,0,0,0,0,0,,,0,0,0,0,0,30300,30200,0,0,0,0,0,0,0,0,0,97300,0,0,0,0,0,0,0,0,0,30200,0,0,0,0,0,0,0,0,0,97300,6820200,0,0,0,0,0,0,0,0,30750,29940,33823010,25026000,0,0,0,0,0,
600008.SH,600008,20251209,91705000,0,0,0,0,0,,,0,0,0,0,0,30300,30200,0,0,0,0,0,0,0,0,0,97300,0,0,0,0,0,0,0,0,0,30200,0,0,0,0,0,0,0,0,0,97300,6820200,0,0,0,0,0,0,0,0,30750,29940,33826610,25026000,0,0,0,0,0,
600008.SH,600008,20251209,91708000,0,0,0,0,0,,,0,0,0,0,0,30300,30200,0,0,0,0,0,0,0,0,0,97300,0,0,0,0,0,0,0,0,0,30200,0,0,0,0,0,0,0,0,0,97300,6820200,0,0,0,0,0,0,0,0,30750,29940,33841610,25026000,0,0,0,0,0,
600008.SH,600008,20251209,91711000,0,0,0,0,0,,,0,0,0,0,0,30300,30200,0,0,0,0,0,0,0,0,0,97500,0,0,0,0,0,0,0,0,0,30200,0,0,0,0,0,0,0,0,0,97500,6800000,0,0,0,0,0,0,0,0,30750,29940,33841810,25006000,0,0,0,0,0,
600008.SH,600008,20251209,91714000,0,0,0,0,0,,,0,0,0,0,0,30300,30200,0,0,0,0,0,0,0,0,0,97500,0,0,0,0,0,0,0,0,0,30200,0,0,0,0,0,0,0,0,0,97500,6800000,0,0,0,0,0,0,0,0,30750,29940,33844010,25060000,0,0,0,0,0,
600008.SH,600008,20251209,91717000,0,0,0,0,0,,,0,0,0,0,0,30300,30200,0,0,0,0,0,0,0,0,0,97500,0,0,0,0,0,0,0,0,0,30200,0,0,0,0,0,0,0,0,0,97500,6800000,0,0,0,0,0,0,0,0,30750,29940,33844010,25070000,0,0,0,0,0,
600008.SH,600008,20251209,91720000,0,0,0,0,0,,,0,0,0,0,0,30300,30200,0,0,0,0,0,0,0,0,0,97500,0,0,0,0,0,0,0,0,0,30200,0,0,0,0,0,0,0,0,0,97500,6878900,0,0,0,0,0,0,0,0,30750,29940,33844010,25115900,0,0,0,0,0,
600008.SH,600008,20251209,91723000,0,0,0,0,0,,,0,0,0,0,0,30300,30200,0,0,0,0,0,0,0,0,0,99400,0,0,0,0,0,0,0,0,0,30200,0,0,0,0,0,0,0,0,0,99400,6877000,0,0,0,0,0,0,0,0,30750,29940,33865510,25124900,0,0,0,0,0,
600008.SH,600008,20251209,91726000,0,0,0,0,0,,,0,0,0,0,0,30300,30200,0,0,0,0,0,0,0,0,0,99400,0,0,0,0,0,0,0,0,0,30200,0,0,0,0,0,0,0,0,0,99400,6898100,0,0,0,0,0,0,0,0,30750,29940,33875510,25146000,0,0,0,0,0,
600008.SH,600008,20251209,91729000,0,0,0,0,0,,,0,0,0,0,0,30300,30200,0,0,0,0,0,0,0,0,0,99400,0,0,0,0,0,0,0,0,0,30200,0,0,0,0,0,0,0,0,0,99400,6898100,0,0,0,0,0,0,0,0,30750,29940,33879310,25152000,0,0,0,0,0,
600008.SH,600008,20251209,91732000,0,0,0,0,0,,,0,0,0,0,0,30300,30200,0,0,0,0,0,0,0,0,0,99400,0,0,0,0,0,0,0,0,0,30200,0,0,0,0,0,0,0,0,0,99400,6898100,0,0,0,0,0,0,0,0,30750,29940,33912310,25152000,0,0,0,0,0,
600008.SH,600008,20251209,91735000,0,0,0,0,0,,,0,0,0,0,0,30300,30200,0,0,0,0,0,0,0,0,0,99400,0,0,0,0,0,0,0,0,0,30200,0,0,0,0,0,0,0,0,0,99400,6901100,0,0,0,0,0,0,0,0,30750,29940,33912310,25156000,0,0,0,0,0,
600008.SH,600008,20251209,91738000,0,0,0,0,0,,,0,0,0,0,0,30300,30200,0,0,0,0,0,0,0,0,0,99400,0,0,0,0,0,0,0,0,0,30200,0,0,0,0,0,0,0,0,0,99400,6901100,0,0,0,0,0,0,0,0,30750,29940,33924310,25156500,0,0,0,0,0,
600008.SH,600008,20251209,91741000,0,0,0,0,0,,,0,0,0,0,0,30300,30300,0,0,0,0,0,0,0,0,0,104300,2245900,0,0,0,0,0,0,0,0,30300,0,0,0,0,0,0,0,0,0,104300,0,0,0,0,0,0,0,0,0,30750,29940,33924310,25180600,0,0,0,0,0,
600008.SH,600008,20251209,91744000,0,0,0,0,0,,,0,0,0,0,0,30300,30300,0,0,0,0,0,0,0,0,0,104300,2245900,0,0,0,0,0,0,0,0,30300,0,0,0,0,0,0,0,0,0,104300,0,0,0,0,0,0,0,0,0,30750,29940,33965410,25170500,0,0,0,0,0,
600008.SH,600008,20251209,91747000,0,0,0,0,0,,,0,0,0,0,0,30300,30300,0,0,0,0,0,0,0,0,0,104300,2245900,0,0,0,0,0,0,0,0,30300,0,0,0,0,0,0,0,0,0,104300,0,0,0,0,0,0,0,0,0,30750,29940,33969710,25190500,0,0,0,0,0,
600008.SH,600008,20251209,91750000,0,0,0,0,0,,,0,0,0,0,0,30300,30300,0,0,0,0,0,0,0,0,0,104300,2245900,0,0,0,0,0,0,0,0,30300,0,0,0,0,0,0,0,0,0,104300,0,0,0,0,0,0,0,0,0,30750,29940,33970410,25190500,0,0,0,0,0,
600008.SH,600008,20251209,91753000,0,0,0,0,0,,,0,0,0,0,0,30300,30300,0,0,0,0,0,0,0,0,0,104300,2245900,0,0,0,0,0,0,0,0,30300,0,0,0,0,0,0,0,0,0,104300,0,0,0,0,0,0,0,0,0,30750,29940,33970410,25178500,0,0,0,0,0,
600008.SH,600008,20251209,91756000,0,0,0,0,0,,,0,0,0,0,0,30300,30200,0,0,0,0,0,0,0,0,0,99400,0,0,0,0,0,0,0,0,0,30200,0,0,0,0,0,0,0,0,0,99400,6913200,0,0,0,0,0,0,0,0,30750,29940,33971410,25173500,0,0,0,0,0,
600008.SH,600008,20251209,91759000,0,0,0,0,0,,,0,0,0,0,0,30300,30200,0,0,0,0,0,0,0,0,0,99400,0,0,0,0,0,0,0,0,0,30200,0,0,0,0,0,0,0,0,0,99400,6913200,0,0,0,0,0,0,0,0,30750,29940,33978910,25184500,0,0,0,0,0,
600008.SH,600008,20251209,91802000,0,0,0,0,0,,,0,0,0,0,0,30300,30200,0,0,0,0,0,0,0,0,0,99600,0,0,0,0,0,0,0,0,0,30200,0,0,0,0,0,0,0,0,0,99600,6926200,0,0,0,0,0,0,0,0,30750,29940,33969110,25203700,0,0,0,0,0,
600008.SH,600008,20251209,91805000,0,0,0,0,0,,,0,0,0,0,0,30300,30200,0,0,0,0,0,0,0,0,0,99600,0,0,0,0,0,0,0,0,0,30200,0,0,0,0,0,0,0,0,0,99600,6927200,0,0,0,0,0,0,0,0,30750,29940,33975110,25205700,0,0,0,0,0,
600008.SH,600008,20251209,91808000,0,0,0,0,0,,,0,0,0,0,0,30300,30200,0,0,0,0,0,0,0,0,0,99600,0,0,0,0,0,0,0,0,0,30200,0,0,0,0,0,0,0,0,0,99600,6927200,0,0,0,0,0,0,0,0,30750,29940,33975210,25205700,0,0,0,0,0,
600008.SH,600008,20251209,91811000,0,0,0,0,0,,,0,0,0,0,0,30300,30200,0,0,0,0,0,0,0,0,0,99600,0,0,0,0,0,0,0,0,0,30200,0,0,0,0,0,0,0,0,0,99600,6927200,0,0,0,0,0,0,0,0,30750,29940,33975210,25204200,0,0,0,0,0,
600008.SH,600008,20251209,91814000,0,0,0,0,0,,,0,0,0,0,0,30300,30200,0,0,0,0,0,0,0,0,0,99600,0,0,0,0,0,0,0,0,0,30200,0,0,0,0,0,0,0,0,0,99600,6927200,0,0,0,0,0,0,0,0,30750,29940,33985210,25202200,0,0,0,0,0,
600008.SH,600008,20251209,91817000,0,0,0,0,0,,,0,0,0,0,0,30300,30200,0,0,0,0,0,0,0,0,0,99600,0,0,0,0,0,0,0,0,0,30200,0,0,0,0,0,0,0,0,0,99600,6927200,0,0,0,0,0,0,0,0,30750,29940,34002910,25202200,0,0,0,0,0,
600008.SH,600008,20251209,91820000,0,0,0,0,0,,,0,0,0,0,0,30300,30200,0,0,0,0,0,0,0,0,0,99600,0,0,0,0,0,0,0,0,0,30200,0,0,0,0,0,0,0,0,0,99600,6927200,0,0,0,0,0,0,0,0,30750,29940,34024810,25205200,0,0,0,0,0,
600008.SH,600008,20251209,91823000,0,0,0,0,0,,,0,0,0,0,0,30300,30200,0,0,0,0,0,0,0,0,0,99600,0,0,0,0,0,0,0,0,0,30200,0,0,0,0,0,0,0,0,0,99600,6927200,0,0,0,0,0,0,0,0,30750,29940,34026610,25206200,0,0,0,0,0,
600008.SH,600008,20251209,91826000,0,0,0,0,0,,,0,0,0,0,0,30300,30200,0,0,0,0,0,0,0,0,0,99600,0,0,0,0,0,0,0,0,0,30200,0,0,0,0,0,0,0,0,0,99600,6927200,0,0,0,0,0,0,0,0,30750,29940,34036610,25211200,0,0,0,0,0,
600008.SH,600008,20251209,91829000,0,0,0,0,0,,,0,0,0,0,0,30300,30200,0,0,0,0,0,0,0,0,0,99600,0,0,0,0,0,0,0,0,0,30200,0,0,0,0,0,0,0,0,0,99600,6927200,0,0,0,0,0,0,0,0,30750,29940,34036610,25216200,0,0,0,0,0,
600008.SH,600008,20251209,91832000,0,0,0,0,0,,,0,0,0,0,0,30300,30200,0,0,0,0,0,0,0,0,0,100200,0,0,0,0,0,0,0,0,0,30200,0,0,0,0,0,0,0,0,0,100200,6886600,0,0,0,0,0,0,0,0,30750,29940,34037210,25180200,0,0,0,0,0,
600008.SH,600008,20251209,91835000,0,0,0,0,0,,,0,0,0,0,0,30300,30200,0,0,0,0,0,0,0,0,0,100200,0,0,0,0,0,0,0,0,0,30200,0,0,0,0,0,0,0,0,0,100200,6888600,0,0,0,0,0,0,0,0,30750,29940,34035460,25192600,0,0,0,0,0,
600008.SH,600008,20251209,91838000,0,0,0,0,0,,,0,0,0,0,0,30300,30200,0,0,0,0,0,0,0,0,0,100200,0,0,0,0,0,0,0,0,0,30200,0,0,0,0,0,0,0,0,0,100200,6888600,0,0,0,0,0,0,0,0,30750,29940,34042060,25199800,0,0,0,0,0,
600008.SH,600008,20251209,91841000,0,0,0,0,0,,,0,0,0,0,0,30300,30200,0,0,0,0,0,0,0,0,0,100200,0,0,0,0,0,0,0,0,0,30200,0,0,0,0,0,0,0,0,0,100200,6890600,0,0,0,0,0,0,0,0,30750,29940,34043860,25204800,0,0,0,0,0,
600008.SH,600008,20251209,91844000,0,0,0,0,0,,,0,0,0,0,0,30300,30200,0,0,0,0,0,0,0,0,0,100200,0,0,0,0,0,0,0,0,0,30200,0,0,0,0,0,0,0,0,0,100200,6886000,0,0,0,0,0,0,0,0,30750,29940,34045660,25204100,0,0,0,0,0,
600008.SH,600008,20251209,91847000,0,0,0,0,0,,,0,0,0,0,0,30300,30200,0,0,0,0,0,0,0,0,0,100200,0,0,0,0,0,0,0,0,0,30200,0,0,0,0,0,0,0,0,0,100200,6886000,0,0,0,0,0,0,0,0,30750,29940,34064760,25246000,0,0,0,0,0,
600008.SH,600008,20251209,91850000,0,0,0,0,0,,,0,0,0,0,0,30300,30300,0,0,0,0,0,0,0,0,0,77500,2199900,0,0,0,0,0,0,0,0,30300,0,0,0,0,0,0,0,0,0,77500,0,0,0,0,0,0,0,0,0,30750,29940,33983660,25267100,0,0,0,0,0,
600008.SH,600008,20251209,91853000,0,0,0,0,0,,,0,0,0,0,0,30300,30300,0,0,0,0,0,0,0,0,0,77500,2199900,0,0,0,0,0,0,0,0,30300,0,0,0,0,0,0,0,0,0,77500,0,0,0,0,0,0,0,0,0,30750,29940,33983660,25283900,0,0,0,0,0,
600008.SH,600008,20251209,91856000,0,0,0,0,0,,,0,0,0,0,0,30300,30300,0,0,0,0,0,0,0,0,0,77500,2199900,0,0,0,0,0,0,0,0,30300,0,0,0,0,0,0,0,0,0,77500,0,0,0,0,0,0,0,0,0,30750,29940,33984160,25254900,0,0,0,0,0,
600008.SH,600008,20251209,91859000,0,0,0,0,0,,,0,0,0,0,0,30300,30300,0,0,0,0,0,0,0,0,0,77500,2199900,0,0,0,0,0,0,0,0,30300,0,0,0,0,0,0,0,0,0,77500,0,0,0,0,0,0,0,0,0,30750,29940,33987360,25259900,0,0,0,0,0,
600008.SH,600008,20251209,91902000,0,0,0,0,0,,,0,0,0,0,0,30300,30300,0,0,0,0,0,0,0,0,0,77500,2199900,0,0,0,0,0,0,0,0,30300,0,0,0,0,0,0,0,0,0,77500,0,0,0,0,0,0,0,0,0,30750,29940,33987360,25272500,0,0,0,0,0,
600008.SH,600008,20251209,91905000,0,0,0,0,0,,,0,0,0,0,0,30300,30300,0,0,0,0,0,0,0,0,0,77500,2199900,0,0,0,0,0,0,0,0,30300,0,0,0,0,0,0,0,0,0,77500,0,0,0,0,0,0,0,0,0,30750,29940,33987360,25279800,0,0,0,0,0,
600008.SH,600008,20251209,91911000,0,0,0,0,0,,,0,0,0,0,0,30300,30300,0,0,0,0,0,0,0,0,0,77500,2199900,0,0,0,0,0,0,0,0,30300,0,0,0,0,0,0,0,0,0,77500,0,0,0,0,0,0,0,0,0,30750,29940,33987560,25315300,0,0,0,0,0,
600008.SH,600008,20251209,91914000,0,0,0,0,0,,,0,0,0,0,0,30300,30300,0,0,0,0,0,0,0,0,0,77500,2199900,0,0,0,0,0,0,0,0,30300,0,0,0,0,0,0,0,0,0,77500,0,0,0,0,0,0,0,0,0,30750,29940,34011760,25325300,0,0,0,0,0,
600008.SH,600008,20251209,91917000,0,0,0,0,0,,,0,0,0,0,0,30300,30300,0,0,0,0,0,0,0,0,0,77500,2199900,0,0,0,0,0,0,0,0,30300,0,0,0,0,0,0,0,0,0,77500,0,0,0,0,0,0,0,0,0,30750,29940,34011760,25332000,0,0,0,0,0,
600008.SH,600008,20251209,91920000,0,0,0,0,0,,,0,0,0,0,0,30300,30300,0,0,0,0,0,0,0,0,0,77500,2199900,0,0,0,0,0,0,0,0,30300,0,0,0,0,0,0,0,0,0,77500,0,0,0,0,0,0,0,0,0,30750,29940,34016760,25337100,0,0,0,0,0,
600008.SH,600008,20251209,91923000,0,0,0,0,0,,,0,0,0,0,0,30300,30300,0,0,0,0,0,0,0,0,0,77500,2199900,0,0,0,0,0,0,0,0,30300,0,0,0,0,0,0,0,0,0,77500,0,0,0,0,0,0,0,0,0,30750,29940,34016760,25369700,0,0,0,0,0,
600008.SH,600008,20251209,91926000,0,0,0,0,0,,,0,0,0,0,0,30300,30300,0,0,0,0,0,0,0,0,0,77500,2199900,0,0,0,0,0,0,0,0,30300,0,0,0,0,0,0,0,0,0,77500,0,0,0,0,0,0,0,0,0,30750,29940,34027960,25379700,0,0,0,0,0,
600008.SH,600008,20251209,91929000,0,0,0,0,0,,,0,0,0,0,0,30300,30300,0,0,0,0,0,0,0,0,0,77500,2199900,0,0,0,0,0,0,0,0,30300,0,0,0,0,0,0,0,0,0,77500,0,0,0,0,0,0,0,0,0,30750,29940,34037160,25398100,0,0,0,0,0,
600008.SH,600008,20251209,91932000,0,0,0,0,0,,,0,0,0,0,0,30300,30300,0,0,0,0,0,0,0,0,0,77500,2199900,0,0,0,0,0,0,0,0,30300,0,0,0,0,0,0,0,0,0,77500,0,0,0,0,0,0,0,0,0,30750,29940,34043160,25398100,0,0,0,0,0,
600008.SH,600008,20251209,91935000,0,0,0,0,0,,,0,0,0,0,0,30300,30300,0,0,0,0,0,0,0,0,0,77500,2199900,0,0,0,0,0,0,0,0,30300,0,0,0,0,0,0,0,0,0,77500,0,0,0,0,0,0,0,0,0,30750,29940,34050260,25417200,0,0,0,0,0,
600008.SH,600008,20251209,91938000,0,0,0,0,0,,,0,0,0,0,0,30300,30300,0,0,0,0,0,0,0,0,0,77500,2199900,0,0,0,0,0,0,0,0,30300,0,0,0,0,0,0,0,0,0,77500,0,0,0,0,0,0,0,0,0,30750,29940,34050860,25467200,0,0,0,0,0,
600008.SH,600008,20251209,91941000,0,0,0,0,0,,,0,0,0,0,0,30300,30300,0,0,0,0,0,0,0,0,0,77500,2199900,0,0,0,0,0,0,0,0,30300,0,0,0,0,0,0,0,0,0,77500,0,0,0,0,0,0,0,0,0,30750,29940,34054660,25467200,0,0,0,0,0,
600008.SH,600008,20251209,91944000,0,0,0,0,0,,,0,0,0,0,0,30300,30300,0,0,0,0,0,0,0,0,0,77500,2199900,0,0,0,0,0,0,0,0,30300,0,0,0,0,0,0,0,0,0,77500,0,0,0,0,0,0,0,0,0,30750,29940,34055660,25467200,0,0,0,0,0,
600008.SH,600008,20251209,91947000,0,0,0,0,0,,,0,0,0,0,0,30300,30300,0,0,0,0,0,0,0,0,0,77500,2199900,0,0,0,0,0,0,0,0,30300,0,0,0,0,0,0,0,0,0,77500,0,0,0,0,0,0,0,0,0,30750,29940,34055960,25484100,0,0,0,0,0,
600008.SH,600008,20251209,91950000,0,0,0,0,0,,,0,0,0,0,0,30300,30300,0,0,0,0,0,0,0,0,0,77500,2199900,0,0,0,0,0,0,0,0,30300,0,0,0,0,0,0,0,0,0,77500,0,0,0,0,0,0,0,0,0,30750,29940,34023260,25484100,0,0,0,0,0,
600008.SH,600008,20251209,91953000,0,0,0,0,0,,,0,0,0,0,0,30300,30300,0,0,0,0,0,0,0,0,0,77500,2199900,0,0,0,0,0,0,0,0,30300,0,0,0,0,0,0,0,0,0,77500,0,0,0,0,0,0,0,0,0,30760,29940,34055360,25484100,0,0,0,0,0,
600008.SH,600008,20251209,91956000,0,0,0,0,0,,,0,0,0,0,0,30300,30300,0,0,0,0,0,0,0,0,0,77500,2199900,0,0,0,0,0,0,0,0,30300,0,0,0,0,0,0,0,0,0,77500,0,0,0,0,0,0,0,0,0,30760,29940,34041860,25458500,0,0,0,0,0,
600008.SH,600008,20251209,91959000,0,0,0,0,0,,,0,0,0,0,0,30300,30300,0,0,0,0,0,0,0,0,0,77500,2199900,0,0,0,0,0,0,0,0,30300,0,0,0,0,0,0,0,0,0,77500,0,0,0,0,0,0,0,0,0,30760,29940,34041860,25480800,0,0,0,0,0,
600008.SH,600008,20251209,92002000,0,0,0,0,0,,,0,0,0,0,0,30300,30300,0,0,0,0,0,0,0,0,0,77600,2199900,0,0,0,0,0,0,0,0,30300,0,0,0,0,0,0,0,0,0,77600,0,0,0,0,0,0,0,0,0,30760,29940,34043060,25486500,0,0,0,0,0,
600008.SH,600008,20251209,92005000,0,0,0,0,0,,,0,0,0,0,0,30300,30300,0,0,0,0,0,0,0,0,0,87900,2191900,0,0,0,0,0,0,0,0,30300,0,0,0,0,0,0,0,0,0,87900,0,0,0,0,0,0,0,0,0,30750,29940,34557560,25502800,0,0,0,0,0,
600008.SH,600008,20251209,92008000,0,0,0,0,0,,,0,0,0,0,0,30300,30300,0,0,0,0,0,0,0,0,0,87900,2192000,0,0,0,0,0,0,0,0,30300,0,0,0,0,0,0,0,0,0,87900,0,0,0,0,0,0,0,0,0,30750,29940,34677260,25502800,0,0,0,0,0,
600008.SH,600008,20251209,92011000,0,0,0,0,0,,,0,0,0,0,0,30300,30300,0,0,0,0,0,0,0,0,0,87900,2192000,0,0,0,0,0,0,0,0,30300,0,0,0,0,0,0,0,0,0,87900,0,0,0,0,0,0,0,0,0,30750,29940,34680760,25502800,0,0,0,0,0,
600008.SH,600008,20251209,92014000,0,0,0,0,0,,,0,0,0,0,0,30300,30300,0,0,0,0,0,0,0,0,0,87900,2192000,0,0,0,0,0,0,0,0,30300,0,0,0,0,0,0,0,0,0,87900,0,0,0,0,0,0,0,0,0,30750,29940,34686860,25514500,0,0,0,0,0,
600008.SH,600008,20251209,92017000,0,0,0,0,0,,,0,0,0,0,0,30300,30300,0,0,0,0,0,0,0,0,0,87900,2192000,0,0,0,0,0,0,0,0,30300,0,0,0,0,0,0,0,0,0,87900,0,0,0,0,0,0,0,0,0,30750,29940,34687560,25515000,0,0,0,0,0,
600008.SH,600008,20251209,92020000,0,0,0,0,0,,,0,0,0,0,0,30300,30300,0,0,0,0,0,0,0,0,0,87900,2192000,0,0,0,0,0,0,0,0,30300,0,0,0,0,0,0,0,0,0,87900,0,0,0,0,0,0,0,0,0,30750,29940,34687560,25527700,0,0,0,0,0,
600008.SH,600008,20251209,92023000,0,0,0,0,0,,,0,0,0,0,0,30300,30300,0,0,0,0,0,0,0,0,0,87900,2192000,0,0,0,0,0,0,0,0,30300,0,0,0,0,0,0,0,0,0,87900,0,0,0,0,0,0,0,0,0,30750,29940,34709760,25536700,0,0,0,0,0,
600008.SH,600008,20251209,92026000,0,0,0,0,0,,,0,0,0,0,0,30300,30300,0,0,0,0,0,0,0,0,0,87900,2192000,0,0,0,0,0,0,0,0,30300,0,0,0,0,0,0,0,0,0,87900,0,0,0,0,0,0,0,0,0,30750,29940,34710760,25539200,0,0,0,0,0,
600008.SH,600008,20251209,92029000,0,0,0,0,0,,,0,0,0,0,0,30300,30300,0,0,0,0,0,0,0,0,0,87900,2198900,0,0,0,0,0,0,0,0,30300,0,0,0,0,0,0,0,0,0,87900,0,0,0,0,0,0,0,0,0,30750,29940,34941560,25541200,0,0,0,0,0,
600008.SH,600008,20251209,92032000,0,0,0,0,0,,,0,0,0,0,0,30300,30300,0,0,0,0,0,0,0,0,0,87900,2198900,0,0,0,0,0,0,0,0,30300,0,0,0,0,0,0,0,0,0,87900,0,0,0,0,0,0,0,0,0,30750,29940,34946560,25551200,0,0,0,0,0,
600008.SH,600008,20251209,92035000,0,0,0,0,0,,,0,0,0,0,0,30300,30300,0,0,0,0,0,0,0,0,0,87900,2198900,0,0,0,0,0,0,0,0,30300,0,0,0,0,0,0,0,0,0,87900,0,0,0,0,0,0,0,0,0,30750,29940,34947060,25566200,0,0,0,0,0,
600008.SH,600008,20251209,92038000,0,0,0,0,0,,,0,0,0,0,0,30300,30300,0,0,0,0,0,0,0,0,0,87900,2198900,0,0,0,0,0,0,0,0,30300,0,0,0,0,0,0,0,0,0,87900,0,0,0,0,0,0,0,0,0,30750,29940,34952060,25566900,0,0,0,0,0,
600008.SH,600008,20251209,92041000,0,0,0,0,0,,,0,0,0,0,0,30300,30300,0,0,0,0,0,0,0,0,0,87900,2198900,0,0,0,0,0,0,0,0,30300,0,0,0,0,0,0,0,0,0,87900,0,0,0,0,0,0,0,0,0,30750,29940,34988060,25566900,0,0,0,0,0,
600008.SH,600008,20251209,92044000,0,0,0,0,0,,,0,0,0,0,0,30300,30300,0,0,0,0,0,0,0,0,0,87900,2198900,0,0,0,0,0,0,0,0,30300,0,0,0,0,0,0,0,0,0,87900,0,0,0,0,0,0,0,0,0,30750,29940,34988060,25567400,0,0,0,0,0,
600008.SH,600008,20251209,92047000,0,0,0,0,0,,,0,0,0,0,0,30300,30300,0,0,0,0,0,0,0,0,0,87900,2198900,0,0,0,0,0,0,0,0,30300,0,0,0,0,0,0,0,0,0,87900,0,0,0,0,0,0,0,0,0,30750,29940,34993060,25567400,0,0,0,0,0,
600008.SH,600008,20251209,92050000,0,0,0,0,0,,,0,0,0,0,0,30300,30300,0,0,0,0,0,0,0,0,0,87900,2198900,0,0,0,0,0,0,0,0,30300,0,0,0,0,0,0,0,0,0,87900,0,0,0,0,0,0,0,0,0,30750,29940,34996560,25569000,0,0,0,0,0,
600008.SH,600008,20251209,92053000,0,0,0,0,0,,,0,0,0,0,0,30300,30300,0,0,0,0,0,0,0,0,0,87900,2198900,0,0,0,0,0,0,0,0,30300,0,0,0,0,0,0,0,0,0,87900,0,0,0,0,0,0,0,0,0,30750,29940,35006460,25569100,0,0,0,0,0,
600008.SH,600008,20251209,92056000,0,0,0,0,0,,,0,0,0,0,0,30300,30300,0,0,0,0,0,0,0,0,0,87900,2198900,0,0,0,0,0,0,0,0,30300,0,0,0,0,0,0,0,0,0,87900,0,0,0,0,0,0,0,0,0,30750,29940,35011460,25570100,0,0,0,0,0,
600008.SH,600008,20251209,92059000,0,0,0,0,0,,,0,0,0,0,0,30300,30300,0,0,0,0,0,0,0,0,0,87900,2198900,0,0,0,0,0,0,0,0,30300,0,0,0,0,0,0,0,0,0,87900,0,0,0,0,0,0,0,0,0,30750,29940,35056460,25588600,0,0,0,0,0,
600008.SH,600008,20251209,92102000,0,0,0,0,0,,,0,0,0,0,0,30300,30300,0,0,0,0,0,0,0,0,0,137900,2148900,0,0,0,0,0,0,0,0,30300,0,0,0,0,0,0,0,0,0,137900,0,0,0,0,0,0,0,0,0,30750,29940,35061460,25638600,0,0,0,0,0,
600008.SH,600008,20251209,92105000,0,0,0,0,0,,,0,0,0,0,0,30300,30300,0,0,0,0,0,0,0,0,0,137900,2148900,0,0,0,0,0,0,0,0,30300,0,0,0,0,0,0,0,0,0,137900,0,0,0,0,0,0,0,0,0,30750,29940,35061960,25647800,0,0,0,0,0,
600008.SH,600008,20251209,92108000,0,0,0,0,0,,,0,0,0,0,0,30300,30300,0,0,0,0,0,0,0,0,0,137900,2148900,0,0,0,0,0,0,0,0,30300,0,0,0,0,0,0,0,0,0,137900,0,0,0,0,0,0,0,0,0,30750,29940,35096960,25648300,0,0,0,0,0,
600008.SH,600008,20251209,92111000,0,0,0,0,0,,,0,0,0,0,0,30300,30300,0,0,0,0,0,0,0,0,0,137900,2148900,0,0,0,0,0,0,0,0,30300,0,0,0,0,0,0,0,0,0,137900,0,0,0,0,0,0,0,0,0,30750,29940,35098660,25648300,0,0,0,0,0,
600008.SH,600008,20251209,92114000,0,0,0,0,0,,,0,0,0,0,0,30300,30300,0,0,0,0,0,0,0,0,0,137900,2153900,0,0,0,0,0,0,0,0,30300,0,0,0,0,0,0,0,0,0,137900,0,0,0,0,0,0,0,0,0,30750,29940,35171960,25648300,0,0,0,0,0,
600008.SH,600008,20251209,92120000,0,0,0,0,0,,,0,0,0,0,0,30300,30300,0,0,0,0,0,0,0,0,0,137900,2153900,0,0,0,0,0,0,0,0,30300,0,0,0,0,0,0,0,0,0,137900,0,0,0,0,0,0,0,0,0,30750,29940,35173660,25648300,0,0,0,0,0,
600008.SH,600008,20251209,92123000,0,0,0,0,0,,,0,0,0,0,0,30300,30300,0,0,0,0,0,0,0,0,0,137900,2153900,0,0,0,0,0,0,0,0,30300,0,0,0,0,0,0,0,0,0,137900,0,0,0,0,0,0,0,0,0,30750,29940,35193660,25648300,0,0,0,0,0,
600008.SH,600008,20251209,92126000,0,0,0,0,0,,,0,0,0,0,0,30300,30300,0,0,0,0,0,0,0,0,0,137900,2153900,0,0,0,0,0,0,0,0,30300,0,0,0,0,0,0,0,0,0,137900,0,0,0,0,0,0,0,0,0,30750,29940,35195060,25648300,0,0,0,0,0,
600008.SH,600008,20251209,92132000,0,0,0,0,0,,,0,0,0,0,0,30300,30300,0,0,0,0,0,0,0,0,0,137900,2153900,0,0,0,0,0,0,0,0,30300,0,0,0,0,0,0,0,0,0,137900,0,0,0,0,0,0,0,0,0,30750,29940,35221360,25648300,0,0,0,0,0,
600008.SH,600008,20251209,92135000,0,0,0,0,0,,,0,0,0,0,0,30300,30300,0,0,0,0,0,0,0,0,0,137900,2153900,0,0,0,0,0,0,0,0,30300,0,0,0,0,0,0,0,0,0,137900,0,0,0,0,0,0,0,0,0,30750,29940,35221360,25656800,0,0,0,0,0,
600008.SH,600008,20251209,92138000,0,0,0,0,0,,,0,0,0,0,0,30300,30300,0,0,0,0,0,0,0,0,0,137900,2153900,0,0,0,0,0,0,0,0,30300,0,0,0,0,0,0,0,0,0,137900,0,0,0,0,0,0,0,0,0,30750,29940,35221360,25686800,0,0,0,0,0,
600008.SH,600008,20251209,92141000,0,0,0,0,0,,,0,0,0,0,0,30300,30300,0,0,0,0,0,0,0,0,0,137900,2153900,0,0,0,0,0,0,0,0,30300,0,0,0,0,0,0,0,0,0,137900,0,0,0,0,0,0,0,0,0,30750,29940,35266360,25686800,0,0,0,0,0,
600008.SH,600008,20251209,92144000,0,0,0,0,0,,,0,0,0,0,0,30300,30300,0,0,0,0,0,0,0,0,0,137900,2153900,0,0,0,0,0,0,0,0,30300,0,0,0,0,0,0,0,0,0,137900,0,0,0,0,0,0,0,0,0,30750,29940,35336560,25686800,0,0,0,0,0,
600008.SH,600008,20251209,92147000,0,0,0,0,0,,,0,0,0,0,0,30300,30300,0,0,0,0,0,0,0,0,0,137900,2153900,0,0,0,0,0,0,0,0,30300,0,0,0,0,0,0,0,0,0,137900,0,0,0,0,0,0,0,0,0,30750,29940,35395460,25686800,0,0,0,0,0,
600008.SH,600008,20251209,92150000,0,0,0,0,0,,,0,0,0,0,0,30300,30300,0,0,0,0,0,0,0,0,0,137900,2160800,0,0,0,0,0,0,0,0,30300,0,0,0,0,0,0,0,0,0,137900,0,0,0,0,0,0,0,0,0,30750,29950,35402360,25716800,0,0,0,0,0,
600008.SH,600008,20251209,92159000,0,0,0,0,0,,,0,0,0,0,0,30300,30300,0,0,0,0,0,0,0,0,0,137900,2182300,0,0,0,0,0,0,0,0,30300,0,0,0,0,0,0,0,0,0,137900,0,0,0,0,0,0,0,0,0,30750,29950,35433860,25720200,0,0,0,0,0,
600008.SH,600008,20251209,92205000,0,0,0,0,0,,,0,0,0,0,0,30300,30300,0,0,0,0,0,0,0,0,0,137900,2182300,0,0,0,0,0,0,0,0,30300,0,0,0,0,0,0,0,0,0,137900,0,0,0,0,0,0,0,0,0,30750,29950,35451560,25720200,0,0,0,0,0,
600008.SH,600008,20251209,92208000,0,0,0,0,0,,,0,0,0,0,0,30300,30300,0,0,0,0,0,0,0,0,0,137900,2182300,0,0,0,0,0,0,0,0,30300,0,0,0,0,0,0,0,0,0,137900,0,0,0,0,0,0,0,0,0,30750,29950,35487660,25720200,0,0,0,0,0,
600008.SH,600008,20251209,92211000,0,0,0,0,0,,,0,0,0,0,0,30300,30300,0,0,0,0,0,0,0,0,0,137900,2182300,0,0,0,0,0,0,0,0,30300,0,0,0,0,0,0,0,0,0,137900,0,0,0,0,0,0,0,0,0,30750,29940,35487660,25723600,0,0,0,0,0,
600008.SH,600008,20251209,92217000,0,0,0,0,0,,,0,0,0,0,0,30300,30300,0,0,0,0,0,0,0,0,0,137900,2185400,0,0,0,0,0,0,0,0,30300,0,0,0,0,0,0,0,0,0,137900,0,0,0,0,0,0,0,0,0,30750,29940,35490760,25723600,0,0,0,0,0,
600008.SH,600008,20251209,92220000,0,0,0,0,0,,,0,0,0,0,0,30300,30300,0,0,0,0,0,0,0,0,0,137900,2185400,0,0,0,0,0,0,0,0,30300,0,0,0,0,0,0,0,0,0,137900,0,0,0,0,0,0,0,0,0,30750,29950,35490760,25735100,0,0,0,0,0,
600008.SH,600008,20251209,92223000,0,0,0,0,0,,,0,0,0,0,0,30300,30300,0,0,0,0,0,0,0,0,0,137900,2185400,0,0,0,0,0,0,0,0,30300,0,0,0,0,0,0,0,0,0,137900,0,0,0,0,0,0,0,0,0,30750,29950,35524560,25745100,0,0,0,0,0,
600008.SH,600008,20251209,92226000,0,0,0,0,0,,,0,0,0,0,0,30300,30300,0,0,0,0,0,0,0,0,0,137900,2185400,0,0,0,0,0,0,0,0,30300,0,0,0,0,0,0,0,0,0,137900,0,0,0,0,0,0,0,0,0,30750,29950,35524560,25752600,0,0,0,0,0,
600008.SH,600008,20251209,92229000,0,0,0,0,0,,,0,0,0,0,0,30300,30300,0,0,0,0,0,0,0,0,0,137900,2185400,0,0,0,0,0,0,0,0,30300,0,0,0,0,0,0,0,0,0,137900,0,0,0,0,0,0,0,0,0,30750,29950,35524560,25753100,0,0,0,0,0,
600008.SH,600008,20251209,92232000,0,0,0,0,0,,,0,0,0,0,0,30300,30300,0,0,0,0,0,0,0,0,0,137900,2185400,0,0,0,0,0,0,0,0,30300,0,0,0,0,0,0,0,0,0,137900,0,0,0,0,0,0,0,0,0,30750,29950,35524560,25764100,0,0,0,0,0,
600008.SH,600008,20251209,92235000,0,0,0,0,0,,,0,0,0,0,0,30300,30300,0,0,0,0,0,0,0,0,0,137900,2185400,0,0,0,0,0,0,0,0,30300,0,0,0,0,0,0,0,0,0,137900,0,0,0,0,0,0,0,0,0,30750,29950,35524860,25764100,0,0,0,0,0,
600008.SH,600008,20251209,92238000,0,0,0,0,0,,,0,0,0,0,0,30300,30300,0,0,0,0,0,0,0,0,0,137900,2185400,0,0,0,0,0,0,0,0,30300,0,0,0,0,0,0,0,0,0,137900,0,0,0,0,0,0,0,0,0,30750,29950,35559360,25764100,0,0,0,0,0,
600008.SH,600008,20251209,92241000,0,0,0,0,0,,,0,0,0,0,0,30300,30300,0,0,0,0,0,0,0,0,0,137900,2185400,0,0,0,0,0,0,0,0,30300,0,0,0,0,0,0,0,0,0,137900,0,0,0,0,0,0,0,0,0,30750,29950,35569860,25769100,0,0,0,0,0,
600008.SH,600008,20251209,92244000,0,0,0,0,0,,,0,0,0,0,0,30300,30300,0,0,0,0,0,0,0,0,0,137900,2185400,0,0,0,0,0,0,0,0,30300,0,0,0,0,0,0,0,0,0,137900,0,0,0,0,0,0,0,0,0,30750,29950,35574560,25769100,0,0,0,0,0,
600008.SH,600008,20251209,92250000,0,0,0,0,0,,,0,0,0,0,0,30300,30300,0,0,0,0,0,0,0,0,0,137900,2187200,0,0,0,0,0,0,0,0,30300,0,0,0,0,0,0,0,0,0,137900,0,0,0,0,0,0,0,0,0,30750,29950,35581260,25780100,0,0,0,0,0,
600008.SH,600008,20251209,92256000,0,0,0,0,0,,,0,0,0,0,0,30300,30300,0,0,0,0,0,0,0,0,0,137900,2187200,0,0,0,0,0,0,0,0,30300,0,0,0,0,0,0,0,0,0,137900,0,0,0,0,0,0,0,0,0,30750,29950,35711260,25780100,0,0,0,0,0,
600008.SH,600008,20251209,92259000,0,0,0,0,0,,,0,0,0,0,0,30300,30300,0,0,0,0,0,0,0,0,0,137900,2187200,0,0,0,0,0,0,0,0,30300,0,0,0,0,0,0,0,0,0,137900,0,0,0,0,0,0,0,0,0,30750,29950,35717860,25785900,0,0,0,0,0,
600008.SH,600008,20251209,92302000,0,0,0,0,0,,,0,0,0,0,0,30300,30300,0,0,0,0,0,0,0,0,0,137900,2187200,0,0,0,0,0,0,0,0,30300,0,0,0,0,0,0,0,0,0,137900,0,0,0,0,0,0,0,0,0,30750,29950,35737960,25785900,0,0,0,0,0,
600008.SH,600008,20251209,92305000,0,0,0,0,0,,,0,0,0,0,0,30300,30300,0,0,0,0,0,0,0,0,0,137900,2187200,0,0,0,0,0,0,0,0,30300,0,0,0,0,0,0,0,0,0,137900,0,0,0,0,0,0,0,0,0,30750,29950,35737960,25786200,0,0,0,0,0,
600008.SH,600008,20251209,92311000,0,0,0,0,0,,,0,0,0,0,0,30300,30300,0,0,0,0,0,0,0,0,0,137900,2187200,0,0,0,0,0,0,0,0,30300,0,0,0,0,0,0,0,0,0,137900,0,0,0,0,0,0,0,0,0,30750,29950,35737960,25792200,0,0,0,0,0,
600008.SH,600008,20251209,92314000,0,0,0,0,0,,,0,0,0,0,0,30300,30300,0,0,0,0,0,0,0,0,0,137900,2187200,0,0,0,0,0,0,0,0,30300,0,0,0,0,0,0,0,0,0,137900,0,0,0,0,0,0,0,0,0,30750,29950,35766660,25795100,0,0,0,0,0,
600008.SH,600008,20251209,92317000,0,0,0,0,0,,,0,0,0,0,0,30300,30300,0,0,0,0,0,0,0,0,0,137900,2187200,0,0,0,0,0,0,0,0,30300,0,0,0,0,0,0,0,0,0,137900,0,0,0,0,0,0,0,0,0,30750,29950,35815460,25795100,0,0,0,0,0,
600008.SH,600008,20251209,92320000,0,0,0,0,0,,,0,0,0,0,0,30300,30300,0,0,0,0,0,0,0,0,0,139200,2186300,0,0,0,0,0,0,0,0,30300,0,0,0,0,0,0,0,0,0,139200,0,0,0,0,0,0,0,0,0,30750,29950,35815860,25796400,0,0,0,0,0,
600008.SH,600008,20251209,92323000,0,0,0,0,0,,,0,0,0,0,0,30300,30300,0,0,0,0,0,0,0,0,0,139200,2186300,0,0,0,0,0,0,0,0,30300,0,0,0,0,0,0,0,0,0,139200,0,0,0,0,0,0,0,0,0,30750,29950,35875860,25796400,0,0,0,0,0,
600008.SH,600008,20251209,92329000,0,0,0,0,0,,,0,0,0,0,0,30300,30300,0,0,0,0,0,0,0,0,0,139200,2186300,0,0,0,0,0,0,0,0,30300,0,0,0,0,0,0,0,0,0,139200,0,0,0,0,0,0,0,0,0,30750,29950,35883060,25799400,0,0,0,0,0,
600008.SH,600008,20251209,92332000,0,0,0,0,0,,,0,0,0,0,0,30300,30300,0,0,0,0,0,0,0,0,0,139200,2186300,0,0,0,0,0,0,0,0,30300,0,0,0,0,0,0,0,0,0,139200,0,0,0,0,0,0,0,0,0,30750,29950,35891060,25810900,0,0,0,0,0,
600008.SH,600008,20251209,92335000,0,0,0,0,0,,,0,0,0,0,0,30300,30300,0,0,0,0,0,0,0,0,0,139200,2186300,0,0,0,0,0,0,0,0,30300,0,0,0,0,0,0,0,0,0,139200,0,0,0,0,0,0,0,0,0,30750,29950,35896060,25810900,0,0,0,0,0,
600008.SH,600008,20251209,92338000,0,0,0,0,0,,,0,0,0,0,0,30300,30300,0,0,0,0,0,0,0,0,0,142700,2182800,0,0,0,0,0,0,0,0,30300,0,0,0,0,0,0,0,0,0,142700,0,0,0,0,0,0,0,0,0,30750,29950,35896060,25914400,0,0,0,0,0,
600008.SH,600008,20251209,92341000,0,0,0,0,0,,,0,0,0,0,0,30300,30300,0,0,0,0,0,0,0,0,0,142700,2182800,0,0,0,0,0,0,0,0,30300,0,0,0,0,0,0,0,0,0,142700,0,0,0,0,0,0,0,0,0,30750,29950,36044060,25914500,0,0,0,0,0,
600008.SH,600008,20251209,92344000,0,0,0,0,0,,,0,0,0,0,0,30300,30300,0,0,0,0,0,0,0,0,0,142700,2182800,0,0,0,0,0,0,0,0,30300,0,0,0,0,0,0,0,0,0,142700,0,0,0,0,0,0,0,0,0,30750,29950,36110860,25915100,0,0,0,0,0,
600008.SH,600008,20251209,92347000,0,0,0,0,0,,,0,0,0,0,0,30300,30300,0,0,0,0,0,0,0,0,0,142700,2182800,0,0,0,0,0,0,0,0,30300,0,0,0,0,0,0,0,0,0,142700,0,0,0,0,0,0,0,0,0,30750,29950,36191960,25915200,0,0,0,0,0,
600008.SH,600008,20251209,92350000,0,0,0,0,0,,,0,0,0,0,0,30300,30300,0,0,0,0,0,0,0,0,0,142700,2182800,0,0,0,0,0,0,0,0,30300,0,0,0,0,0,0,0,0,0,142700,0,0,0,0,0,0,0,0,0,30750,29950,36196960,25920700,0,0,0,0,0,
600008.SH,600008,20251209,92353000,0,0,0,0,0,,,0,0,0,0,0,30300,30300,0,0,0,0,0,0,0,0,0,142700,2182800,0,0,0,0,0,0,0,0,30300,0,0,0,0,0,0,0,0,0,142700,0,0,0,0,0,0,0,0,0,30750,29950,36278860,25920700,0,0,0,0,0,
600008.SH,600008,20251209,92356000,0,0,0,0,0,,,0,0,0,0,0,30300,30300,0,0,0,0,0,0,0,0,0,142700,2182800,0,0,0,0,0,0,0,0,30300,0,0,0,0,0,0,0,0,0,142700,0,0,0,0,0,0,0,0,0,30750,29950,36339960,25930800,0,0,0,0,0,
600008.SH,600008,20251209,92359000,0,0,0,0,0,,,0,0,0,0,0,30300,30300,0,0,0,0,0,0,0,0,0,142700,2182800,0,0,0,0,0,0,0,0,30300,0,0,0,0,0,0,0,0,0,142700,0,0,0,0,0,0,0,0,0,30750,29950,36410860,25980800,0,0,0,0,0,
600008.SH,600008,20251209,92402000,0,0,0,0,0,,,0,0,0,0,0,30300,30300,0,0,0,0,0,0,0,0,0,142700,2182800,0,0,0,0,0,0,0,0,30300,0,0,0,0,0,0,0,0,0,142700,0,0,0,0,0,0,0,0,0,30750,29950,36426960,26000800,0,0,0,0,0,
600008.SH,600008,20251209,92405000,0,0,0,0,0,,,0,0,0,0,0,30300,30300,0,0,0,0,0,0,0,0,0,142700,2182800,0,0,0,0,0,0,0,0,30300,0,0,0,0,0,0,0,0,0,142700,0,0,0,0,0,0,0,0,0,30750,29950,36476960,26011700,0,0,0,0,0,
600008.SH,600008,20251209,92408000,0,0,0,0,0,,,0,0,0,0,0,30300,30300,0,0,0,0,0,0,0,0,0,142700,2182800,0,0,0,0,0,0,0,0,30300,0,0,0,0,0,0,0,0,0,142700,0,0,0,0,0,0,0,0,0,30750,29950,36551660,26021700,0,0,0,0,0,
600008.SH,600008,20251209,92411000,0,0,0,0,0,,,0,0,0,0,0,30300,30300,0,0,0,0,0,0,0,0,0,142700,2182800,0,0,0,0,0,0,0,0,30300,0,0,0,0,0,0,0,0,0,142700,0,0,0,0,0,0,0,0,0,30750,29950,36559760,26021700,0,0,0,0,0,
600008.SH,600008,20251209,92414000,0,0,0,0,0,,,0,0,0,0,0,30300,30300,0,0,0,0,0,0,0,0,0,142700,2182800,0,0,0,0,0,0,0,0,30300,0,0,0,0,0,0,0,0,0,142700,0,0,0,0,0,0,0,0,0,30750,29950,36627560,26021700,0,0,0,0,0,
600008.SH,600008,20251209,92417000,0,0,0,0,0,,,0,0,0,0,0,30300,30300,0,0,0,0,0,0,0,0,0,142700,2187800,0,0,0,0,0,0,0,0,30300,0,0,0,0,0,0,0,0,0,142700,0,0,0,0,0,0,0,0,0,30750,29950,36641660,26031700,0,0,0,0,0,
600008.SH,600008,20251209,92420000,0,0,0,0,0,,,0,0,0,0,0,30300,30300,0,0,0,0,0,0,0,0,0,142700,2187800,0,0,0,0,0,0,0,0,30300,0,0,0,0,0,0,0,0,0,142700,0,0,0,0,0,0,0,0,0,30750,29950,36730460,26031700,0,0,0,0,0,
600008.SH,600008,20251209,92423000,0,0,0,0,0,,,0,0,0,0,0,30300,30300,0,0,0,0,0,0,0,0,0,142700,2187800,0,0,0,0,0,0,0,0,30300,0,0,0,0,0,0,0,0,0,142700,0,0,0,0,0,0,0,0,0,30750,29950,36745060,26046600,0,0,0,0,0,
600008.SH,600008,20251209,92426000,0,0,0,0,0,,,0,0,0,0,0,30300,30300,0,0,0,0,0,0,0,0,0,142700,2187800,0,0,0,0,0,0,0,0,30300,0,0,0,0,0,0,0,0,0,142700,0,0,0,0,0,0,0,0,0,30750,29950,36756416,26058600,0,0,0,0,0,
600008.SH,600008,20251209,92429000,0,0,0,0,0,,,0,0,0,0,0,30300,30300,0,0,0,0,0,0,0,0,0,142700,2187800,0,0,0,0,0,0,0,0,30300,0,0,0,0,0,0,0,0,0,142700,0,0,0,0,0,0,0,0,0,30750,29950,36766416,26058600,0,0,0,0,0,
600008.SH,600008,20251209,92432000,0,0,0,0,0,,,0,0,0,0,0,30300,30300,0,0,0,0,0,0,0,0,0,142700,2187800,0,0,0,0,0,0,0,0,30300,0,0,0,0,0,0,0,0,0,142700,0,0,0,0,0,0,0,0,0,30750,29950,36778416,26258400,0,0,0,0,0,
600008.SH,600008,20251209,92435000,0,0,0,0,0,,,0,0,0,0,0,30300,30300,0,0,0,0,0,0,0,0,0,142700,2188200,0,0,0,0,0,0,0,0,30300,0,0,0,0,0,0,0,0,0,142700,0,0,0,0,0,0,0,0,0,30750,29950,36831416,26283500,0,0,0,0,0,
600008.SH,600008,20251209,92438000,0,0,0,0,0,,,0,0,0,0,0,30300,30300,0,0,0,0,0,0,0,0,0,142700,2188200,0,0,0,0,0,0,0,0,30300,0,0,0,0,0,0,0,0,0,142700,0,0,0,0,0,0,0,0,0,30750,29950,36834316,26295500,0,0,0,0,0,
600008.SH,600008,20251209,92441000,0,0,0,0,0,,,0,0,0,0,0,30300,30300,0,0,0,0,0,0,0,0,0,142700,2189900,0,0,0,0,0,0,0,0,30300,0,0,0,0,0,0,0,0,0,142700,0,0,0,0,0,0,0,0,0,30750,29950,36841016,26303200,0,0,0,0,0,
600008.SH,600008,20251209,92444000,0,0,0,0,0,,,0,0,0,0,0,30300,30300,0,0,0,0,0,0,0,0,0,142700,2189900,0,0,0,0,0,0,0,0,30300,0,0,0,0,0,0,0,0,0,142700,0,0,0,0,0,0,0,0,0,30750,29950,36841116,26326500,0,0,0,0,0,
600008.SH,600008,20251209,92450000,0,0,0,0,0,,,0,0,0,0,0,30300,30300,0,0,0,0,0,0,0,0,0,142700,2220400,0,0,0,0,0,0,0,0,30300,0,0,0,0,0,0,0,0,0,142700,0,0,0,0,0,0,0,0,0,30750,29950,36888116,26349200,0,0,0,0,0,
600008.SH,600008,20251209,92453000,0,0,0,0,0,,,0,0,0,0,0,30300,30300,0,0,0,0,0,0,0,0,0,142700,2239600,0,0,0,0,0,0,0,0,30300,0,0,0,0,0,0,0,0,0,142700,0,0,0,0,0,0,0,0,0,30750,29950,36907316,26349200,0,0,0,0,0,
600008.SH,600008,20251209,92456000,0,0,0,0,0,,,0,0,0,0,0,30300,30300,0,0,0,0,0,0,0,0,0,142700,2264700,0,0,0,0,0,0,0,0,30300,0,0,0,0,0,0,0,0,0,142700,0,0,0,0,0,0,0,0,0,30750,29950,36943116,26355200,0,0,0,0,0,
600008.SH,600008,20251209,92459000,0,0,0,0,0,,,0,0,0,0,0,30300,30300,0,0,0,0,0,0,0,0,0,152500,2279600,0,0,0,0,0,0,0,0,30300,0,0,0,0,0,0,0,0,0,152500,0,0,0,0,0,0,0,0,0,30750,29950,36967816,26365000,0,0,0,0,0,
600008.SH,600008,20251209,92502000,30300,152500,462075,56,0,,,152500,462075,30300,30300,30300,30300,30300,30400,30500,30600,30700,30800,30900,31000,31100,31200,2279700,10444400,11753860,3070600,1766930,973100,894000,622400,573100,260200,30200,30100,30000,29900,29800,29700,29600,29500,29400,29300,7435900,10362700,4239900,1558200,503800,179900,146600,149300,9200,21900,30760,29940,36815416,26212500,0,0,0,0,0,
600008.SH,600008,20251209,93002000,30300,200,606,57,0,,,152700,462681,30300,30300,30300,30300,30300,30400,30500,30600,30700,30800,30900,31000,31100,31200,2354200,9614800,11792060,3083600,1766930,973400,894000,622400,573100,260200,30200,30100,30000,29900,29800,29700,29600,29500,29400,29300,7310400,10475600,4253900,1559000,516100,179900,146600,149300,9200,21900,30760,29940,36162316,26227000,0,0,0,0,0,
600008.SH,600008,20251209,93005000,30200,39100,118352,63,0,,,191800,581033,30300,30200,30300,30300,30300,30400,30500,30600,30700,30800,30900,31000,31100,31200,2340000,9820000,11841960,3249100,2047930,1009100,897700,622400,518100,266200,30200,30100,30000,29900,29800,29700,29600,29500,29400,29300,7198000,10595400,4298400,1572000,521100,179900,146600,149300,12200,21900,30810,29940,37832116,26307500,0,0,0,0,0,
600008.SH,600008,20251209,93008000,30200,236600,714540,102,0,,,428400,1295573,30300,30200,30300,30300,30300,30400,30500,30600,30700,30800,30900,31000,31100,31200,2537130,10268800,12183860,3224500,2054430,1034100,897700,624600,518100,266200,30200,30100,30000,29900,29800,29700,29600,29500,29400,29300,7002700,10763500,4350900,1582000,534100,379900,196600,149300,12200,21900,30800,29940,38841846,26605800,0,0,0,0,0,
600008.SH,600008,20251209,93011000,30200,220200,665011,124,0,,,648600,1960584,30300,30200,30300,30300,30300,30400,30500,30600,30700,30800,30900,31000,31100,31200,2910630,10697500,12264660,3278400,2014430,1054100,897700,624600,518100,266200,30200,30100,30000,29900,29800,29700,29600,29500,29400,29300,6810900,10663100,4368600,1582000,534100,379900,196600,149300,12200,21900,30800,29940,39893546,26331800,0,0,0,0,0,
600008.SH,600008,20251209,93014000,30300,36400,110232,134,0,,,685000,2070816,30300,30200,30300,30300,30300,30400,30500,30600,30700,30800,30900,31000,31100,31200,2959830,10781500,12331060,4313600,2024430,1074100,900700,624600,518100,266200,30200,30100,30000,29900,29800,29700,29600,29500,29400,29300,6825200,10663200,4626600,1599300,534100,379900,196600,150000,12200,21900,30790,29940,41171546,26624600,0,0,0,0,0,
600008.SH,600008,20251209,93017000,30200,111400,337349,149,0,,,796400,2408165,30300,30200,30300,30300,30300,30400,30500,30600,30700,30800,30900,31000,31100,31200,3262830,10825600,12332060,4322100,2025630,1083700,902700,656300,464100,281200,30200,30100,30000,29900,29800,29700,29600,29500,29400,29300,6767900,10663200,4689400,1599300,534100,379900,196600,150000,12200,21900,30790,29940,41568146,26634500,0,0,0,0,0,
600008.SH,600008,20251209,93020000,30200,300,907,152,0,,,796700,2409072,30300,30200,30300,30300,30300,30400,30500,30600,30700,30800,30900,31000,31100,31200,3323330,10357700,12337160,4323500,2031730,1083700,906750,656300,464100,281200,30200,30100,30000,29900,29800,29700,29600,29500,29400,29300,6771600,10723200,4701400,1589800,534100,379900,206600,150000,12200,21900,30800,29940,41212296,26711000,0,0,0,0,0,
600008.SH,600008,20251209,93023000,30200,1600,4832,156,0,,,798300,2413904,30300,30200,30300,30300,30300,30400,30500,30600,30700,30800,30900,31000,31100,31200,3356430,10394400,12353160,4336300,2031730,1083700,906750,660300,464100,281200,30200,30100,30000,29900,29800,29700,29600,29500,29400,29300,6780900,10723200,4700500,1589800,534100,379900,206600,150000,13200,21900,30790,29940,41315396,26721200,0,0,0,0,0,
600008.SH,600008,20251209,93026000,30300,3300,9998,159,0,,,801600,2423902,30300,30200,30300,30300,30300,30400,30500,30600,30700,30800,30900,31000,31100,31200,3456630,10400700,12365160,4336300,2031730,1137700,906750,660300,464100,281200,30200,30100,30000,29900,29800,29700,29600,29500,29400,29300,6812800,10734800,4702000,1589800,534100,379900,206600,150000,13200,21900,30790,29940,41495896,26766200,0,0,0,0,0,
600008.SH,600008,20251209,93029000,30300,700,2117,163,0,,,802300,2426019,30300,30200,30300,30300,30300,30400,30500,30600,30700,30800,30900,31000,31100,31200,4053730,10453200,12365160,4340300,2033230,1139700,906750,660300,464100,281200,30200,30100,30000,29900,29800,29700,29600,29500,29400,29300,6857400,10779800,4756600,1590000,535800,380100,206600,150000,13200,21900,30790,29940,42153096,26916100,0,0,0,0,0,
600008.SH,600008,20251209,93032000,30200,300,907,165,0,,,802600,2426926,30300,30200,30300,30300,30300,30400,30500,30600,30700,30800,30900,31000,31100,31200,4069430,10452100,12374260,4350300,2043230,1139800,916750,660300,465100,281200,30200,30100,30000,29900,29800,29700,29600,29500,29400,29300,6862400,10786800,4777100,1590000,558900,380100,206600,150000,13200,21900,30790,29940,42213096,26988500,0,0,0,0,0,
600008.SH,600008,20251209,93035000,30200,4100,12397,170,0,,,806700,2439323,30300,30200,30300,30300,30300,30400,30500,30600,30700,30800,30900,31000,31100,31200,4200230,10316200,12004260,4010300,2043230,1159800,916850,690300,465100,281200,30200,30100,30000,29900,29800,29700,29600,29500,29400,29300,6564200,10433000,4797100,1590000,559200,380100,206600,150000,13200,21900,30790,29930,41568586,26356800,0,0,0,0,0,
600008.SH,600008,20251209,93038000,30200,6800,20553,193,0,,,813500,2459876,30300,30200,30300,30300,30300,30400,30500,30600,30700,30800,30900,31000,31100,31200,4275430,10321100,12022160,4018900,2043230,1159800,916850,690400,465100,281200,30200,30100,30000,29900,29800,29700,29600,29500,29400,29300,6187900,10448000,4799100,1590000,562200,380100,206600,150000,13200,21900,30790,29930,41675286,26000500,0,0,0,0,0,
600008.SH,600008,20251209,93041000,30200,120300,363320,206,0,,,933800,2823196,30300,30200,30300,30300,30300,30400,30500,30600,30700,30800,30900,31000,31100,31200,4284930,10321100,12022160,4018900,2043230,1159800,916850,690400,465100,281200,30200,30100,30000,29900,29800,29700,29600,29500,29400,29300,6039700,10448000,4804100,1590000,562200,380100,206600,150000,13200,21900,30790,29930,41684786,25857300,0,0,0,0,0,
600008.SH,600008,20251209,93044000,30300,167400,505569,214,0,,,1101200,3328765,30300,30200,30300,30300,30300,30400,30500,30600,30700,30800,30900,31000,31100,31200,4300930,10309500,12022160,4018900,2043230,1159800,916850,690400,465100,281200,30200,30100,30000,29900,29800,29700,29600,29500,29400,29300,5884400,10448000,4821100,1590000,562200,380100,206600,150000,13200,21900,30790,29930,41689186,25719000,0,0,0,0,0,
600008.SH,600008,20251209,93047000,30300,37000,111747,218,0,,,1138200,3440512,30300,30200,30300,30300,30300,30400,30500,30600,30700,30800,30900,31000,31100,31200,4385130,10233100,12010260,4018900,2043230,1126300,916850,690400,465100,281200,30200,30100,30000,29900,29800,29700,29600,29500,29400,29300,5868100,10452000,4821200,1590100,562200,380100,206600,150000,13200,21900,30790,29930,41651786,25707400,0,0,0,0,0,
600008.SH,600008,20251209,93050000,30200,500,1510,220,0,,,1138700,3442022,30300,30200,30300,30300,30300,30400,30500,30600,30700,30800,30900,31000,31100,31200,4389130,10233100,11975460,4018900,2043230,1126300,916850,690400,465100,281200,30200,30100,30000,29900,29800,29700,29600,29500,29400,29300,5820600,10472100,4823200,1620100,562200,380100,206600,150000,13200,21900,30790,29930,41620986,25712000,0,0,0,0,0,
600008.SH,600008,20251209,93053000,30300,700,2121,221,0,,,1139400,3444143,30300,30200,30300,30300,30300,30400,30500,30600,30700,30800,30900,31000,31100,31200,4731030,10233100,11281360,4018900,2043230,1126300,916850,690400,465200,281200,30200,30100,30000,29900,29800,29700,29600,29500,29400,29300,5746800,10474100,4830700,1620100,562200,380100,206600,150000,13200,21900,30790,29920,41268886,25647700,0,0,0,0,0,
600008.SH,600008,20251209,93056000,30300,30400,91902,226,0,,,1169800,3536045,30300,30200,30300,30300,30300,30400,30500,30600,30700,30800,30900,31000,31100,31200,4720730,10288900,11281360,4018900,2043230,1126300,916850,690400,465200,281200,30200,30100,30000,29900,29800,29700,29600,29500,29400,29300,5751600,10474100,4830700,1630100,562200,380100,206600,150000,13200,21900,30790,29920,41314816,25662500,0,0,0,0,0,
600008.SH,600008,20251209,93059000,30200,600,1812,228,0,,,1170400,3537857,30300,30200,30300,30300,30300,30400,30500,30600,30700,30800,30900,31000,31100,31200,4924830,10288900,11281360,4018900,2043230,1126300,916850,690400,465200,281200,30200,30100,30000,29900,29800,29700,29600,29500,29400,29300,5696900,10477100,4849200,1636400,582200,380100,206600,150000,13200,21900,30790,29920,41518916,25655600,0,0,0,0,0,
600008.SH,600008,20251209,93102000,30200,5300,16024,231,0,,,1175700,3553881,30300,30200,30300,30300,30300,30400,30500,30600,30700,30800,30900,31000,31100,31200,4961930,10287900,11281360,4018900,2043230,1126300,916850,690400,465200,281200,30200,30100,30000,29900,29800,29700,29600,29500,29400,29300,5698100,10477100,4834800,1636400,582200,380100,206600,150000,13200,21900,30790,29920,41557516,25642400,0,0,0,0,0,
600008.SH,600008,20251209,93105000,30200,13900,41981,246,0,,,1189600,3595862,30300,30200,30300,30300,30300,30400,30500,30600,30700,30800,30900,31000,31100,31200,4966530,10287900,11286360,4018900,2043230,1126300,950850,690400,465200,281200,30200,30100,30000,29900,29800,29700,29600,29500,29400,29300,5693000,10477100,4884800,1636400,582200,380100,206600,150000,13200,21900,30790,29920,41601416,25687300,0,0,0,0,0,
600008.SH,600008,20251209,93108000,30200,9100,27489,251,0,,,1198700,3623351,30300,30200,30300,30300,30300,30400,30500,30600,30700,30800,30900,31000,31100,31200,5136530,10290900,11292760,4018900,2043230,1126300,950850,635400,465200,281200,30200,30100,30000,29900,29800,29700,29600,29500,29400,29300,5684600,10476500,4885800,1636400,582200,380100,206600,150000,13200,21900,30780,29920,41726816,25679300,0,0,0,0,0,
600008.SH,600008,20251209,93111000,30200,4100,12388,256,0,,,1202800,3635739,30300,30200,30300,30300,30300,30400,30500,30600,30700,30800,30900,31000,31100,31200,5207830,10252900,11292760,4018900,2043230,1126300,950850,635400,465200,281200,30200,30100,30000,29900,29800,29700,29600,29500,29400,29300,5684200,10476500,4856400,1636400,582200,380100,206600,150000,13200,21900,30780,29920,41760116,25649500,0,0,0,0,0,
600008.SH,600008,20251209,93114000,30200,15600,47112,260,0,,,1218400,3682851,30300,30200,30300,30300,30300,30400,30500,30600,30700,30800,30900,31000,31100,31200,5210530,10252900,11292760,4019800,2043230,1126300,950850,635400,465200,281200,30200,30100,30000,29900,29800,29700,29600,29500,29400,29300,5633900,10497800,4856400,1636400,582200,380100,206600,150000,13200,21900,30780,29920,41764116,25620500,0,0,0,0,0,
600008.SH,600008,20251209,93117000,30200,10300,31106,264,0,,,1228700,3713957,30300,30200,30300,30300,30300,30400,30500,30600,30700,30800,30900,31000,31100,31200,5314330,10252900,11292760,4019800,2043230,1126300,950850,635400,465200,281200,30200,30100,30000,29900,29800,29700,29600,29500,29400,29300,5628100,10502800,4858400,1636800,583200,380100,206600,150000,13200,21900,30780,29920,41867916,25623100,0,0,0,0,0,
600008.SH,600008,20251209,93120000,30300,1900,5756,266,0,,,1230600,3719713,30300,30200,30300,30300,30300,30400,30500,30600,30700,30800,30900,31000,31100,31200,5366530,10252900,11292760,3920800,2043230,1126300,950850,635400,465200,281200,30200,30100,30000,29900,29800,29700,29600,29500,29400,29300,5630300,10506000,4888400,1636800,583200,380100,206600,150000,13200,21900,30780,29920,41821116,25658500,0,0,0,0,0,
600008.SH,600008,20251209,93123000,30200,124500,375990,269,0,,,1355100,4095703,30300,30200,30300,30300,30300,30400,30500,30600,30700,30800,30900,31000,31100,31200,5367130,10271300,11292760,3920800,2043230,1127300,950850,635400,465200,281200,30200,30100,30000,29900,29800,29700,29600,29500,29400,29300,5511600,10505900,4888400,1636800,583200,380100,206600,150000,13200,21900,30780,29920,41861116,25539700,0,0,0,0,0,
600008.SH,600008,20251209,93126000,30200,2800,8474,272,0,,,1357900,4104177,30300,30200,30300,30300,30300,30400,30500,30600,30700,30800,30900,31000,31100,31200,5370430,10281300,11293760,3920800,2043230,1127300,950850,635400,465200,281200,30200,30100,30000,29900,29800,29700,29600,29500,29400,29300,5511700,10506900,4899400,1636800,583200,380100,206600,150000,13200,21900,30780,29920,41875416,25551800,0,0,0,0,0,
600008.SH,600008,20251209,93129000,30200,4500,13590,274,0,,,1362400,4117767,30300,30200,30300,30300,30300,30400,30500,30600,30700,30800,30900,31000,31100,31200,5366030,10284300,11282760,3920800,2043230,1127300,950850,635400,465200,281200,30200,30100,30000,29900,29800,29700,29600,29500,29400,29300,5511200,10522400,4899400,1636800,588200,380100,206600,150000,13200,21900,30780,29920,41863016,25571800,0,0,0,0,0,
600008.SH,600008,20251209,93132000,30300,2100,6362,276,0,,,1364500,4124129,30300,30200,30300,30300,30300,30400,30500,30600,30700,30800,30900,31000,31100,31200,5467130,10284300,11282760,3920800,2043230,1127300,950850,635400,465200,281200,30200,30100,30000,29900,29800,29700,29600,29500,29400,29300,5312700,10524100,4899400,1636800,588200,380100,206600,150000,13200,21900,30780,29920,41964116,25375000,0,0,0,0,0,
600008.SH,600008,20251209,93135000,30200,2400,7248,277,0,,,1366900,4131377,30300,30200,30300,30300,30300,30400,30500,30600,30700,30800,30900,31000,31100,31200,5467230,10284300,11282760,3920800,2043230,1127300,950850,635400,465200,281200,30200,30100,30000,29900,29800,29700,29600,29500,29400,29300,5310300,10534200,4899400,1676800,588200,380100,206600,150900,13200,21900,30780,29920,41964216,25423600,0,0,0,0,0,
600008.SH,600008,20251209,93138000,30200,18100,54662,282,0,,,1385000,4186039,30300,30200,30300,30300,30300,30400,30500,30600,30700,30800,30900,31000,31100,31200,5467230,10314300,11282760,3920400,2043230,1127300,950850,635400,465200,281200,30200,30100,30000,29900,29800,29700,29600,29500,29400,29300,5297700,10541800,4903300,1676800,588200,380100,206600,150900,13200,21900,30780,29920,41993816,25422500,0,0,0,0,0,
600008.SH,600008,20251209,93141000,30200,11600,35064,288,0,,,1396600,4221103,30300,30200,30300,30300,30300,30400,30500,30600,30700,30800,30900,31000,31100,31200,5461530,10340400,11292760,3920400,2043230,1127300,950850,635400,465200,281200,30200,30100,30000,29900,29800,29700,29600,29500,29400,29300,5287300,10541800,4906300,1676800,588400,380100,206600,150900,13200,21900,30780,29920,42024216,25415300,0,0,0,0,0,
600008.SH,600008,20251209,93144000,30300,4400,13326,291,0,,,1401000,4234429,30300,30200,30300,30300,30300,30400,30500,30600,30700,30800,30900,31000,31100,31200,5467930,10391600,11292760,3920400,2043230,1127300,950850,635400,465200,281200,30200,30100,30000,29900,29800,29700,29600,29500,29400,29300,5297400,10541800,4906300,1676800,588400,380100,206600,150900,13200,21900,30780,29920,42081816,25425400,0,0,0,0,0,
600008.SH,600008,20251209,93147000,30200,32100,96962,297,0,,,1433100,4331391,30300,30200,30300,30300,30300,30400,30500,30600,30700,30800,30900,31000,31100,31200,5468230,10391600,11292760,3920400,2043230,1127300,950850,635400,465200,281200,30200,30100,30000,29900,29800,29700,29600,29500,29400,29300,5270300,10534200,4909300,1676800,668400,380100,206600,150900,13200,21900,30780,29920,42077116,25473700,0,0,0,0,0,
600008.SH,600008,20251209,93150000,30300,3800,11513,299,0,,,1436900,4342904,30300,30200,30300,30300,30300,30400,30500,30600,30700,30800,30900,31000,31100,31200,5464530,10391600,11277660,3920400,2043230,1127300,950850,635400,465200,281200,30200,30100,30000,29900,29800,29700,29600,29500,29400,29300,5268600,10568700,4909300,1676800,668400,380100,206600,150900,13200,21900,30780,29920,42058316,25507200,0,0,0,0,0,
600008.SH,600008,20251209,93153000,30200,3700,11174,302,0,,,1440600,4354078,30300,30200,30300,30300,30300,30400,30500,30600,30700,30800,30900,31000,31100,31200,5462130,10391600,11277660,3920400,2043230,1127300,950850,635400,465200,281200,30200,30100,30000,29900,29800,29700,29600,29500,29400,29300,5286500,10567700,4909300,1676800,668400,380100,206600,150900,13200,21900,30780,29920,42055916,25524100,0,0,0,0,0,
600008.SH,600008,20251209,93156000,30300,44600,134725,308,0,,,1485200,4488803,30300,30200,30300,30300,30300,30400,30500,30600,30700,30800,30900,31000,31100,31200,5458630,10391600,11277660,3920400,2043230,1127300,950850,635400,465200,281200,30200,30100,30000,29900,29800,29700,29600,29500,29400,29300,5255200,10567700,4909300,1676800,669400,380100,206600,150900,13200,21900,30780,29920,42052416,25493800,0,0,0,0,0,
600008.SH,600008,20251209,93159000,30200,16100,48646,314,0,,,1501300,4537449,30300,30200,30300,30300,30300,30400,30500,30600,30700,30800,30900,31000,31100,31200,5458230,10406600,11277660,3920400,2043230,1127300,950850,635400,465200,281200,30200,30100,30000,29900,29800,29700,29600,29500,29400,29300,5242700,10567700,4909300,1681800,670400,380100,206600,150900,13200,21900,30780,29920,42067016,25487300,0,0,0,0,0,
600008.SH,600008,20251209,93202000,30200,3100,9362,320,0,,,1504400,4546811,30300,30200,30300,30300,30300,30400,30500,30600,30700,30800,30900,31000,31100,31200,5461230,10411600,11287660,3920400,2043230,1127300,950850,635400,465200,281200,30200,30100,30000,29900,29800,29700,29600,29500,29400,29300,5250500,10573700,4910300,1681800,670400,380100,206600,150900,13200,21900,30780,29920,42095816,25502100,0,0,0,0,0,
600008.SH,600008,20251209,93205000,30300,2500,7552,323,0,,,1506900,4554363,30300,30200,30300,30300,30300,30400,30500,30600,30700,30800,30900,31000,31100,31200,5479130,10411600,11297660,3920400,2043230,1127300,950850,635400,465200,281200,30200,30100,30000,29900,29800,29700,29600,29500,29400,29300,5248800,10578700,4925900,1681800,670400,380100,206600,150900,13200,21900,30780,29920,42126316,25521000,0,0,0,0,0,
600008.SH,600008,20251209,93208000,30200,1400,4228,326,0,,,1508300,4558591,30300,30200,30300,30300,30300,30400,30500,30600,30700,30800,30900,31000,31100,31200,5482230,10312200,11297660,3920400,2043230,1127300,950850,635400,465200,281200,30200,30100,30000,29900,29800,29700,29600,29500,29400,29300,5246400,10578700,4927900,1681800,670400,380100,206600,150900,13200,21900,30780,29920,42030016,25520600,0,0,0,0,0,
600008.SH,600008,20251209,93211000,30300,3500,10577,329,0,,,1511800,4569168,30300,30200,30300,30300,30300,30400,30500,30600,30700,30800,30900,31000,31100,31200,5489530,10313000,11297660,3920400,2043230,1127300,950850,635400,465200,282000,30200,30100,30000,29900,29800,29700,29600,29500,29400,29300,5242500,10578700,4933900,1681800,670400,380100,206600,150900,13200,21900,30780,29920,42038916,25522700,0,0,0,0,0,
600008.SH,600008,20251209,93214000,30200,411000,1241220,374,0,,,1922800,5810388,30300,30200,30300,30300,30300,30400,30500,30600,30700,30800,30900,31000,31100,31200,5529130,10313900,11292760,3914900,2038230,1127300,950850,635400,465200,282000,30200,30100,30000,29900,29800,29700,29600,29500,29400,29300,4831700,10578700,4933900,1681800,670400,382100,206600,150900,13200,21900,30780,29910,42066016,25113900,0,0,0,0,0,
600008.SH,600008,20251209,93217000,30200,19300,58286,391,0,,,1942100,5868674,30300,30200,30300,30300,30300,30400,30500,30600,30700,30800,30900,31000,31100,31200,5209430,10313900,11297760,3914900,2038230,1127300,950850,635400,465200,282000,30200,30100,30000,29900,29800,29700,29600,29500,29400,29300,4835500,10578700,4954500,1681800,670400,382100,206600,150900,13200,21900,30790,29920,41751316,25138300,0,0,0,0,0,
600008.SH,600008,20251209,93220000,30200,22100,66748,397,0,,,1964200,5935422,30300,30200,30300,30300,30300,30400,30500,30600,30700,30800,30900,31000,31100,31200,5218040,10313900,11297760,3914900,2038230,1127300,950850,635400,465200,282000,30200,30100,30000,29900,29800,29700,29600,29500,29400,29300,4825700,10484700,4955500,1687300,670400,382100,206600,150900,13200,21900,30790,29910,41759926,25041000,0,0,0,0,0,
600008.SH,600008,20251209,93223000,30300,52000,157044,400,0,,,2016200,6092466,30300,30200,30300,30300,30300,30400,30500,30600,30700,30800,30900,31000,31100,31200,5216040,10313900,11299260,3914900,2038230,1127300,950850,635400,465200,282000,30200,30100,30000,29900,29800,29700,29600,29500,29400,29300,4793100,10484700,4960500,1687300,670400,382100,206600,150900,13200,21900,30790,29910,41761426,25013400,0,0,0,0,0,
600008.SH,600008,20251209,93226000,30300,2600,7877,403,0,,,2018800,6100343,30300,30200,30300,30300,30300,30400,30500,30600,30700,30800,30900,31000,31100,31200,5234540,10314000,11299260,3914900,2038230,1127300,950850,635400,465200,282000,30200,30100,30000,29900,29800,29700,29600,29500,29400,29300,4793000,10484700,4962500,1701100,670400,383800,206600,150900,13200,21900,30790,29910,41780026,25030800,0,0,0,0,0,
600008.SH,600008,20251209,93229000,30200,2700,8154,404,0,,,2021500,6108497,30300,30200,30300,30300,30300,30400,30500,30600,30700,30800,30900,31000,31100,31200,5271840,10314000,11299260,3914900,2038230,1127300,950850,635400,465200,282000,30200,30100,30000,29900,29800,29700,29600,29500,29400,29300,4903700,10489300,4962500,1701100,670400,383800,206600,150900,13200,21900,30790,29920,41817326,25146100,0,0,0,0,0,
600008.SH,600008,20251209,93232000,30300,4300,13029,405,0,,,2025800,6121526,30300,30200,30300,30300,30300,30400,30500,30600,30700,30800,30900,31000,31100,31200,5267540,10336400,11299260,3914900,2038230,1127300,950850,635400,465200,282000,30200,30100,30000,29900,29800,29700,29600,29500,29400,29300,4904500,10489300,4964500,1701100,670400,383800,206600,150900,13200,21900,30780,29920,41835426,25148900,0,0,0,0,0,
600008.SH,600008,20251209,93235000,30200,23800,71876,408,0,,,2049600,6193402,30300,30200,30300,30300,30300,30400,30500,30600,30700,30800,30900,31000,31100,31200,5399540,10336400,11299260,3914900,2098230,1127300,950850,635400,465200,282000,30200,30100,30000,29900,29800,29700,29600,29500,29400,29300,4928900,10490300,4964500,1701100,670400,383800,206600,150900,13200,21900,30780,29920,42027426,25174300,0,0,0,0,0,
600008.SH,600008,20251209,93238000,30200,4400,13288,410,0,,,2054000,6206690,30300,30200,30300,30300,30300,30400,30500,30600,30700,30800,30900,31000,31100,31200,5626640,10336400,11299260,3914900,2098230,1127300,950850,635400,465200,282000,30200,30100,30000,29900,29800,29700,29600,29500,29400,29300,4937100,10490300,4964500,1701600,670400,383800,206600,150900,13200,21900,30780,29920,42254526,25183000,0,0,0,0,0,
600008.SH,600008,20251209,93241000,30200,26600,80332,413,0,,,2080600,6287022,30300,30200,30300,30300,30300,30400,30500,30600,30700,30800,30900,31000,31100,31200,5626240,10336400,11299260,3915200,2098230,1127300,950850,635400,465200,282000,30200,30100,30000,29900,29800,29700,29600,29500,29400,29300,4910500,10514300,4964500,1701600,670400,383800,206600,150900,13200,21900,30780,29920,42254426,25180400,0,0,0,0,0,
600008.SH,600008,20251209,93244000,30200,1100,3322,415,0,,,2081700,6290344,30300,30200,30300,30300,30300,30400,30500,30600,30700,30800,30900,31000,31100,31200,5640340,10336400,11299260,3915500,2098230,1127300,950850,635400,465200,282000,30200,30100,30000,29900,29800,29700,29600,29500,29400,29300,4929400,10637500,4967400,1701600,672400,383800,206600,150900,13200,21900,30780,29920,42278826,25327400,0,0,0,0,0,
600008.SH,600008,20251209,93247000,30200,2800,8456,416,0,,,2084500,6298800,30300,30200,30300,30300,30300,30400,30500,30600,30700,30800,30900,31000,31100,31200,5640140,10339300,11306260,3915500,2098230,1127300,950850,635400,465200,282000,30200,30100,30000,29900,29800,29700,29600,29500,29400,29300,4927800,10637500,4967400,1701600,672400,383800,206600,150900,13200,21900,30780,29920,42288526,25325800,0,0,0,0,0,
600008.SH,600008,20251209,93250000,30300,2100,6343,418,0,,,2086600,6305143,30300,30200,30300,30300,30300,30400,30500,30600,30700,30800,30900,31000,31100,31200,5670540,10379300,11306260,3915500,2098230,1127300,950850,635400,465200,282000,30200,30100,30000,29900,29800,29700,29600,29500,29400,29300,4939300,10676700,4974200,1701600,672400,383800,206600,150900,13200,21900,30780,29920,42358926,25383300,0,0,0,0,0,
600008.SH,600008,20251209,93253000,30300,32700,98771,424,0,,,2119300,6403914,30300,30200,30300,30300,30300,30400,30500,30600,30700,30800,30900,31000,31100,31200,5665440,10383600,11306260,3915500,2098230,1127300,950850,635400,465200,282000,30200,30100,30000,29900,29800,29700,29600,29500,29400,29300,4902500,10676700,4980700,1701600,672400,383800,206600,150900,13200,21900,30780,29920,42358126,25353000,0,0,0,0,0,
600008.SH,600008,20251209,93256000,30200,3500,10585,429,0,,,2122800,6414499,30300,30200,30300,30300,30300,30400,30500,30600,30700,30800,30900,31000,31100,31200,5714240,10383600,11309660,3915500,2098230,1127300,950850,635400,465200,282000,30200,30100,30000,29900,29800,29700,29600,29500,29400,29300,4907200,10676700,4980700,1701600,692400,383800,206600,150900,13200,21900,30780,29920,42410626,25377700,0,0,0,0,0,
600008.SH,600008,20251209,93259000,30300,1400,4242,430,0,,,2124200,6418741,30300,30200,30300,30300,30300,30400,30500,30600,30700,30800,30900,31000,31100,31200,5712440,10391900,11309660,3905500,2098230,1127300,950850,635400,465200,282000,30200,30100,30000,29900,29800,29700,29600,29500,29400,29300,4907200,10678700,4930700,1701600,692400,383800,206600,150900,13200,21900,30780,29920,42408126,25329700,0,0,0,0,0,
600008.SH,600008,20251209,93302000,30200,2900,8769,432,0,,,2127100,6427510,30300,30200,30300,30300,30300,30400,30500,30600,30700,30800,30900,31000,31100,31200,5703840,10396100,11309660,3905500,2098230,1127300,950850,635400,465200,282000,30200,30100,30000,29900,29800,29700,29600,29500,29400,29300,4907500,10678700,4930700,1701600,692400,383800,206600,150900,13200,21900,30780,29920,42403726,25330000,0,0,0,0,0,
600008.SH,600008,20251209,93305000,30200,9000,27180,433,0,,,2136100,6454690,30300,30200,30300,30300,30300,30400,30500,30600,30700,30800,30900,31000,31100,31200,5703940,10396100,11301660,3885900,2098230,1147300,950850,635400,465200,282000,30200,30100,30000,29900,29800,29700,29600,29500,29400,29300,4898500,10688700,4930700,1701600,692400,383800,206700,150900,13200,21900,30780,29920,42396226,25332100,0,0,0,0,0,
600008.SH,600008,20251209,93308000,30200,0,0,433,0,,,2136100,6454690,30300,30200,30300,30300,30300,30400,30500,30600,30700,30800,30900,31000,31100,31200,5703740,10396100,11301660,3885900,2098230,1150300,950850,635400,465200,282000,30200,30100,30000,29900,29800,29700,29600,29500,29400,29300,4912800,10693700,4930700,1701600,692400,383800,206700,150900,13200,21900,30780,29920,42399026,25351400,0,0,0,0,0,
600008.SH,600008,20251209,93311000,30300,2400,7254,435,0,,,2138500,6461944,30300,30200,30300,30300,30300,30400,30500,30600,30700,30800,30900,31000,31100,31200,5704140,10396100,11340660,3885900,2098230,1150300,950850,635400,465200,282000,30200,30100,30000,29900,29800,29700,29600,29500,29400,29300,4916300,10702700,4930700,1701600,692400,383800,206700,150900,13200,21900,30780,29920,42438426,25363900,0,0,0,0,0,
600008.SH,600008,20251209,93314000,30200,2000,6040,436,0,,,2140500,6467984,30300,30200,30300,30300,30300,30400,30500,30600,30700,30800,30900,31000,31100,31200,5704240,10396100,11440660,3885900,2098230,1150300,950850,635400,465200,282000,30200,30100,30000,29900,29800,29700,29600,29500,29400,29300,4950300,10703700,4930700,1701600,692400,383800,206700,150900,13200,21900,30780,29920,42538526,25399000,0,0,0,0,0,
600008.SH,600008,20251209,93317000,30200,13000,39266,439,0,,,2153500,6507250,30300,30200,30300,30300,30300,30400,30500,30600,30700,30800,30900,31000,31100,31200,5815840,10423700,11440660,3885900,2098230,1150300,950850,635400,465200,282000,30200,30100,30000,29900,29800,29700,29600,29500,29400,29300,4936000,10715700,4930700,1701600,692400,383800,206700,150900,13200,21900,30780,29920,42677726,25396700,0,0,0,0,0,
600008.SH,600008,20251209,93320000,30200,0,0,439,0,,,2153500,6507250,30300,30200,30300,30300,30300,30400,30500,30600,30700,30800,30900,31000,31100,31200,5805840,10423700,11450660,3885900,2098230,1150300,950850,635400,465200,282000,30200,30100,30000,29900,29800,29700,29600,29500,29400,29300,4936200,10715700,4930700,1701600,692400,383800,206700,150900,13200,21900,30780,29920,42677726,25396900,0,0,0,0,0,
600008.SH,600008,20251209,93323000,30200,55500,167610,440,0,,,2209000,6674860,30300,30200,30300,30300,30300,30400,30500,30600,30700,30800,30900,31000,31100,31200,5918640,10423700,11450660,3885900,2098230,1145300,950850,635400,465200,282000,30200,30100,30000,29900,29800,29700,29600,29500,29400,29300,4882800,10686500,4933700,1701600,694400,383800,206700,150900,13200,21900,30780,29920,42785526,25319300,0,0,0,0,0,
600008.SH,600008,20251209,93326000,30300,15600,47129,445,0,,,2224600,6721989,30300,30200,30300,30300,30300,30400,30500,30600,30700,30800,30900,31000,31100,31200,5977040,10423700,11450660,3885900,2098230,1145300,950850,635400,465200,282000,30200,30100,30000,29900,29800,29700,29600,29500,29400,29300,4880100,10698200,4951300,1701700,694400,383800,206700,150900,13200,21900,30780,29920,42843926,25346000,0,0,0,0,0,
600008.SH,600008,20251209,93329000,30200,15800,47726,504,0,,,2240400,6769715,30300,30200,30300,30300,30300,30400,30500,30600,30700,30800,30900,31000,31100,31200,6034140,10428700,11488860,3874500,2098230,1148300,950850,635400,465200,282000,30200,30100,30000,29900,29800,29700,29600,29500,29400,29300,4865300,10700700,4953300,1701700,694400,383800,206700,150900,13200,21900,30770,29920,42935826,25336700,0,0,0,0,0,
600008.SH,600008,20251209,93332000,30200,0,0,504,0,,,2240400,6769715,30300,30200,30300,30300,30300,30400,30500,30600,30700,30800,30900,31000,31100,31200,6034140,10428700,11488860,3874500,2098230,1148300,957150,635400,465200,282000,30200,30100,30000,29900,29800,29700,29600,29500,29400,29300,4870300,10749700,4953300,1701700,694400,383800,206700,150900,13200,21900,30770,29920,42942126,25400700,0,0,0,0,0,
600008.SH,600008,20251209,93335000,30200,1500,4530,505,0,,,2241900,6774245,30300,30200,30300,30300,30300,30400,30500,30600,30700,30800,30900,31000,31100,31200,6117540,10428700,11488860,3874500,2098230,1148300,957150,635400,465200,282000,30200,30100,30000,29900,29800,29700,29600,29500,29400,29300,4872400,10749700,4963300,1701700,694400,383800,206700,150900,13200,21900,30770,29920,43026526,25412800,0,0,0,0,0,
600008.SH,600008,20251209,93338000,30200,0,0,505,0,,,2241900,6774245,30300,30200,30300,30300,30300,30400,30500,30600,30700,30800,30900,31000,31100,31200,6180840,10438700,11492560,3874500,2098230,1148300,957150,635400,465200,282000,30200,30100,30000,29900,29800,29700,29600,29500,29400,29300,4872400,10749700,4974300,1701700,694400,383800,206700,150900,13200,21900,30770,29920,43103526,25423800,0,0,0,0,0,
600008.SH,600008,20251209,93341000,30200,48800,147376,510,0,,,2290700,6921621,30300,30200,30300,30300,30300,30400,30500,30600,30700,30800,30900,31000,31100,31200,6178040,10432700,11492560,3875500,2098230,1148300,957150,635400,465200,282000,30200,30100,30000,29900,29800,29700,29600,29500,29400,29300,4816600,10749700,4974300,1701700,694400,383800,206700,150900,13200,21900,30770,29910,43095726,25368000,0,0,0,0,0,
600008.SH,600008,20251209,93344000,30200,200,604,512,0,,,2290900,6922225,30300,30200,30300,30300,30300,30400,30500,30600,30700,30800,30900,31000,31100,31200,6170040,10432700,11492560,3775500,2101530,1148300,957150,635400,465200,282000,30200,30100,30000,29900,29800,29700,29600,29500,29400,29300,4826400,10749900,4978700,1701700,694400,383800,206700,150900,13200,21900,30770,29920,42991026,25382400,0,0,0,0,0,
600008.SH,600008,20251209,93347000,30200,16200,48924,517,0,,,2307100,6971149,30300,30200,30300,30300,30300,30400,30500,30600,30700,30800,30900,31000,31100,31200,6529840,10433700,11492560,3775500,2101530,1148300,957150,635400,465200,282000,30200,30100,30000,29900,29800,29700,29600,29500,29400,29300,4817200,10750100,4992700,1701700,694400,383800,206700,150900,13200,21900,30770,29910,43350726,25390000,0,0,0,0,0,
600008.SH,600008,20251209,93350000,30200,13300,40166,518,0,,,2320400,7011315,30300,30200,30300,30300,30300,30400,30500,30600,30700,30800,30900,31000,31100,31200,6521740,10433700,11492560,3775500,2101530,1148300,958150,635400,465200,282000,30200,30100,30000,29900,29800,29700,29600,29500,29400,29300,4812200,10751100,4992700,1711700,694400,383800,206700,150900,13200,21900,30770,29910,43343626,25398000,0,0,0,0,0,
600008.SH,600008,20251209,93353000,30200,35900,108418,522,0,,,2356300,7119733,30300,30200,30300,30300,30300,30400,30500,30600,30700,30800,30900,31000,31100,31200,6591740,10433700,11492560,3778800,2101530,1148300,958150,635400,465200,282000,30200,30100,30000,29900,29800,29700,29600,29500,29400,29300,4761300,10751100,4996900,1711700,694500,383800,206700,150900,13200,21900,30770,29910,43416926,25348800,0,0,0,0,0,
600008.SH,600008,20251209,93356000,30300,3600,10887,526,0,,,2359900,7130620,30300,30200,30300,30300,30300,30400,30500,30600,30700,30800,30900,31000,31100,31200,6588840,10433700,11492560,3778800,2101530,1148300,958150,635400,465200,282000,30200,30100,30000,29900,29800,29700,29600,29500,29400,29300,4759200,10755100,4996900,1711700,694500,383800,206700,150900,13200,21900,30770,29910,43415026,25350700,0,0,0,0,0,
600008.SH,600008,20251209,93359000,30200,26200,79124,529,0,,,2386100,7209744,30300,30200,30300,30300,30300,30400,30500,30600,30700,30800,30900,31000,31100,31200,6559240,10433700,11492560,3780800,2106530,1148300,958150,635400,465200,282000,30200,30100,30000,29900,29800,29700,29600,29500,29400,29300,4748000,10755700,5001900,1711700,704500,383800,206700,150900,13200,21900,30770,29910,43392426,25355100,0,0,0,0,0,
600008.SH,600008,20251209,93402000,30200,16600,50133,534,0,,,2402700,7259877,30300,30200,30300,30300,30300,30400,30500,30600,30700,30800,30900,31000,31100,31200,6569640,10433700,11492560,3780800,2106530,1148300,958150,635400,465200,282000,30200,30100,30000,29900,29800,29700,29600,29500,29400,29300,4731500,10755700,5009900,1711700,704500,383800,206700,150900,13200,21900,30770,29910,43402826,25346600,0,0,0,0,0,
600008.SH,600008,20251209,93405000,30200,0,0,534,0,,,2402700,7259877,30300,30200,30300,30300,30300,30400,30500,30600,30700,30800,30900,31000,31100,31200,6552740,10433700,11492560,3780800,2106530,1148300,958150,635400,465200,282000,30200,30100,30000,29900,29800,29700,29600,29500,29400,29300,4731500,10755700,5151900,1711700,704500,383800,206700,150900,13200,21900,30770,29910,43385926,25488600,0,0,0,0,0,
600008.SH,600008,20251209,93408000,30200,100,302,535,0,,,2402800,7260179,30300,30200,30300,30300,30300,30400,30500,30600,30700,30800,30900,31000,31100,31200,6549240,10433700,11493560,3780800,2106530,1148300,958150,635400,465200,282000,30200,30100,30000,29900,29800,29700,29600,29500,29400,29300,4732400,10759300,5153900,1711700,704500,383800,206700,150900,13200,21900,30770,29910,43383426,25495100,0,0,0,0,0,
600008.SH,600008,20251209,93411000,30200,2400,7248,536,0,,,2405200,7267427,30300,30200,30300,30300,30300,30400,30500,30600,30700,30800,30900,31000,31100,31200,6579640,10433700,11493560,3780800,2106530,1148300,958150,635400,465200,282000,30200,30100,30000,29900,29800,29700,29600,29500,29400,29300,4740100,10759300,5153900,1711700,704500,383800,206700,150900,13200,21900,30770,29910,43413826,25502800,0,0,0,0,0,
600008.SH,600008,20251209,93414000,30200,6900,20838,538,0,,,2412100,7288265,30300,30200,30300,30300,30300,30400,30500,30600,30700,30800,30900,31000,31100,31200,6571940,10433700,11493560,3780800,2106530,1144800,958150,635400,465200,282000,30200,30100,30000,29900,29800,29700,29600,29500,29400,29300,4736500,10759300,5153900,1711700,707500,383800,206700,150900,13200,21900,30770,29910,43405726,25502200,0,0,0,0,0,
600008.SH,600008,20251209,93417000,30200,7600,22952,541,0,,,2419700,7311217,30300,30200,30300,30300,30300,30400,30500,30600,30700,30800,30900,31000,31100,31200,6571940,10463700,11493560,3780800,2107830,1144800,958150,635400,465200,282000,30200,30100,30000,29900,29800,29700,29600,29500,29400,29300,4743000,10760200,5153900,1711700,707500,383800,206700,150900,13200,21900,30770,29910,43437026,25515600,0,0,0,0,0,
600008.SH,600008,20251209,93420000,30200,3700,11174,543,0,,,2423400,7322391,30300,30200,30300,30300,30300,30400,30500,30600,30700,30800,30900,31000,31100,31200,6575440,10463700,11493560,3780800,2107830,1144800,958150,635400,465200,282000,30200,30100,30000,29900,29800,29700,29600,29500,29400,29300,4739300,10760200,5153900,1711700,707500,383800,207700,150900,13200,21900,30770,29910,43445526,25512900,0,0,0,0,0,
600008.SH,600008,20251209,93423000,30200,400,1208,544,0,,,2423800,7323599,30300,30200,30300,30300,30300,30400,30500,30600,30700,30800,30900,31000,31100,31200,6575440,10463700,11493560,3783800,2107830,1144800,958150,635400,465200,282000,30200,30100,30000,29900,29800,29700,29600,29500,29400,29300,4738900,10761200,5156400,1711700,707500,383800,207700,150900,13200,21900,30770,29910,43448526,25516000,0,0,0,0,0,
600008.SH,600008,20251209,93426000,30200,7400,22363,547,0,,,2431200,7345962,30300,30200,30300,30300,30300,30400,30500,30600,30700,30800,30900,31000,31100,31200,6592040,10463700,11493560,3783800,2107830,1144800,958150,635400,465200,282000,30200,30100,30000,29900,29800,29700,29600,29500,29400,29300,4738000,10761200,5166400,1721700,707500,383800,207700,150900,13200,21900,30770,29910,43465126,25535100,0,0,0,0,0,
600008.SH,600008,20251209,93429000,30200,3900,11778,549,0,,,2435100,7357740,30300,30200,30300,30300,30300,30400,30500,30600,30700,30800,30900,31000,31100,31200,6542440,10463700,11513560,3783800,2107830,1144800,958150,635400,465200,282000,30200,30100,30000,29900,29800,29700,29600,29500,29400,29300,4721400,10761200,5166600,1721700,707500,383800,207700,150900,13200,21900,30770,29910,43436326,25518700,0,0,0,0,0,
600008.SH,600008,20251209,93432000,30200,2100,6362,551,0,,,2437200,7364102,30300,30200,30300,30300,30300,30400,30500,30600,30700,30800,30900,31000,31100,31200,6566540,10463700,11513560,3783800,2107830,1144800,958150,635400,465200,282000,30200,30100,30000,29900,29800,29700,29600,29500,29400,29300,4724100,10761200,5166600,1721700,707500,383800,207700,150900,13200,21900,30770,29910,43460426,25521400,0,0,0,0,0,
600008.SH,600008,20251209,93435000,30200,0,0,551,0,,,2437200,7364102,30300,30200,30300,30300,30300,30400,30500,30600,30700,30800,30900,31000,31100,31200,6502240,10483700,11513560,3783500,2107830,1144800,958150,635400,465200,282000,30200,30100,30000,29900,29800,29700,29600,29500,29400,29300,4724200,10768200,5171600,1721700,748800,383800,207700,150900,13200,21900,30770,29910,43415826,25574800,0,0,0,0,0,
600008.SH,600008,20251209,93438000,30200,3400,10268,553,0,,,2440600,7374370,30300,30200,30300,30300,30300,30400,30500,30600,30700,30800,30900,31000,31100,31200,6564840,10483700,11513560,3783500,2107830,1144800,958150,635400,465200,282000,30200,30100,30000,29900,29800,29700,29600,29500,29400,29300,4720800,10768200,5175600,1721700,748800,383800,207700,160900,13200,21900,30770,29910,43479226,25585400,0,0,0,0,0,
600008.SH,600008,20251209,93441000,30200,0,0,553,0,,,2440600,7374370,30300,30200,30300,30300,30300,30400,30500,30600,30700,30800,30900,31000,31100,31200,6565740,10483700,11513560,3781500,2107830,1144800,958150,635400,465200,282000,30200,30100,30000,29900,29800,29700,29600,29500,29400,29300,4746800,10768200,5175600,1721700,748800,383800,207700,160900,13200,21900,30770,29910,43478126,25611400,0,0,0,0,0,
600008.SH,600008,20251209,93444000,30200,82100,247942,556,0,,,2522700,7622312,30300,30200,30300,30300,30300,30400,30500,30600,30700,30800,30900,31000,31100,31200,6564940,10483700,11513560,3781500,2107330,1144800,958150,645400,465200,282000,30200,30100,30000,29900,29800,29700,29600,29500,29400,29300,4665700,10788200,5180400,1721700,748800,383800,207700,160900,13200,21900,30770,29910,43486826,25555100,0,0,0,0,0,
600008.SH,600008,20251209,93447000,30200,20900,63118,559,0,,,2543600,7685430,30300,30200,30300,30300,30300,30400,30500,30600,30700,30800,30900,31000,31100,31200,6610840,10483700,11513560,3783500,2107330,1144800,958150,645400,465200,282000,30200,30100,30000,29900,29800,29700,29600,29500,29400,29300,4648500,10787300,5193400,1741800,748800,383800,207700,160900,23200,21900,30770,29910,43535526,25580100,0,0,0,0,0,
600008.SH,600008,20251209,93450000,30300,200,605,561,0,,,2543800,7686035,30300,30200,30300,30300,30300,30400,30500,30600,30700,30800,30900,31000,31100,31200,6610840,10483700,11513560,3783500,2107330,1144800,958150,645400,465200,282000,30200,30100,30000,29900,29800,29700,29600,29500,29400,29300,4648200,10793300,5194400,1741800,748800,383800,207700,228800,23200,21900,30770,29910,43547126,25654700,0,0,0,0,0,
600008.SH,600008,20251209,93453000,30200,3900,11778,563,0,,,2547700,7697813,30300,30200,30300,30300,30300,30400,30500,30600,30700,30800,30900,31000,31100,31200,6620840,10483700,11513560,3783500,2107330,1144800,948150,645400,465200,282000,30200,30100,30000,29900,29800,29700,29600,29500,29400,29300,4644300,10791300,5194400,1741800,748800,383800,207700,228800,23200,21900,30770,29910,43547126,25648800,0,0,0,0,0,
600008.SH,600008,20251209,93456000,30200,4500,13614,567,0,,,2552200,7711427,30300,30200,30300,30300,30300,30400,30500,30600,30700,30800,30900,31000,31100,31200,6621440,10483700,11513560,3783500,2107330,1144800,948150,645400,465200,282000,30200,30100,30000,29900,29800,29700,29600,29500,29400,29300,4772100,10791300,5244400,1741800,748800,383800,207700,228800,23200,21900,30770,29910,43548526,25826600,0,0,0,0,0,
600008.SH,600008,20251209,93459000,30300,800,2424,568,0,,,2553000,7713851,30300,30200,30300,30300,30300,30400,30500,30600,30700,30800,30900,31000,31100,31200,6613840,10483700,11513560,3783500,2107330,1144800,948150,645400,465200,282000,30200,30100,30000,29900,29800,29700,29600,29500,29400,29300,4792100,10791300,5244400,1741800,748800,383800,207700,228800,23200,21900,30770,29910,43540926,25846600,0,0,0,0,0,
600008.SH,600008,20251209,93502000,30300,0,0,568,0,,,2553000,7713851,30300,30200,30300,30300,30300,30400,30500,30600,30700,30800,30900,31000,31100,31200,6623040,10483700,11516560,3782000,2107330,1144800,948150,645400,465200,282000,30200,30100,30000,29900,29800,29700,29600,29500,29400,29300,4809100,10816200,5256100,1741800,748800,383800,207700,228800,23200,21900,30770,29910,43551626,25900200,0,0,0,0,0,
600008.SH,600008,20251209,93505000,30300,0,0,568,0,,,2553000,7713851,30300,30200,30300,30300,30300,30400,30500,30600,30700,30800,30900,31000,31100,31200,6678640,10483700,11516560,3782000,2107330,1144800,948150,647400,465200,282000,30200,30100,30000,29900,29800,29700,29600,29500,29400,29300,4841000,10822800,5256600,1743800,748800,383800,207700,228800,23200,21900,30770,29910,43617726,25941200,0,0,0,0,0,
600008.SH,600008,20251209,93508000,30300,0,0,568,0,,,2553000,7713851,30300,30200,30300,30300,30300,30400,30500,30600,30700,30800,30900,31000,31100,31200,6708240,10488000,11516560,3782000,2107330,1144800,948150,647400,465200,282000,30200,30100,30000,29900,29800,29700,29600,29500,29400,29300,4841000,10822800,5256600,1743800,748800,383800,207700,228800,23200,21900,30770,29910,43651626,25941200,0,0,0,0,0,
600008.SH,600008,20251209,93511000,30300,0,0,568,0,,,2553000,7713851,30300,30200,30300,30300,30300,30400,30500,30600,30700,30800,30900,31000,31100,31200,6729830,10444800,11516560,3782000,2107330,1145400,948150,647400,465200,282000,30200,30100,30000,29900,29800,29700,29600,29500,29400,29300,4851000,10849800,5256600,1743800,768800,383800,207700,228800,23200,21900,30770,29910,43631616,25998200,0,0,0,0,0,
600008.SH,600008,20251209,93514000,30200,3400,10268,576,0,,,2556400,7724119,30300,30200,30300,30300,30300,30400,30500,30600,30700,30800,30900,31000,31100,31200,6729830,10444800,11526560,3782000,2107330,1145400,948150,647400,465200,282000,30200,30100,30000,29900,29800,29700,29600,29500,29400,29300,4866700,10849800,5256600,1743800,768800,383800,207700,228800,23200,21900,30770,29910,43641616,26013900,0,0,0,0,0,
600008.SH,600008,20251209,93517000,30200,8000,24160,591,0,,,2564400,7748279,30300,30200,30300,30300,30300,30400,30500,30600,30700,30800,30900,31000,31100,31200,6726830,10444800,11526560,3782000,2107330,1145400,951150,647400,465200,282000,30200,30100,30000,29900,29800,29700,29600,29500,29400,29300,4874500,10849800,5266600,1743800,768800,383800,207700,228800,23200,21900,30770,29920,43641616,26031700,0,0,0,0,0,
600008.SH,600008,20251209,93520000,30200,4300,12986,594,0,,,2568700,7761265,30300,30200,30300,30300,30300,30400,30500,30600,30700,30800,30900,31000,31100,31200,6731030,10444800,11626560,3784500,2107330,1145400,951150,647400,465200,282000,30200,30100,30000,29900,29800,29700,29600,29500,29400,29300,4880700,10849800,5267600,1743800,768800,383800,207700,228800,23200,21900,30770,29920,43748316,26038900,0,0,0,0,0,
600008.SH,600008,20251209,93523000,30200,2000,6040,596,0,,,2570700,7767305,30300,30200,30300,30300,30300,30400,30500,30600,30700,30800,30900,31000,31100,31200,6735330,10504710,11626560,3784500,2107330,1145700,951150,647400,465200,282000,30200,30100,30000,29900,29800,29700,29600,29500,29400,29300,4880200,10866500,5302600,1743800,768800,383800,207700,228800,23200,21900,30770,29920,43812826,26092300,0,0,0,0,0,
600008.SH,600008,20251209,93526000,30300,1800,5454,598,0,,,2572500,7772759,30300,30200,30300,30300,30300,30400,30500,30600,30700,30800,30900,31000,31100,31200,6701530,10504710,11626560,3784500,2107330,1145700,951150,647400,465200,282000,30200,30100,30000,29900,29800,29700,29600,29500,29400,29300,4880200,10866500,5302600,1743800,768800,383800,207700,228800,23200,21900,30770,29920,43783526,26092300,0,0,0,0,0,
600008.SH,600008,20251209,93529000,30200,59490,180000,601,0,,,2631990,7952759,30300,30200,30300,30300,30300,30400,30500,30600,30700,30800,30900,31000,31100,31200,6767530,10504710,11705560,3784500,2107330,1145700,951150,647400,465200,282000,30200,30100,30000,29900,29800,29700,29600,29500,29400,29300,4951110,10888300,5313600,1743800,768800,383800,207700,228800,23200,21900,30770,29920,43928526,26196010,0,0,0,0,0,
600008.SH,600008,20251209,93532000,30200,100,302,602,0,,,2632090,7953061,30300,30200,30300,30300,30300,30400,30500,30600,30700,30800,30900,31000,31100,31200,6767530,10504710,11705560,3784500,2107330,1145700,951150,647400,465200,281800,30200,30100,30000,29900,29800,29700,29600,29500,29400,29300,4957210,10888300,5313600,1743800,768800,383800,207700,228800,23200,21900,30770,29920,43928326,26202110,0,0,0,0,0,
600008.SH,600008,20251209,93535000,30200,32100,97242,604,0,,,2664190,8050303,30300,30200,30300,30300,30300,30400,30500,30600,30700,30800,30900,31000,31100,31200,6744730,10504010,11705560,3784500,2107330,1145700,951150,647400,465200,281800,30200,30100,30000,29900,29800,29700,29600,29500,29400,29300,4964510,10893600,5339000,1743800,768800,383800,207700,228800,23200,21900,30770,29920,43918126,26240110,0,0,0,0,0,
600008.SH,600008,20251209,93538000,30200,200,604,605,0,,,2664390,8050907,30300,30200,30300,30300,30300,30400,30500,30600,30700,30800,30900,31000,31100,31200,6685030,10504010,11705560,3784500,2107330,1145700,951150,647400,465200,281800,30200,30100,30000,29900,29800,29700,29600,29500,29400,29300,4993510,10913600,5340500,1743800,768800,388800,207700,228800,23200,21900,30770,29920,43875926,26295610,0,0,0,0,0,
600008.SH,600008,20251209,93541000,30200,7100,21442,607,0,,,2671490,8072349,30300,30200,30300,30300,30300,30400,30500,30600,30700,30800,30900,31000,31100,31200,6782330,10504010,11738760,3784500,2107330,1145700,951150,647400,465200,281800,30200,30100,30000,29900,29800,29700,29600,29500,29400,29300,4997410,10914600,5340500,1743800,768800,388800,207700,228800,23200,21900,30770,29920,44006426,26300510,0,0,0,0,0,
600008.SH,600008,20251209,93544000,30200,3400,10268,610,0,,,2674890,8082617,30300,30200,30300,30300,30300,30400,30500,30600,30700,30800,30900,31000,31100,31200,6782430,10504010,11738760,3784500,2107330,1145700,951150,647400,465200,281800,30200,30100,30000,29900,29800,29700,29600,29500,29400,29300,5009210,10916600,5340500,1743800,768800,388800,207700,238800,23200,21900,30770,29920,44006526,26324310,0,0,0,0,0,
600008.SH,600008,20251209,93547000,30200,100,302,611,0,,,2674990,8082919,30300,30200,30300,30300,30300,30400,30500,30600,30700,30800,30900,31000,31100,31200,6782430,10504010,11738760,3784500,2107330,1145700,951150,647400,465200,281800,30200,30100,30000,29900,29800,29700,29600,29500,29400,29300,5050010,10916600,5342900,1743800,768800,388800,207700,238800,23200,21900,30770,29920,44006526,26367510,0,0,0,0,0,
600008.SH,600008,20251209,93550000,30200,12500,37786,617,0,,,2687490,8120705,30300,30200,30300,30300,30300,30400,30500,30600,30700,30800,30900,31000,31100,31200,6778830,10524010,11738760,3784500,2107330,1145700,951150,647400,465200,281800,30200,30100,30000,29900,29800,29700,29600,29500,29400,29300,5053410,10916600,5347900,1743800,768800,388800,207700,238800,23200,21900,30770,29920,44023826,26375910,0,0,0,0,0,
600008.SH,600008,20251209,93553000,30200,300,906,618,0,,,2687790,8121611,30300,30200,30300,30300,30300,30400,30500,30600,30700,30800,30900,31000,31100,31200,6778630,10524010,11738760,3784500,2107330,1145700,951150,647400,465200,281800,30200,30100,30000,29900,29800,29700,29600,29500,29400,29300,5065110,10926600,5347900,1743800,793000,388800,207700,238800,23200,21900,30770,29920,44023626,26426810,0,0,0,0,0,
600008.SH,600008,20251209,93556000,30200,2600,7867,621,0,,,2690390,8129478,30300,30200,30300,30300,30300,30400,30500,30600,30700,30800,30900,31000,31100,31200,6777130,10524010,11743160,3794500,2107330,1145700,951150,647400,465200,281800,30200,30100,30000,29900,29800,29700,29600,29500,29400,29300,5064010,10926600,5347900,1743800,794000,388800,207700,238800,23200,21900,30770,29920,44036526,26426710,0,0,0,0,0,
600008.SH,600008,20251209,93559000,30200,200,604,622,0,,,2690590,8130082,30300,30200,30300,30300,30300,30400,30500,30600,30700,30800,30900,31000,31100,31200,6777130,10533910,11747460,3794500,2107330,1145700,951150,647400,465200,281800,30200,30100,30000,29900,29800,29700,29600,29500,29400,29300,5063810,10926600,5350900,1743800,804000,388800,207700,238800,23200,21900,30770,29920,44050726,26439510,0,0,0,0,0,
600008.SH,600008,20251209,93602000,30200,5500,16640,625,0,,,2696090,8146722,30300,30200,30300,30300,30300,30400,30500,30600,30700,30800,30900,31000,31100,31200,6796630,10533910,11749160,3794500,2107330,1145700,951150,647400,465200,281800,30200,30100,30000,29900,29800,29700,29600,29500,29400,29300,5074510,10926600,5360900,1743800,804000,388800,207700,238800,23200,21900,30770,29920,44076926,26460210,0,0,0,0,0,
600008.SH,600008,20251209,93605000,30200,300,906,626,0,,,2696390,8147628,30300,30200,30300,30300,30300,30400,30500,30600,30700,30800,30900,31000,31100,31200,6781830,10533910,11749160,3794500,2107330,1145700,951150,647400,465200,281800,30200,30100,30000,29900,29800,29700,29600,29500,29400,29300,6080810,10926600,5390900,1743800,804000,388800,207700,238800,23200,21900,30770,29930,44062126,27496510,0,0,0,0,0,
600008.SH,600008,20251209,93608000,30200,16900,51038,628,0,,,2713290,8198666,30300,30200,30300,30300,30300,30400,30500,30600,30700,30800,30900,31000,31100,31200,6789330,10533910,11749160,3794500,2107330,1145700,951150,647400,465200,281800,30200,30100,30000,29900,29800,29700,29600,29500,29400,29300,6164410,10926600,5391100,1743800,814000,388800,207700,238800,23200,21900,30770,29930,44069626,27590310,0,0,0,0,0,
600008.SH,600008,20251209,93611000,30200,2300,6947,632,0,,,2715590,8205613,30300,30200,30300,30300,30300,30400,30500,30600,30700,30800,30900,31000,31100,31200,6788330,10533910,11755260,3794500,2107330,1145700,951150,647400,465200,281800,30200,30100,30000,29900,29800,29700,29600,29500,29400,29300,6164710,10926600,5391100,1744800,814000,388800,207700,238800,23200,21900,30770,29930,44074726,27591610,0,0,0,0,0,
600008.SH,600008,20251209,93614000,30200,100,302,633,0,,,2715690,8205915,30300,30200,30300,30300,30300,30400,30500,30600,30700,30800,30900,31000,31100,31200,6788330,10533910,11755260,3794500,2107330,1145700,951150,647400,465200,281800,30200,30100,30000,29900,29800,29700,29600,29500,29400,29300,6169710,10933100,5391100,1744800,819000,388800,207700,239300,23200,21900,30770,29930,44074726,27608610,0,0,0,0,0,
600008.SH,600008,20251209,93617000,30200,5700,17214,637,0,,,2721390,8223129,30300,30200,30300,30300,30300,30400,30500,30600,30700,30800,30900,31000,31100,31200,6788530,10534910,11755260,3794500,2107330,1145700,951150,647400,465200,281800,30200,30100,30000,29900,29800,29700,29600,29500,29400,29300,6189210,10934600,5392700,1744800,819000,388800,207700,239300,23200,21900,30770,29930,44075926,27631210,0,0,0,0,0,
600008.SH,600008,20251209,93620000,30300,16900,51204,639,0,,,2738290,8274333,30300,30200,30300,30300,30300,30400,30500,30600,30700,30800,30900,31000,31100,31200,6771930,10534910,11755260,3794500,2107330,1145700,951150,647400,465200,281800,30200,30100,30000,29900,29800,29700,29600,29500,29400,29300,6251010,10934600,5408700,1744800,819000,388800,207700,239300,23200,21900,30770,29930,44059526,27709010,0,0,0,0,0,
600008.SH,600008,20251209,93623000,30200,100,302,640,0,,,2738390,8274635,30300,30200,30300,30300,30300,30400,30500,30600,30700,30800,30900,31000,31100,31200,6726230,10534910,11755260,3794500,2107330,1145700,951150,647400,465200,281800,30200,30100,30000,29900,29800,29700,29600,29500,29400,29300,6251410,10934600,5409700,1744800,819000,388800,207700,239300,23200,21900,30770,29930,44020826,27710410,0,0,0,0,0,
600008.SH,600008,20251209,93626000,30300,2000,6054,642,0,,,2740390,8280689,30300,30200,30300,30300,30300,30400,30500,30600,30700,30800,30900,31000,31100,31200,6724830,10534910,11725260,3794500,2107330,1145700,951150,647400,465200,281800,30200,30100,30000,29900,29800,29700,29600,29500,29400,29300,6258310,10934600,5410300,1744800,819000,388800,207700,239300,23200,21900,30770,29930,44016426,27717910,0,0,0,0,0,
600008.SH,600008,20251209,93629000,30200,400,1208,643,0,,,2740790,8281897,30300,30200,30300,30300,30300,30400,30500,30600,30700,30800,30900,31000,31100,31200,6724830,10572510,11725260,3794500,2107330,1145700,951150,647400,465200,281800,30200,30100,30000,29900,29800,29700,29600,29500,29400,29300,6257910,10996100,5411800,1744800,819000,388800,207700,239300,23200,21900,30770,29930,44054026,27780510,0,0,0,0,0,
600008.SH,600008,20251209,93632000,30200,200,604,644,0,,,2740990,8282501,30300,30200,30300,30300,30300,30400,30500,30600,30700,30800,30900,31000,31100,31200,6728130,10572510,11725260,3794500,2107330,1145700,951150,647400,465200,281800,30200,30100,30000,29900,29800,29700,29600,29500,29400,29300,6257810,10996100,5411800,1745800,819000,388800,207700,239300,23200,21900,30770,29930,44057326,27781410,0,0,0,0,0,
600008.SH,600008,20251209,93635000,30200,0,0,644,0,,,2740990,8282501,30300,30200,30300,30300,30300,30400,30500,30600,30700,30800,30900,31000,31100,31200,6729030,10572510,11725260,3794500,2107330,1145700,951150,647400,465200,281800,30200,30100,30000,29900,29800,29700,29600,29500,29400,29300,6238410,9976100,5515300,1745800,819000,388800,207700,239300,23200,21900,30770,29920,44058226,26845510,0,0,0,0,0,
600008.SH,600008,20251209,93638000,30200,9900,29898,648,0,,,2750890,8312399,30300,30200,30300,30300,30300,30400,30500,30600,30700,30800,30900,31000,31100,31200,6744630,10452510,11726622,3796600,2107330,1145700,951150,647400,465200,281800,30200,30100,30000,29900,29800,29700,29600,29500,29400,29300,6248510,9977100,5535300,1745800,819000,388800,207700,239800,23200,21900,30770,29920,43957288,26877110,0,0,0,0,0,
600008.SH,600008,20251209,93641000,30200,200,604,649,0,,,2751090,8313003,30300,30200,30300,30300,30300,30400,30500,30600,30700,30800,30900,31000,31100,31200,6645830,10482510,11806622,3796600,2107330,1145700,951150,647400,465200,281800,30200,30100,30000,29900,29800,29700,29600,29500,29400,29300,6254110,9978100,5561300,1745800,821000,388800,207700,239800,23200,21900,30770,29920,43968488,26911710,0,0,0,0,0,
600008.SH,600008,20251209,93644000,30200,0,0,649,0,,,2751090,8313003,30300,30200,30300,30300,30300,30400,30500,30600,30700,30800,30900,31000,31100,31200,6749930,10482510,11806622,3796600,2117330,1145700,951150,647400,465200,281800,30200,30100,30000,29900,29800,29700,29600,29500,29400,29300,6259510,9971600,5561300,1745800,821000,388800,208200,239800,23200,21900,30770,29920,44082588,26911110,0,0,0,0,0,
600008.SH,600008,20251209,93647000,30200,400,1208,651,0,,,2751490,8314211,30300,30200,30300,30300,30300,30400,30500,30600,30700,30800,30900,31000,31100,31200,6750130,10482510,11806622,3796600,2116530,1145700,951150,647400,465200,281800,30200,30100,30000,29900,29800,29700,29600,29500,29400,29300,6265110,9972600,5563000,1745800,822000,390500,208200,239800,23200,21900,30770,29920,44081988,26922110,0,0,0,0,0,
600008.SH,600008,20251209,93650000,30200,0,0,651,0,,,2751490,8314211,30300,30200,30300,30300,30300,30400,30500,30600,30700,30800,30900,31000,31100,31200,6750130,10482510,11806622,3796600,2116530,1145700,951150,647400,465200,281800,30200,30100,30000,29900,29800,29700,29600,29500,29400,29300,6286310,9972600,5566600,1745800,822000,390500,208200,239800,23200,21900,30770,29920,44082988,26946910,0,0,0,0,0,
600008.SH,600008,20251209,93653000,30200,700,2114,653,0,,,2752190,8316325,30300,30200,30300,30300,30300,30400,30500,30600,30700,30800,30900,31000,31100,31200,6773730,10482510,11806622,3796600,2147030,1165700,951150,647400,465200,281800,30200,30100,30000,29900,29800,29700,29600,29500,29400,29300,6385610,9874200,5566600,1745800,822000,390500,228200,239800,23200,21900,30770,29920,44157088,26967810,0,0,0,0,0,
600008.SH,600008,20251209,93656000,30300,30000,90900,654,0,,,2782190,8407225,30300,30200,30300,30300,30300,30400,30500,30600,30700,30800,30900,31000,31100,31200,6744577,10482510,11806622,3796600,2147030,1165700,951150,647400,465200,281800,30200,30100,30000,29900,29800,29700,29600,29500,29400,29300,6385610,9864700,5566600,1745800,822000,390500,228200,239800,23200,21900,30770,29920,44127935,26958310,0,0,0,0,0,
600008.SH,600008,20251209,93659000,30200,2100,6362,656,0,,,2784290,8413587,30300,30200,30300,30300,30300,30400,30500,30600,30700,30800,30900,31000,31100,31200,6742577,10612510,11806622,3796600,2147030,1165700,951150,647400,465200,281800,30200,30100,30000,29900,29800,29700,29600,29500,29400,29300,6355310,9870100,5576700,1745800,822000,390500,228200,239800,23200,21900,30770,29920,44255935,26943510,0,0,0,0,0,
600008.SH,600008,20251209,93702000,30200,1700,5134,657,0,,,2785990,8418721,30300,30200,30300,30300,30300,30400,30500,30600,30700,30800,30900,31000,31100,31200,6747477,10612510,11806622,3796600,2147030,1165700,951150,647400,465200,282500,30200,30100,30000,29900,29800,29700,29600,29500,29400,29300,6357610,9870100,5576700,1745800,822000,390500,228200,239800,23200,21900,30770,29920,44261535,26945810,0,0,0,0,0,
600008.SH,600008,20251209,93705000,30200,700,2114,659,0,,,2786690,8420835,30300,30200,30300,30300,30300,30400,30500,30600,30700,30800,30900,31000,31100,31200,6747477,10612510,11806622,3796600,2147030,1165700,951150,647400,465200,282500,30200,30100,30000,29900,29800,29700,29600,29500,29400,29300,6360110,9870100,5576700,1745800,822000,390500,228200,239800,23200,21900,30770,29920,44261535,26950610,0,0,0,0,0,
600008.SH,600008,20251209,93708000,30200,2000,6040,660,0,,,2788690,8426875,30300,30200,30300,30300,30300,30400,30500,30600,30700,30800,30900,31000,31100,31200,6866677,10616010,11811622,3796600,2147030,1165700,951150,647400,465200,282500,30200,30100,30000,29900,29800,29700,29600,29500,29400,29300,6391110,9870100,5576700,1745800,822000,390500,228200,239800,23200,21900,30770,29920,44389235,26981610,0,0,0,0,0,
600008.SH,600008,20251209,93711000,30200,6000,18120,664,0,,,2794690,8444995,30300,30200,30300,30300,30300,30400,30500,30600,30700,30800,30900,31000,31100,31200,6876677,10616010,11811622,3796600,2147030,1165700,951150,647400,465200,282500,30200,30100,30000,29900,29800,29700,29600,29500,29400,29300,6392610,9889100,5577700,1745800,822000,390500,228200,239800,23200,21900,30770,29920,44399235,27003110,0,0,0,0,0,
600008.SH,600008,20251209,93714000,30200,1000,3020,665,0,,,2795690,8448015,30300,30200,30300,30300,30300,30400,30500,30600,30700,30800,30900,31000,31100,31200,6871377,10616810,11811622,3796600,2147030,1165700,951150,647400,465200,282500,30200,30100,30000,29900,29800,29700,29600,29500,29400,29300,6390210,9889100,5577700,1745800,822000,390500,228200,239800,23200,21900,30770,29920,44394735,27000710,0,0,0,0,0,
600008.SH,600008,20251209,93717000,30200,8400,25368,667,0,,,2804090,8473383,30300,30200,30300,30300,30300,30400,30500,30600,30700,30800,30900,31000,31100,31200,6813877,10616810,11811622,3796600,2147030,1165700,951150,647400,465200,282500,30200,30100,30000,29900,29800,29700,29600,29500,29400,29300,6387210,10001100,5577200,1745800,822000,190500,228200,239800,23200,21900,30770,29930,44337235,26909210,0,0,0,0,0,
