万得代码,交易所代码,自然日,时间,委托编号,交易所委托号,委托类型,委托代码,委托价格,委托数量,
600008.SH,600008,20251209,91400030,0,0,S,I,0,0,
600008.SH,600008,20251209,91500050,0,314,A,S,30400,370000,
600008.SH,600008,20251209,91500050,0,380,A,B,30200,130000,
600008.SH,600008,20251209,91500050,0,482,A,S,30500,10100,
600008.SH,600008,20251209,91500050,0,525,A,B,30100,979700,
600008.SH,600008,20251209,91500050,0,559,A,B,30200,175000,
600008.SH,600008,20251209,91500050,0,575,A,S,30500,20000,
600008.SH,600008,20251209,91500050,0,591,A,B,30200,600000,
600008.SH,600008,20251209,91500050,0,609,A,S,30600,3800,
600008.SH,600008,20251209,91500050,0,611,A,B,30200,7100,
600008.SH,600008,20251209,91500050,0,614,A,S,30400,10100,
600008.SH,600008,20251209,91500050,0,638,A,B,30100,100,
600008.SH,600008,20251209,91500050,0,642,A,B,30100,150000,
600008.SH,600008,20251209,91500050,0,667,A,S,30500,100000,
600008.SH,600008,20251209,91500050,0,669,A,S,30600,20000,
600008.SH,600008,20251209,91500050,0,683,A,S,30400,90000,
600008.SH,600008,20251209,91500050,0,690,A,S,30400,130000,
600008.SH,600008,20251209,91500050,0,701,A,S,30700,7000,
600008.SH,600008,20251209,91500050,0,702,A,S,30400,66200,
600008.SH,600008,20251209,91500050,0,707,A,S,30400,3000,
600008.SH,600008,20251209,91500050,0,716,A,B,30100,99000,
600008.SH,600008,20251209,91500050,0,719,A,S,30600,7400,
600008.SH,600008,20251209,91500050,0,724,A,B,30200,66000,
600008.SH,600008,20251209,91500050,0,742,A,B,30200,5000,
600008.SH,600008,20251209,91500050,0,745,A,S,30500,3000,
600008.SH,600008,20251209,91500050,0,838,A,S,30700,175000,
600008.SH,600008,20251209,91500050,0,840,A,S,30500,340000,
600008.SH,600008,20251209,91500050,0,841,A,B,30100,340000,
600008.SH,600008,20251209,91500050,0,842,A,S,30400,175000,
600008.SH,600008,20251209,91500050,0,844,A,B,30100,40000,
600008.SH,600008,20251209,91500050,0,851,A,S,30400,23100,
600008.SH,600008,20251209,91500190,0,937,A,S,30700,2600,
600008.SH,600008,20251209,91500190,0,1167,A,B,30100,40200,
600008.SH,600008,20251209,91500190,0,1408,A,B,30200,20100,
600008.SH,600008,20251209,91500190,0,1430,A,B,29900,175000,
600008.SH,600008,20251209,91500190,0,1431,A,S,30600,340000,
600008.SH,600008,20251209,91500190,0,1432,A,B,30000,340000,
600008.SH,600008,20251209,91500190,0,1439,A,S,30300,4700,
600008.SH,600008,20251209,91500190,0,1445,A,B,30000,100,
600008.SH,600008,20251209,91500190,0,1446,A,S,30300,83300,
600008.SH,600008,20251209,91500190,0,1451,A,B,30000,10100,
600008.SH,600008,20251209,91500190,0,1458,A,B,30100,979800,
600008.SH,600008,20251209,91500190,0,1467,A,B,30100,495000,
600008.SH,600008,20251209,91500190,0,1473,A,B,30100,31400,
600008.SH,600008,20251209,91500190,0,1500,A,S,30400,10300,
600008.SH,600008,20251209,91500190,0,1504,A,B,30100,49900,
600008.SH,600008,20251209,91500190,0,1508,A,S,30300,5200,
600008.SH,600008,20251209,91500190,0,1527,A,B,30100,1000000,
600008.SH,600008,20251209,91500190,0,1548,A,B,30100,19700,
600008.SH,600008,20251209,91500240,0,1710,A,B,30200,733500,
600008.SH,600008,20251209,91500240,0,1717,A,S,30300,733500,
600008.SH,600008,20251209,91500240,0,1746,A,B,30100,10100,
600008.SH,600008,20251209,91500240,0,1774,A,B,30200,10100,
600008.SH,600008,20251209,91500240,0,1817,A,B,30200,500300,
600008.SH,600008,20251209,91500240,0,1856,A,B,30100,720000,
600008.SH,600008,20251209,91500240,0,1868,A,S,30400,600000,
600008.SH,600008,20251209,91500240,0,1870,A,S,30400,40000,
600008.SH,600008,20251209,91500240,0,1883,A,S,30500,720000,
600008.SH,600008,20251209,91500240,0,1931,A,B,30200,20000,
600008.SH,600008,20251209,91500240,0,1974,A,S,30300,20000,
600008.SH,600008,20251209,91500240,0,2053,A,B,29900,150000,
600008.SH,600008,20251209,91500240,0,2054,A,B,30000,150000,
600008.SH,600008,20251209,91500240,0,2065,A,B,30200,50000,
600008.SH,600008,20251209,91500270,0,2229,A,S,30400,40000,
600008.SH,600008,20251209,91500270,0,2237,A,S,30500,65000,
600008.SH,600008,20251209,91500270,0,2238,A,S,30600,65000,
600008.SH,600008,20251209,91500270,0,2240,A,S,30600,20000,
600008.SH,600008,20251209,91500270,0,2242,A,B,30000,20000,
600008.SH,600008,20251209,91500270,0,2268,A,B,30200,2600,
600008.SH,600008,20251209,91500270,0,2271,A,B,30000,33000,
600008.SH,600008,20251209,91500270,0,2272,A,B,30200,15200,
600008.SH,600008,20251209,91500270,0,2273,A,S,30400,110000,
600008.SH,600008,20251209,91500270,0,2275,A,S,30500,370000,
600008.SH,600008,20251209,91500270,0,2277,A,B,30200,370000,
600008.SH,600008,20251209,91500270,0,2278,A,B,30100,370000,
600008.SH,600008,20251209,91500270,0,2279,A,S,30500,123000,
600008.SH,600008,20251209,91500270,0,2286,A,S,30400,15200,
600008.SH,600008,20251209,91500380,0,2336,A,S,30300,99900,
600008.SH,600008,20251209,91500380,0,2432,A,S,30600,10500,
600008.SH,600008,20251209,91500380,0,2453,A,B,30100,1000,
600008.SH,600008,20251209,91500400,0,2566,A,S,30400,121100,
600008.SH,600008,20251209,91500400,0,2572,A,B,30200,3000,
600008.SH,600008,20251209,91500400,0,2582,A,B,30200,100000,
600008.SH,600008,20251209,91500400,0,2626,A,B,30200,29900,
600008.SH,600008,20251209,91500400,0,2628,A,S,30400,123300,
600008.SH,600008,20251209,91500400,0,2630,A,B,30100,83300,
600008.SH,600008,20251209,91500400,0,2632,A,B,30000,63300,
600008.SH,600008,20251209,91500400,0,2633,A,S,30500,53300,
600008.SH,600008,20251209,91500400,0,2639,A,S,30500,53300,
600008.SH,600008,20251209,91500400,0,2643,A,B,29900,25300,
600008.SH,600008,20251209,91500400,0,2644,A,S,30600,53300,
600008.SH,600008,20251209,91500400,0,2645,A,B,30200,63300,
600008.SH,600008,20251209,91500400,0,2646,A,B,30200,57100,
600008.SH,600008,20251209,91500400,0,2647,A,B,30200,63000,
600008.SH,600008,20251209,91500400,0,2648,A,B,30100,29900,
600008.SH,600008,20251209,91500400,0,2662,A,B,30100,56500,
600008.SH,600008,20251209,91500400,0,2678,A,B,30100,63600,
600008.SH,600008,20251209,91500400,0,2688,A,B,30100,47000,
600008.SH,600008,20251209,91500400,0,2689,A,B,30100,52900,
600008.SH,600008,20251209,91500400,0,2690,A,S,30400,29900,
600008.SH,600008,20251209,91500400,0,2692,A,S,30500,29900,
600008.SH,600008,20251209,91500400,0,2693,A,S,30400,42100,
600008.SH,600008,20251209,91500400,0,2694,A,S,30400,39500,
600008.SH,600008,20251209,91500400,0,2695,A,S,30400,38500,
600008.SH,600008,20251209,91500400,0,2697,A,S,30500,59500,
600008.SH,600008,20251209,91500400,0,2698,A,S,30500,60600,
600008.SH,600008,20251209,91500400,0,2699,A,S,30500,35100,
600008.SH,600008,20251209,91500400,0,2701,A,S,30500,31200,
600008.SH,600008,20251209,91500400,0,2702,A,S,30500,33700,
600008.SH,600008,20251209,91500400,0,2715,A,S,30500,20000,
600008.SH,600008,20251209,91500400,0,2752,A,S,30400,5200,
600008.SH,600008,20251209,91500400,0,2814,A,S,33300,100,
600008.SH,600008,20251209,91500400,0,2823,A,S,30400,10000,
600008.SH,600008,20251209,91500400,0,2824,A,S,30400,495000,
600008.SH,600008,20251209,91500400,0,2903,A,S,30400,15000,
600008.SH,600008,20251209,91500400,0,2919,A,S,31900,20000,
600008.SH,600008,20251209,91500400,0,2940,A,S,30400,999900,
600008.SH,600008,20251209,91500400,0,2959,A,S,30300,125600,
600008.SH,600008,20251209,91500400,0,2963,A,B,30100,62300,
600008.SH,600008,20251209,91500400,0,2964,A,B,30000,63800,
600008.SH,600008,20251209,91500400,0,2965,A,B,30000,36800,
600008.SH,600008,20251209,91500400,0,2967,A,B,30000,61200,
600008.SH,600008,20251209,91500400,0,2970,A,B,30200,31200,
600008.SH,600008,20251209,91500400,0,2972,A,B,30200,32600,
600008.SH,600008,20251209,91500400,0,2978,A,B,30200,100,
600008.SH,600008,20251209,91500400,0,2979,A,B,29900,63600,
600008.SH,600008,20251209,91500400,0,2980,A,B,29900,38900,
600008.SH,600008,20251209,91500400,0,2981,A,B,29900,32300,
600008.SH,600008,20251209,91500400,0,2985,A,B,29900,33600,
600008.SH,600008,20251209,91500400,0,2990,A,S,30400,444300,
600008.SH,600008,20251209,91500400,0,3019,A,B,30200,12700,
600008.SH,600008,20251209,91500400,0,3026,A,S,32500,300,
600008.SH,600008,20251209,91500400,0,3034,A,S,30700,15100,
600008.SH,600008,20251209,91500400,0,3038,A,S,30800,15100,
600008.SH,600008,20251209,91500400,0,3048,A,S,30600,110000,
600008.SH,600008,20251209,91500430,0,3114,A,B,30200,50000,
600008.SH,600008,20251209,91500430,0,3129,A,S,30500,34800,
600008.SH,600008,20251209,91500430,0,3140,A,S,30600,1000,
600008.SH,600008,20251209,91500430,0,3141,A,B,30200,5200,
600008.SH,600008,20251209,91500430,0,3145,A,B,30000,1000,
600008.SH,600008,20251209,91500430,0,3151,A,B,30100,7000,
600008.SH,600008,20251209,91500430,0,3185,A,S,30400,90000,
600008.SH,600008,20251209,91500430,0,3188,A,B,30200,30000,
600008.SH,600008,20251209,91500430,0,3190,A,B,30100,30000,
600008.SH,600008,20251209,91500460,0,3227,A,S,30400,59900,
600008.SH,600008,20251209,91500460,0,3234,A,S,30500,59900,
600008.SH,600008,20251209,91500460,0,3235,A,S,30600,49900,
600008.SH,600008,20251209,91500460,0,3236,A,S,30700,10000,
600008.SH,600008,20251209,91500460,0,3239,A,S,30700,49900,
600008.SH,600008,20251209,91500460,0,3243,A,B,30200,49900,
600008.SH,600008,20251209,91500460,0,3245,A,B,30100,59900,
600008.SH,600008,20251209,91500460,0,3247,A,B,30000,59900,
600008.SH,600008,20251209,91500460,0,3249,A,B,29900,39900,
600008.SH,600008,20251209,91500460,0,3253,A,S,30700,2500,
600008.SH,600008,20251209,91500460,0,3265,A,S,33300,4000,
600008.SH,600008,20251209,91500460,0,3285,A,S,30300,50000,
600008.SH,600008,20251209,91500460,0,3291,A,S,30400,100000,
600008.SH,600008,20251209,91500460,0,3295,A,S,30600,100000,
600008.SH,600008,20251209,91500460,0,3310,A,S,30400,10000,
600008.SH,600008,20251209,91500480,0,3499,A,S,33000,100,
600008.SH,600008,20251209,91500480,0,3569,A,B,30100,100000,
600008.SH,600008,20251209,91500480,0,3579,A,B,30200,81100,
600008.SH,600008,20251209,91500480,0,3580,A,B,30100,81100,
600008.SH,600008,20251209,91500520,0,3593,A,S,30300,30000,
600008.SH,600008,20251209,91500520,0,3603,A,B,30000,50000,
600008.SH,600008,20251209,91500520,0,3606,A,B,30100,30000,
600008.SH,600008,20251209,91500520,0,3609,A,S,30400,10800,
600008.SH,600008,20251209,91500520,0,3610,A,S,30400,10900,
600008.SH,600008,20251209,91500520,0,3613,A,S,30600,20000,
600008.SH,600008,20251209,91500520,0,3614,A,S,30500,20000,
600008.SH,600008,20251209,91500520,0,3619,A,S,30900,22100,
600008.SH,600008,20251209,91500520,0,3637,A,B,30100,9700,
600008.SH,600008,20251209,91500520,0,3643,A,S,30700,20000,
600008.SH,600008,20251209,91500520,0,3649,A,B,30000,495000,
600008.SH,600008,20251209,91500520,0,3650,A,S,30500,495000,
600008.SH,600008,20251209,91500520,0,3663,A,S,30500,100000,
600008.SH,600008,20251209,91500520,0,3666,A,S,30600,100000,
600008.SH,600008,20251209,91500520,0,3668,A,S,30700,100000,
600008.SH,600008,20251209,91500520,0,3669,A,S,30800,100000,
600008.SH,600008,20251209,91500520,0,3682,A,S,32000,20000,
600008.SH,600008,20251209,91500520,0,3683,A,S,32100,30000,
600008.SH,600008,20251209,91500520,0,3684,A,S,32200,30000,
600008.SH,600008,20251209,91500520,0,3685,A,S,32300,30000,
600008.SH,600008,20251209,91500520,0,3686,A,S,32400,30000,
600008.SH,600008,20251209,91500520,0,3687,A,S,32500,30000,
600008.SH,600008,20251209,91500520,0,3688,A,S,32600,30000,
600008.SH,600008,20251209,91500590,0,3742,A,B,30100,5200,
600008.SH,600008,20251209,91500590,0,3756,A,S,33000,60900,
600008.SH,600008,20251209,91500610,0,3784,A,S,30500,10000,
600008.SH,600008,20251209,91500650,0,3819,A,B,30100,100,
600008.SH,600008,20251209,91500650,0,3838,A,S,30500,10400,
600008.SH,600008,20251209,91500650,0,3839,A,S,33200,1500,
600008.SH,600008,20251209,91500680,0,3852,A,S,30600,10500,
600008.SH,600008,20251209,91500680,0,3861,A,S,30700,10600,
600008.SH,600008,20251209,91500680,0,3873,A,S,30800,10800,
600008.SH,600008,20251209,91500680,0,3875,A,S,32000,400,
600008.SH,600008,20251209,91500680,0,3876,A,S,31500,11600,
600008.SH,600008,20251209,91500680,0,3878,A,S,30900,10100,
600008.SH,600008,20251209,91500680,0,3887,A,S,31000,10200,
600008.SH,600008,20251209,91500680,0,3893,A,S,31100,10200,
600008.SH,600008,20251209,91500710,0,4008,A,B,30000,2500,
600008.SH,600008,20251209,91500710,0,4010,A,B,30000,3200,
600008.SH,600008,20251209,91500710,0,4059,A,B,30200,1000,
600008.SH,600008,20251209,91500710,0,4124,A,B,27300,700,
600008.SH,600008,20251209,91500710,0,4165,A,B,30000,3200,
600008.SH,600008,20251209,91500710,0,4236,A,S,30500,3000,
600008.SH,600008,20251209,91500710,0,4259,A,B,30000,4300,
600008.SH,600008,20251209,91500730,0,4281,A,S,32500,10000,
600008.SH,600008,20251209,91500730,0,4316,A,S,31200,20000,
600008.SH,600008,20251209,91500730,0,4346,A,S,30600,50700,
600008.SH,600008,20251209,91500730,0,4527,A,S,30800,100,
600008.SH,600008,20251209,91500730,0,4564,A,S,30600,100,
600008.SH,600008,20251209,91500730,0,4588,A,S,30400,90000,
600008.SH,600008,20251209,91500730,0,4625,A,S,30500,100,
600008.SH,600008,20251209,91500730,0,4649,A,S,33300,200,
600008.SH,600008,20251209,91500770,0,4931,A,B,30200,100,
600008.SH,600008,20251209,91500770,0,5107,A,B,29000,1000,
600008.SH,600008,20251209,91500770,0,5124,A,B,28000,1000,
600008.SH,600008,20251209,91500770,0,5128,A,B,30300,100,
600008.SH,600008,20251209,91500770,0,5140,A,S,30500,2600,
600008.SH,600008,20251209,91500770,0,5143,A,B,27300,2000,
600008.SH,600008,20251209,91500770,0,5160,A,S,32200,1000,
600008.SH,600008,20251209,91500850,0,5199,A,S,33300,2000,
600008.SH,600008,20251209,91500850,0,5214,A,B,30200,10000,
600008.SH,600008,20251209,91500850,0,5281,A,S,30200,100,
600008.SH,600008,20251209,91500850,0,5285,A,B,30100,130000,
600008.SH,600008,20251209,91500880,0,5354,A,S,30600,1000,
600008.SH,600008,20251209,91500880,0,5357,A,B,28100,17800,
600008.SH,600008,20251209,91500900,0,5384,A,B,30000,1000,
600008.SH,600008,20251209,91500900,0,5480,A,S,30600,3100,
600008.SH,600008,20251209,91500950,0,5520,A,S,30900,1000,
600008.SH,600008,20251209,91500950,0,5531,A,B,30100,990000,
600008.SH,600008,20251209,91500970,0,5542,A,B,30200,303500,
600008.SH,600008,20251209,91500970,0,5637,A,B,30100,6000,
600008.SH,600008,20251209,91500970,0,5640,A,S,30500,67800,
600008.SH,600008,20251209,91501000,0,5707,A,S,33200,10000,
600008.SH,600008,20251209,91501000,0,5757,A,B,29900,10000,
600008.SH,600008,20251209,91501030,0,6070,A,B,30000,2300,
600008.SH,600008,20251209,91501030,0,6076,A,B,30200,3000,
600008.SH,600008,20251209,91501030,0,6129,A,S,30500,2900,
600008.SH,600008,20251209,91501030,0,6190,A,S,29400,4700,
600008.SH,600008,20251209,91501070,0,6563,A,S,30600,5000,
600008.SH,600008,20251209,91501070,0,6595,A,B,30100,8300,
600008.SH,600008,20251209,91501120,0,6696,A,S,31000,1000,
600008.SH,600008,20251209,91501120,0,6722,A,B,29500,3000,
600008.SH,600008,20251209,91501120,0,6825,A,S,30700,30000,
600008.SH,600008,20251209,91501120,0,6845,A,S,32800,30000,
600008.SH,600008,20251209,91501160,0,6925,A,S,31300,30000,
600008.SH,600008,20251209,91501200,0,7091,A,B,30000,3000,
600008.SH,600008,20251209,91501200,0,7139,A,B,30200,1000,
600008.SH,600008,20251209,91501200,0,7140,A,B,30100,1000,
600008.SH,600008,20251209,91501200,0,7148,A,S,31900,1000,
600008.SH,600008,20251209,91501200,0,7152,A,B,29900,1000,
600008.SH,600008,20251209,91501200,0,7164,A,S,30400,1000,
600008.SH,600008,20251209,91501200,0,7165,A,S,30400,1000,
600008.SH,600008,20251209,91501220,0,7275,A,S,31700,10000,
600008.SH,600008,20251209,91501220,0,7276,A,S,32400,20000,
600008.SH,600008,20251209,91501220,0,7280,A,S,32800,27300,
600008.SH,600008,20251209,91501220,0,7305,A,B,30000,1000,
600008.SH,600008,20251209,91501220,0,7306,A,S,30500,1000,
600008.SH,600008,20251209,91501220,0,7367,A,B,30000,10000,
600008.SH,600008,20251209,91501220,0,7407,A,S,30600,10000,
600008.SH,600008,20251209,91501220,0,7409,A,S,30900,10000,
600008.SH,600008,20251209,91501220,0,7424,A,S,30400,20000,
600008.SH,600008,20251209,91501220,0,7443,A,B,29900,10000,
600008.SH,600008,20251209,91501220,0,7446,A,B,29900,20000,
600008.SH,600008,20251209,91501220,0,7527,A,S,32900,1000,
600008.SH,600008,20251209,91501220,0,7535,A,S,31900,1000,
600008.SH,600008,20251209,91501240,0,7676,A,B,29600,600,
600008.SH,600008,20251209,91501240,0,7868,A,S,31500,1000,
600008.SH,600008,20251209,91501240,0,7876,A,B,30100,2000,
600008.SH,600008,20251209,91501240,0,7894,A,S,31300,1000,
600008.SH,600008,20251209,91501310,0,8039,A,S,31100,500,
600008.SH,600008,20251209,91501380,0,8360,A,B,28000,100,
600008.SH,600008,20251209,91501400,0,8409,A,B,29800,200,
600008.SH,600008,20251209,91501400,0,8611,A,B,30000,1000,
600008.SH,600008,20251209,91501400,0,8637,A,S,33200,200,
600008.SH,600008,20251209,91501420,0,8849,A,S,30300,500300,
600008.SH,600008,20251209,91501420,0,8875,A,S,30400,40000,
600008.SH,600008,20251209,91501420,0,8883,A,S,31000,20000,
600008.SH,600008,20251209,91501420,0,8962,A,S,30900,11900,
600008.SH,600008,20251209,91501420,0,8963,A,S,32000,20000,
600008.SH,600008,20251209,91501420,0,9008,A,B,30200,3000,
600008.SH,600008,20251209,91501420,0,9016,A,S,30400,3300,
600008.SH,600008,20251209,91501420,0,9160,A,B,30200,1000,
600008.SH,600008,20251209,91501420,0,9167,A,B,30100,1000,
600008.SH,600008,20251209,91501420,0,9205,A,B,29100,500,
600008.SH,600008,20251209,91501460,0,9282,A,S,30400,4500,
600008.SH,600008,20251209,91501460,0,9308,A,B,30100,6800,
600008.SH,600008,20251209,91501460,0,9435,A,S,30400,30300,
600008.SH,600008,20251209,91501460,0,9758,A,S,30700,15000,
600008.SH,600008,20251209,91501460,0,9798,A,B,30100,15000,
600008.SH,600008,20251209,91501460,0,9849,A,B,30200,10000,
600008.SH,600008,20251209,91501460,0,10444,A,S,30400,7300,
600008.SH,600008,20251209,91501460,0,10464,A,S,32600,6000,
600008.SH,600008,20251209,91501460,0,10492,A,S,32500,6000,
600008.SH,600008,20251209,91501460,0,10499,A,S,30500,25500,
600008.SH,600008,20251209,91501540,0,10632,A,S,31900,10000,
600008.SH,600008,20251209,91501540,0,10638,A,B,30000,10100,
600008.SH,600008,20251209,91501540,0,10659,A,S,31000,10100,
600008.SH,600008,20251209,91501540,0,10661,A,S,31500,1100,
600008.SH,600008,20251209,91501540,0,10662,A,S,31100,10100,
600008.SH,600008,20251209,91501600,0,10990,A,B,30200,4500,
600008.SH,600008,20251209,91501600,0,11013,A,S,30600,21000,
600008.SH,600008,20251209,91501640,0,11070,A,S,30900,10100,
600008.SH,600008,20251209,91501640,0,11084,A,S,30800,10100,
600008.SH,600008,20251209,91501670,0,11120,A,B,29800,1000,
600008.SH,600008,20251209,91501670,0,11122,A,B,29800,10100,
600008.SH,600008,20251209,91501670,0,11158,A,S,33300,100,
600008.SH,600008,20251209,91501670,0,11183,A,B,30200,100,
600008.SH,600008,20251209,91501670,0,11233,A,S,30500,2000,
600008.SH,600008,20251209,91501670,0,11234,A,B,30100,100,
600008.SH,600008,20251209,91501670,0,11235,A,B,30000,100,
600008.SH,600008,20251209,91501670,0,11290,A,S,30500,10500,
600008.SH,600008,20251209,91501670,0,11303,A,S,33300,10000,
600008.SH,600008,20251209,91501670,0,11335,A,B,30100,2800,
600008.SH,600008,20251209,91501670,0,11339,A,B,30000,2800,
600008.SH,600008,20251209,91501670,0,11353,A,B,29900,2800,
600008.SH,600008,20251209,91501670,0,11356,A,B,29800,2800,
600008.SH,600008,20251209,91501710,0,11492,A,S,30400,50000,
600008.SH,600008,20251209,91501710,0,11493,A,S,30600,50000,
600008.SH,600008,20251209,91501710,0,11541,A,B,29900,2200,
600008.SH,600008,20251209,91501710,0,11614,A,B,30100,4000,
600008.SH,600008,20251209,91501710,0,11658,A,S,30500,48000,
600008.SH,600008,20251209,91501710,0,11710,A,B,29900,10100,
600008.SH,600008,20251209,91501710,0,11814,A,S,33300,3600,
600008.SH,600008,20251209,91501710,0,11849,A,S,30400,25500,
600008.SH,600008,20251209,91501710,0,11957,A,B,29900,1500,
600008.SH,600008,20251209,91501710,0,11961,A,S,30500,100000,
600008.SH,600008,20251209,91501740,0,12041,A,B,29700,30000,
600008.SH,600008,20251209,91501740,0,12159,A,S,30400,30000,
600008.SH,600008,20251209,91501740,0,12192,A,S,30400,10000,
600008.SH,600008,20251209,91501740,0,12201,A,S,30900,10000,
600008.SH,600008,20251209,91501740,0,12202,A,B,30200,10000,
600008.SH,600008,20251209,91501740,0,12217,A,S,33000,1200,
600008.SH,600008,20251209,91501740,0,12224,A,S,30500,3000,
600008.SH,600008,20251209,91501740,0,12233,A,S,31000,3000,
600008.SH,600008,20251209,91501740,0,12237,A,B,30100,3000,
600008.SH,600008,20251209,91501740,0,12240,A,B,29900,3000,
600008.SH,600008,20251209,91501740,0,12241,A,B,29800,3000,
600008.SH,600008,20251209,91501770,0,12298,A,S,30600,900,
600008.SH,600008,20251209,91501770,0,12306,A,S,30800,900,
600008.SH,600008,20251209,91501770,0,12311,A,B,29900,1100,
600008.SH,600008,20251209,91501770,0,12312,A,S,30900,15000,
600008.SH,600008,20251209,91501770,0,12348,A,B,30000,15000,
600008.SH,600008,20251209,91501770,0,12369,A,S,33200,2500,
600008.SH,600008,20251209,91501770,0,12434,A,S,30900,5000,
600008.SH,600008,20251209,91501770,0,12442,A,S,31200,5000,
600008.SH,600008,20251209,91501770,0,12443,A,S,31500,5000,
600008.SH,600008,20251209,91501770,0,12448,A,S,32400,5000,
600008.SH,600008,20251209,91501770,0,12549,A,B,30100,6300,
600008.SH,600008,20251209,91501770,0,12580,A,S,30400,2800,
600008.SH,600008,20251209,91501770,0,12582,A,S,30500,2800,
600008.SH,600008,20251209,91501770,0,12584,A,S,30600,2800,
600008.SH,600008,20251209,91501770,0,12586,A,S,30700,2800,
600008.SH,600008,20251209,91501770,0,12589,A,S,30800,2800,
600008.SH,600008,20251209,91501770,0,12658,A,S,30900,10000,
600008.SH,600008,20251209,91501770,0,12778,A,B,30000,1200,
600008.SH,600008,20251209,91501770,0,12779,A,B,29800,1200,
600008.SH,600008,20251209,91501770,0,12780,A,S,30400,1200,
600008.SH,600008,20251209,91501770,0,12781,A,S,30600,1200,
600008.SH,600008,20251209,91501770,0,12862,A,S,30500,13600,
600008.SH,600008,20251209,91501770,0,12863,A,S,30600,20000,
600008.SH,600008,20251209,91501800,0,12930,A,S,31500,2600,
600008.SH,600008,20251209,91501800,0,12937,A,S,33300,2600,
600008.SH,600008,20251209,91501800,0,13036,A,S,30900,1000,
600008.SH,600008,20251209,91501800,0,13055,A,S,30400,2000,
600008.SH,600008,20251209,91501800,0,13359,A,S,30400,5000,
600008.SH,600008,20251209,91501800,0,13476,A,B,30100,2000,
600008.SH,600008,20251209,91501800,0,13645,A,B,29500,1000,
600008.SH,600008,20251209,91501860,0,13731,A,S,30500,2600,
600008.SH,600008,20251209,91501860,0,13875,A,B,28300,400,
600008.SH,600008,20251209,91501860,0,14024,A,B,29900,9600,
600008.SH,600008,20251209,91501860,0,14091,A,S,31800,4000,
600008.SH,600008,20251209,91501860,0,14248,A,S,30400,979700,
600008.SH,600008,20251209,91501860,0,14279,A,B,30100,2000,
600008.SH,600008,20251209,91501860,0,14300,A,S,30500,500,
600008.SH,600008,20251209,91501860,0,14301,A,S,30800,500,
600008.SH,600008,20251209,91501860,0,14411,A,S,33200,13800,
600008.SH,600008,20251209,91501860,0,14626,A,B,30000,4000,
600008.SH,600008,20251209,91501860,0,14638,A,B,30200,2600,
600008.SH,600008,20251209,91501860,0,14650,A,B,30100,3000,
600008.SH,600008,20251209,91501860,0,14831,A,S,30400,33800,
600008.SH,600008,20251209,91501860,0,14832,A,S,30400,22500,
600008.SH,600008,20251209,91501860,0,14833,A,S,30400,16800,
600008.SH,600008,20251209,91501860,0,14834,A,S,30400,28200,
600008.SH,600008,20251209,91501860,0,14899,A,S,33300,100,
600008.SH,600008,20251209,91501860,0,14951,A,S,33300,3100,
600008.SH,600008,20251209,91501860,0,14970,A,S,30400,31300,
600008.SH,600008,20251209,91501860,0,15118,A,B,29800,100,
600008.SH,600008,20251209,91501860,0,15245,A,B,29000,2000,
600008.SH,600008,20251209,91501860,0,15261,A,S,33200,6900,
600008.SH,600008,20251209,91501860,0,15344,A,S,31000,1000,
600008.SH,600008,20251209,91501860,0,15369,A,S,33300,7500,
600008.SH,600008,20251209,91501860,0,15382,A,S,33000,500,
600008.SH,600008,20251209,91501980,0,15458,A,B,28000,2000,
600008.SH,600008,20251209,91501980,0,15571,A,S,31000,6400,
600008.SH,600008,20251209,91501980,0,15591,A,S,30700,100000,
600008.SH,600008,20251209,91501980,0,15712,A,B,30100,4000,
600008.SH,600008,20251209,91501980,0,15868,A,S,32600,22400,
600008.SH,600008,20251209,91501980,0,15881,A,S,30900,6500,
600008.SH,600008,20251209,91501980,0,15882,A,S,31100,50000,
600008.SH,600008,20251209,91501980,0,15884,A,S,32300,29900,
600008.SH,600008,20251209,91501980,0,15899,A,S,31200,50000,
600008.SH,600008,20251209,91501980,0,15902,A,S,31600,50000,
600008.SH,600008,20251209,91501980,0,15905,A,S,31800,50000,
600008.SH,600008,20251209,91501980,0,15915,A,S,32100,50000,
600008.SH,600008,20251209,91501980,0,15919,A,S,32100,10000,
600008.SH,600008,20251209,91501980,0,16042,A,B,30200,3400,
600008.SH,600008,20251209,91501980,0,16043,A,B,30100,3400,
600008.SH,600008,20251209,91501980,0,16048,A,S,30400,6600,
600008.SH,600008,20251209,91501980,0,16332,A,S,33300,5000,
600008.SH,600008,20251209,91501980,0,16607,A,S,30500,12000,
600008.SH,600008,20251209,91501980,0,17086,A,B,30000,500,
600008.SH,600008,20251209,91501980,0,17087,A,B,29900,500,
600008.SH,600008,20251209,91501980,0,17146,A,B,29800,7600,
600008.SH,600008,20251209,91501980,0,17241,A,S,30400,300000,
600008.SH,600008,20251209,91501980,0,17329,A,S,31200,1000,
600008.SH,600008,20251209,91502090,0,17587,A,S,33300,1100,
600008.SH,600008,20251209,91502090,0,17683,A,S,31300,1000,
600008.SH,600008,20251209,91502090,0,17811,A,B,29500,400,
600008.SH,600008,20251209,91502090,0,17816,A,B,29000,400,
600008.SH,600008,20251209,91502090,0,17822,A,B,28000,500,
600008.SH,600008,20251209,91502090,0,18020,A,B,30100,1800,
600008.SH,600008,20251209,91502090,0,18075,A,B,29500,10000,
600008.SH,600008,20251209,91502090,0,18132,A,S,30500,50000,
600008.SH,600008,20251209,91502090,0,18199,A,B,29600,1000,
600008.SH,600008,20251209,91502090,0,18276,A,B,30100,46000,
600008.SH,600008,20251209,91502090,0,18297,A,S,30500,6000,
600008.SH,600008,20251209,91502090,0,18301,A,S,30600,4000,
600008.SH,600008,20251209,91502090,0,18304,A,S,30700,2000,
600008.SH,600008,20251209,91502090,0,18305,A,S,30900,2000,
600008.SH,600008,20251209,91502090,0,18306,A,S,31100,2000,
600008.SH,600008,20251209,91502090,0,18308,A,S,31300,2000,
600008.SH,600008,20251209,91502090,0,18348,A,S,31800,2000,
600008.SH,600008,20251209,91502090,0,18351,A,S,32300,1000,
600008.SH,600008,20251209,91502090,0,18352,A,S,32800,1000,
600008.SH,600008,20251209,91502090,0,18354,A,S,33300,1000,
600008.SH,600008,20251209,91502090,0,18355,A,B,30000,1000,
600008.SH,600008,20251209,91502090,0,18362,A,B,29500,1000,
600008.SH,600008,20251209,91502090,0,18370,A,B,29000,1000,
600008.SH,600008,20251209,91502090,0,18375,A,B,28500,1000,
600008.SH,600008,20251209,91502090,0,18550,A,S,30500,40000,
600008.SH,600008,20251209,91502090,0,18609,A,S,31600,18200,
600008.SH,600008,20251209,91502090,0,18776,A,B,29700,400,
600008.SH,600008,20251209,91502190,0,19105,A,B,30100,8000,
600008.SH,600008,20251209,91502190,0,19717,A,S,33300,50000,
600008.SH,600008,20251209,91502190,0,19723,A,B,30100,1000,
600008.SH,600008,20251209,91502190,0,19749,A,B,27300,2000,
600008.SH,600008,20251209,91502190,0,20124,A,S,30500,500,
600008.SH,600008,20251209,91502190,0,20138,A,S,33300,500,
600008.SH,600008,20251209,91502190,0,20275,A,S,30500,4000,
600008.SH,600008,20251209,91502190,0,20281,A,B,30200,3000,
600008.SH,600008,20251209,91502190,0,20292,A,S,30600,2000,
600008.SH,600008,20251209,91502190,0,20358,A,B,29800,3300,
600008.SH,600008,20251209,91502190,0,20399,A,S,33300,10000,
600008.SH,600008,20251209,91502190,0,20400,A,B,29700,10000,
600008.SH,600008,20251209,91502190,0,20402,A,S,30800,7000,
600008.SH,600008,20251209,91502200,0,20467,A,S,32800,300,
600008.SH,600008,20251209,91502200,0,20528,A,B,30000,20000,
600008.SH,600008,20251209,91502200,0,20537,A,B,29900,20000,
600008.SH,600008,20251209,91502200,0,20547,A,B,29800,20000,
600008.SH,600008,20251209,91502200,0,20556,A,B,29700,14200,
600008.SH,600008,20251209,91502200,0,20832,A,S,30400,50000,
600008.SH,600008,20251209,91502320,0,20948,A,B,28500,21000,
600008.SH,600008,20251209,91502320,0,20949,A,S,32000,18700,
600008.SH,600008,20251209,91502320,0,21124,A,S,33300,100,
600008.SH,600008,20251209,91502320,0,21230,A,S,30300,20000,
600008.SH,600008,20251209,91502320,0,21290,A,S,30500,2000,
600008.SH,600008,20251209,91502320,0,21465,A,S,31000,56700,
600008.SH,600008,20251209,91502320,0,21685,A,B,28000,300,
600008.SH,600008,20251209,91502320,0,21697,A,S,30900,3700,
600008.SH,600008,20251209,91502320,0,21706,A,B,29800,4000,
600008.SH,600008,20251209,91502390,0,22055,A,B,30000,10000,
600008.SH,600008,20251209,91502390,0,22140,A,B,30200,5100,
600008.SH,600008,20251209,91502390,0,22157,A,B,28500,2100,
600008.SH,600008,20251209,91502390,0,22174,A,S,30500,5100,
600008.SH,600008,20251209,91502390,0,22256,A,S,33300,1000,
600008.SH,600008,20251209,91502390,0,22322,A,S,30400,940800,
600008.SH,600008,20251209,91502390,0,22325,A,S,31800,30000,
600008.SH,600008,20251209,91502390,0,22326,A,S,33300,30000,
600008.SH,600008,20251209,91502390,0,22442,A,B,30200,3000,
600008.SH,600008,20251209,91502390,0,22451,A,B,30200,3000,
600008.SH,600008,20251209,91502390,0,22466,A,B,30200,4000,
600008.SH,600008,20251209,91502390,0,22634,A,B,30200,700,
600008.SH,600008,20251209,91502390,0,22638,A,B,30100,700,
600008.SH,600008,20251209,91502390,0,22713,A,S,30400,30000,
600008.SH,600008,20251209,91502390,0,22714,A,S,30500,20000,
600008.SH,600008,20251209,91502390,0,23036,A,B,30200,30000,
600008.SH,600008,20251209,91502390,0,23044,A,B,30100,30000,
600008.SH,600008,20251209,91502390,0,23056,A,B,30000,40000,
600008.SH,600008,20251209,91502390,0,23114,A,S,31200,1000,
600008.SH,600008,20251209,91502390,0,23168,A,S,30500,20000,
600008.SH,600008,20251209,91502390,0,23189,A,B,29900,461900,
600008.SH,600008,20251209,91502480,0,23468,A,B,30100,30000,
600008.SH,600008,20251209,91502480,0,23474,A,B,29200,1200,
600008.SH,600008,20251209,91502480,0,23508,A,B,29600,2000,
600008.SH,600008,20251209,91502480,0,23517,A,B,28100,2000,
600008.SH,600008,20251209,91502480,0,23529,A,B,28600,2000,
600008.SH,600008,20251209,91502480,0,23561,A,S,31600,2000,
600008.SH,600008,20251209,91502480,0,23565,A,B,29100,2000,
600008.SH,600008,20251209,91502480,0,23673,A,S,30500,1000,
600008.SH,600008,20251209,91502480,0,23674,A,S,30900,1000,
600008.SH,600008,20251209,91502480,0,23675,A,S,32200,1000,
600008.SH,600008,20251209,91502480,0,23676,A,S,33000,1600,
600008.SH,600008,20251209,91502480,0,23856,A,S,32900,1000,
600008.SH,600008,20251209,91502480,0,23922,A,B,30000,20800,
600008.SH,600008,20251209,91502480,0,24147,A,S,30600,2000,
600008.SH,600008,20251209,91502480,0,24150,A,S,31100,2000,
600008.SH,600008,20251209,91502480,0,24193,A,S,30600,200,
600008.SH,600008,20251209,91502480,0,24340,A,S,32100,1800,
600008.SH,600008,20251209,91502480,0,24430,A,B,30100,4400,
600008.SH,600008,20251209,91502480,0,24546,A,B,30000,1500,
600008.SH,600008,20251209,91502480,0,24667,A,B,29800,1000,
600008.SH,600008,20251209,91502480,0,24777,A,B,29000,3700,
600008.SH,600008,20251209,91502480,0,24788,A,S,32000,3400,
600008.SH,600008,20251209,91502480,0,24797,A,S,33000,3400,
600008.SH,600008,20251209,91502480,0,24829,A,B,28000,3800,
600008.SH,600008,20251209,91502480,0,24893,A,S,30500,2500,
600008.SH,600008,20251209,91502580,0,24946,A,B,30000,20000,
600008.SH,600008,20251209,91502580,0,24981,A,S,32000,1300,
600008.SH,600008,20251209,91502580,0,25025,A,B,30700,2500,
600008.SH,600008,20251209,91502580,0,25032,A,B,30200,2800,
600008.SH,600008,20251209,91502580,0,25305,A,S,31000,100,
600008.SH,600008,20251209,91502580,0,25321,A,S,32500,10000,
600008.SH,600008,20251209,91502580,0,25358,A,S,31000,10000,
600008.SH,600008,20251209,91502580,0,25398,A,S,33200,10000,
600008.SH,600008,20251209,91502580,0,25399,A,B,30100,3200,
600008.SH,600008,20251209,91502580,0,25409,A,S,30500,216600,
600008.SH,600008,20251209,91502580,0,25443,A,S,31600,1700,
600008.SH,600008,20251209,91502580,0,25444,A,S,32900,600,
600008.SH,600008,20251209,91502580,0,25818,A,S,30300,5000,
600008.SH,600008,20251209,91502580,0,25829,A,S,30400,10000,
600008.SH,600008,20251209,91502580,0,25888,A,B,30100,5000,
600008.SH,600008,20251209,91502580,0,26072,A,S,33200,2000,
600008.SH,600008,20251209,91502590,0,26202,A,S,30500,50000,
600008.SH,600008,20251209,91502590,0,26203,A,B,30000,2000,
600008.SH,600008,20251209,91502590,0,26251,A,S,30600,2500,
600008.SH,600008,20251209,91502590,0,26254,A,S,30400,4000,
600008.SH,600008,20251209,91502590,0,26255,A,S,30600,4000,
600008.SH,600008,20251209,91502590,0,26261,A,S,30800,8000,
600008.SH,600008,20251209,91502590,0,26269,A,S,30400,40000,
600008.SH,600008,20251209,91502590,0,26277,A,S,31800,5000,
600008.SH,600008,20251209,91502590,0,26278,A,S,32100,5000,
600008.SH,600008,20251209,91502590,0,26287,A,B,30100,2000,
600008.SH,600008,20251209,91502590,0,26290,A,S,30500,3000,
600008.SH,600008,20251209,91502590,0,26300,A,S,30600,3000,
600008.SH,600008,20251209,91502590,0,26316,A,S,30700,3000,
600008.SH,600008,20251209,91502590,0,26337,A,S,30800,3000,
600008.SH,600008,20251209,91502590,0,26357,A,S,30900,3000,
600008.SH,600008,20251209,91502590,0,26858,A,S,30600,33000,
600008.SH,600008,20251209,91502710,0,26919,A,S,30500,61100,
600008.SH,600008,20251209,91502710,0,26934,A,S,30500,61100,
600008.SH,600008,20251209,91502710,0,26935,A,S,30300,61100,
600008.SH,600008,20251209,91502710,0,26953,A,S,30600,71100,
600008.SH,600008,20251209,91502710,0,26959,A,S,30700,71100,
600008.SH,600008,20251209,91502710,0,26963,A,B,30000,61100,
600008.SH,600008,20251209,91502710,0,26967,A,B,29900,51100,
600008.SH,600008,20251209,91502710,0,27136,A,S,30400,10000,
600008.SH,600008,20251209,91502710,0,27199,A,S,30400,6000,
600008.SH,600008,20251209,91502710,0,27204,A,S,30400,6000,
600008.SH,600008,20251209,91502710,0,27305,A,B,30100,2500,
600008.SH,600008,20251209,91502710,0,27327,A,S,30500,2500,
600008.SH,600008,20251209,91502710,0,27341,A,S,30600,2500,
600008.SH,600008,20251209,91502710,0,27359,A,S,30700,2500,
600008.SH,600008,20251209,91502710,0,27379,A,S,30800,2500,
600008.SH,600008,20251209,91502710,0,27479,A,S,31800,4400,
600008.SH,600008,20251209,91502710,0,27845,A,S,30500,4000,
600008.SH,600008,20251209,91502710,0,27858,A,B,30200,1000,
600008.SH,600008,20251209,91502710,0,27865,A,S,30600,4000,
600008.SH,600008,20251209,91502710,0,27870,A,S,30700,4000,
600008.SH,600008,20251209,91502710,0,27883,A,B,30100,1000,
600008.SH,600008,20251209,91502710,0,27891,A,S,30800,4000,
600008.SH,600008,20251209,91502710,0,27905,A,S,30900,4000,
600008.SH,600008,20251209,91502710,0,27952,A,B,30100,3000,
600008.SH,600008,20251209,91502710,0,28035,A,S,32100,1000,
600008.SH,600008,20251209,91502710,0,28139,A,B,30100,1900,
600008.SH,600008,20251209,91502710,0,28159,A,S,32000,100,
600008.SH,600008,20251209,91502710,0,28204,A,S,33300,1000,
600008.SH,600008,20251209,91502710,0,28358,A,B,30200,1000,
600008.SH,600008,20251209,91502710,0,28385,A,S,33300,1600,
600008.SH,600008,20251209,91502710,0,28403,A,S,30400,22000,
600008.SH,600008,20251209,91502710,0,28576,A,B,30000,6700,
600008.SH,600008,20251209,91502710,0,28677,A,S,32800,20000,
600008.SH,600008,20251209,91502840,0,28855,A,S,32200,1200,
600008.SH,600008,20251209,91502840,0,28856,A,S,30800,5000,
600008.SH,600008,20251209,91502840,0,28857,A,S,30900,5000,
600008.SH,600008,20251209,91502840,0,28926,A,S,30700,500,
600008.SH,600008,20251209,91502840,0,28927,A,S,31000,500,
600008.SH,600008,20251209,91502840,0,28939,A,B,30100,1000,
600008.SH,600008,20251209,91502840,0,28983,A,B,33100,5000,
600008.SH,600008,20251209,91502840,0,29751,A,S,33300,200,
600008.SH,600008,20251209,91502840,0,29847,A,B,30000,1000,
600008.SH,600008,20251209,91502840,0,29919,A,S,30600,20000,
600008.SH,600008,20251209,91502840,0,29930,A,S,30900,20000,
600008.SH,600008,20251209,91502840,0,29938,A,S,31200,20000,
600008.SH,600008,20251209,91502840,0,29948,A,S,31500,20000,
600008.SH,600008,20251209,91502840,0,29955,A,S,31800,20000,
600008.SH,600008,20251209,91502840,0,29966,A,S,32100,20000,
600008.SH,600008,20251209,91502840,0,29974,A,S,32400,20000,
600008.SH,600008,20251209,91502840,0,29982,A,S,32700,20000,
600008.SH,600008,20251209,91502840,0,29993,A,S,33000,20000,
600008.SH,600008,20251209,91502840,0,30000,A,S,33300,20000,
600008.SH,600008,20251209,91502840,0,30030,A,B,30000,500,
600008.SH,600008,20251209,91502840,0,30153,A,S,32000,300,
600008.SH,600008,20251209,91502840,0,30329,A,B,30000,10000,
600008.SH,600008,20251209,91502840,0,30467,A,S,30300,14400,
600008.SH,600008,20251209,91502990,0,30822,A,S,33200,1000,
600008.SH,600008,20251209,91502990,0,30837,A,B,30000,30000,
600008.SH,600008,20251209,91502990,0,30863,A,S,31000,1200,
600008.SH,600008,20251209,91502990,0,30941,A,S,33200,6000,
600008.SH,600008,20251209,91502990,0,30991,A,S,30800,3500,
600008.SH,600008,20251209,91502990,0,31040,A,S,33300,22400,
600008.SH,600008,20251209,91502990,0,31041,A,S,33300,50000,
600008.SH,600008,20251209,91502990,0,31272,A,S,30900,500,
600008.SH,600008,20251209,91502990,0,31405,A,B,30100,6000,
600008.SH,600008,20251209,91502990,0,31411,A,S,30600,10000,
600008.SH,600008,20251209,91502990,0,31436,A,S,30600,3000,
600008.SH,600008,20251209,91502990,0,31459,A,S,31400,5000,
600008.SH,600008,20251209,91502990,0,31467,A,S,30900,600,
600008.SH,600008,20251209,91502990,0,31488,A,S,30900,30000,
600008.SH,600008,20251209,91502990,0,31495,A,B,30000,4000,
600008.SH,600008,20251209,91502990,0,31515,A,B,29000,5200,
600008.SH,600008,20251209,91502990,0,31532,A,S,30300,15000,
600008.SH,600008,20251209,91502990,0,31586,A,B,30000,10000,
600008.SH,600008,20251209,91502990,0,31710,A,B,30200,1000,
600008.SH,600008,20251209,91502990,0,31993,A,B,30100,200,
600008.SH,600008,20251209,91502990,0,32011,A,B,30000,200,
600008.SH,600008,20251209,91502990,0,32023,A,B,29900,200,
600008.SH,600008,20251209,91502990,0,32029,A,B,29800,1000,
600008.SH,600008,20251209,91502990,0,32041,A,B,29700,1000,
600008.SH,600008,20251209,91502990,0,32048,A,S,32500,300,
600008.SH,600008,20251209,91502990,0,32202,A,B,28700,1700,
600008.SH,600008,20251209,91502990,0,32577,A,B,29000,2000,
600008.SH,600008,20251209,91502990,0,32578,A,S,30900,300,
600008.SH,600008,20251209,91503120,0,32911,A,B,30000,3500,
600008.SH,600008,20251209,91503120,0,32932,A,S,28800,100,
600008.SH,600008,20251209,91503120,0,33183,A,S,31900,27200,
600008.SH,600008,20251209,91503120,0,33224,A,S,31800,66000,
600008.SH,600008,20251209,91503120,0,33440,A,S,30400,100,
600008.SH,600008,20251209,91503120,0,33441,A,B,30200,100,
600008.SH,600008,20251209,91503120,0,33509,A,S,30500,10000,
600008.SH,600008,20251209,91503120,0,33510,A,S,30500,10000,
600008.SH,600008,20251209,91503120,0,33616,A,B,30200,54000,
600008.SH,600008,20251209,91503120,0,33755,A,B,30200,10000,
600008.SH,600008,20251209,91503120,0,33756,A,B,30100,10000,
600008.SH,600008,20251209,91503120,0,33770,A,S,30500,4000,
600008.SH,600008,20251209,91503120,0,33771,A,S,30700,4000,
600008.SH,600008,20251209,91503120,0,33781,A,S,33300,1400,
600008.SH,600008,20251209,91503120,0,33789,A,B,28500,3000,
600008.SH,600008,20251209,91503120,0,33799,A,S,30700,20000,
600008.SH,600008,20251209,91503120,0,33926,A,S,30600,3000,
600008.SH,600008,20251209,91503120,0,33936,A,S,33200,7700,
600008.SH,600008,20251209,91503120,0,34076,A,S,30600,5000,
600008.SH,600008,20251209,91503120,0,34079,A,S,30700,5000,
600008.SH,600008,20251209,91503120,0,34082,A,S,30800,5000,
600008.SH,600008,20251209,91503120,0,34087,A,S,30800,5000,
600008.SH,600008,20251209,91503120,0,34094,A,S,30900,5000,
600008.SH,600008,20251209,91503120,0,34106,A,B,30200,30000,
600008.SH,600008,20251209,91503120,0,34270,A,S,30500,10000,
600008.SH,600008,20251209,91503120,0,34339,A,S,30400,9900,
600008.SH,600008,20251209,91503120,0,34353,A,B,30000,6900,
600008.SH,600008,20251209,91503120,0,34358,A,B,30200,20000,
600008.SH,600008,20251209,91503120,0,34359,A,B,30200,20000,
600008.SH,600008,20251209,91503120,0,34362,A,B,30200,20000,
600008.SH,600008,20251209,91503120,0,34365,A,B,30100,20000,
600008.SH,600008,20251209,91503120,0,34374,A,S,31900,7700,
600008.SH,600008,20251209,91503120,0,34551,A,S,31300,1500,
600008.SH,600008,20251209,91503120,0,34595,A,S,31800,4200,
600008.SH,600008,20251209,91503120,0,34725,A,B,30200,1000,
600008.SH,600008,20251209,91503260,0,34853,A,S,30400,30200,
600008.SH,600008,20251209,91503260,0,34864,A,S,30500,600000,
600008.SH,600008,20251209,91503260,0,35047,A,S,33200,700,
600008.SH,600008,20251209,91503260,0,35247,A,B,30100,100000,
600008.SH,600008,20251209,91503260,0,35277,A,B,30100,100000,
600008.SH,600008,20251209,91503260,0,35354,A,S,32900,2200,
600008.SH,600008,20251209,91503260,0,35395,A,S,33200,2200,
600008.SH,600008,20251209,91503260,0,35422,A,S,30500,40000,
600008.SH,600008,20251209,91503260,0,35430,A,S,30800,10000,
600008.SH,600008,20251209,91503260,0,35452,A,S,30500,20000,
600008.SH,600008,20251209,91503260,0,35461,A,B,30000,20000,
600008.SH,600008,20251209,91503260,0,35462,A,B,30100,5100,
600008.SH,600008,20251209,91503260,0,35467,A,B,30000,29400,
600008.SH,600008,20251209,91503260,0,35510,A,S,30500,4400,
600008.SH,600008,20251209,91503260,0,35612,A,S,30500,2000,
600008.SH,600008,20251209,91503260,0,35749,A,B,30100,10000,
600008.SH,600008,20251209,91503260,0,35775,A,B,30200,1000000,
600008.SH,600008,20251209,91503260,0,35782,A,S,30600,10000,
600008.SH,600008,20251209,91503260,0,35812,A,S,30500,154000,
600008.SH,600008,20251209,91503260,0,35864,A,S,30900,11400,
600008.SH,600008,20251209,91503260,0,35889,A,B,30000,2000,
600008.SH,600008,20251209,91503260,0,36099,A,B,29900,30000,
600008.SH,600008,20251209,91503260,0,36135,A,B,29600,30000,
600008.SH,600008,20251209,91503260,0,36193,A,S,30500,25000,
600008.SH,600008,20251209,91503260,0,36200,A,B,29400,1400,
600008.SH,600008,20251209,91503260,0,36225,A,S,32600,1300,
600008.SH,600008,20251209,91503260,0,36293,A,S,31000,2000,
600008.SH,600008,20251209,91503260,0,36316,A,S,31800,10000,
600008.SH,600008,20251209,91503260,0,36407,A,S,33300,10000,
600008.SH,600008,20251209,91503260,0,36675,A,B,30200,3300,
600008.SH,600008,20251209,91503390,0,36714,A,B,29900,8000,
600008.SH,600008,20251209,91503390,0,36913,A,B,30100,10200,
600008.SH,600008,20251209,91503390,0,36925,A,S,31100,2000,
600008.SH,600008,20251209,91503390,0,36935,A,B,30100,5100,
600008.SH,600008,20251209,91503390,0,36936,A,S,30500,5100,
600008.SH,600008,20251209,91503390,0,36937,A,S,30500,5100,
600008.SH,600008,20251209,91503390,0,37455,A,S,30900,3000,
600008.SH,600008,20251209,91503390,0,37759,A,S,33100,5600,
600008.SH,600008,20251209,91503390,0,37770,A,B,30000,11900,
600008.SH,600008,20251209,91503390,0,37857,A,S,30500,1000,
600008.SH,600008,20251209,91503390,0,37864,A,S,30600,1000,
600008.SH,600008,20251209,91503390,0,37872,A,S,30700,1000,
600008.SH,600008,20251209,91503390,0,37877,A,S,30800,1000,
600008.SH,600008,20251209,91503390,0,37882,A,S,30900,1000,
600008.SH,600008,20251209,91503390,0,37958,A,S,31100,2000,
600008.SH,600008,20251209,91503390,0,37975,A,S,31100,107000,
600008.SH,600008,20251209,91503390,0,38005,A,S,30500,10000,
600008.SH,600008,20251209,91503390,0,38007,A,S,30600,10000,
600008.SH,600008,20251209,91503390,0,38009,A,S,30700,10000,
600008.SH,600008,20251209,91503390,0,38014,A,B,30100,10000,
600008.SH,600008,20251209,91503390,0,38024,A,S,30600,3000,
600008.SH,600008,20251209,91503390,0,38025,A,S,30700,3000,
600008.SH,600008,20251209,91503390,0,38027,A,S,30800,3000,
600008.SH,600008,20251209,91503390,0,38029,A,S,30900,3000,
600008.SH,600008,20251209,91503390,0,38031,A,B,30000,3000,
600008.SH,600008,20251209,91503390,0,38108,A,S,30400,100000,
600008.SH,600008,20251209,91503390,0,38111,A,S,30500,100000,
600008.SH,600008,20251209,91503390,0,38141,A,B,30200,2000,
600008.SH,600008,20251209,91503390,0,38148,A,B,30100,1000,
600008.SH,600008,20251209,91503390,0,38150,A,B,29700,2500,
600008.SH,600008,20251209,91503390,0,38159,A,B,30000,1000,
600008.SH,600008,20251209,91503390,0,38160,A,B,30000,1000,
600008.SH,600008,20251209,91503390,0,38205,A,S,31500,1000,
600008.SH,600008,20251209,91503390,0,38411,A,S,31100,200,
600008.SH,600008,20251209,91503550,0,38700,A,B,28500,1000,
600008.SH,600008,20251209,91503550,0,38732,A,S,31200,1000,
600008.SH,600008,20251209,91503550,0,38913,A,S,33000,2000,
600008.SH,600008,20251209,91503550,0,39034,A,B,30000,1600,
600008.SH,600008,20251209,91503550,0,39072,A,S,30400,30000,
600008.SH,600008,20251209,91503550,0,39241,A,S,30500,6800,
600008.SH,600008,20251209,91503550,0,39411,A,S,30400,15000,
600008.SH,600008,20251209,91503550,0,39416,A,S,30600,56400,
600008.SH,600008,20251209,91503550,0,39425,A,S,30500,40100,
600008.SH,600008,20251209,91503550,0,39458,A,S,33300,50000,
600008.SH,600008,20251209,91503550,0,39462,A,S,33200,50000,
600008.SH,600008,20251209,91503550,0,39465,A,S,32800,20000,
600008.SH,600008,20251209,91503550,0,39476,A,S,32600,20000,
600008.SH,600008,20251209,91503550,0,39485,A,S,32000,20000,
600008.SH,600008,20251209,91503550,0,39495,A,B,30000,5600,
600008.SH,600008,20251209,91503550,0,39562,A,S,33300,150000,
600008.SH,600008,20251209,91503550,0,39680,A,B,29700,1300,
600008.SH,600008,20251209,91503550,0,39698,A,S,31400,200,
600008.SH,600008,20251209,91503550,0,39706,A,B,30200,5000,
600008.SH,600008,20251209,91503550,0,39713,A,B,30000,10000,
600008.SH,600008,20251209,91503550,0,39717,A,B,29800,10000,
600008.SH,600008,20251209,91503550,0,39719,A,S,33300,3000,
600008.SH,600008,20251209,91503550,0,39723,A,S,32800,3000,
600008.SH,600008,20251209,91503550,0,39728,A,S,32300,3000,
600008.SH,600008,20251209,91503550,0,39733,A,S,31800,3000,
600008.SH,600008,20251209,91503550,0,39739,A,S,31300,3000,
600008.SH,600008,20251209,91503550,0,39745,A,S,30800,3000,
600008.SH,600008,20251209,91503550,0,39851,A,S,31900,300,
600008.SH,600008,20251209,91503550,0,39967,A,B,30100,1100,
600008.SH,600008,20251209,91503550,0,39980,A,B,30000,1200,
600008.SH,600008,20251209,91503550,0,40137,A,S,31700,1000,
600008.SH,600008,20251209,91503550,0,40169,A,S,33200,300,
600008.SH,600008,20251209,91503550,0,40226,A,S,30500,14700,
600008.SH,600008,20251209,91503550,0,40230,A,B,30100,46000,
600008.SH,600008,20251209,91503550,0,40249,A,S,30600,14700,
600008.SH,600008,20251209,91503550,0,40289,A,S,30600,100000,
600008.SH,600008,20251209,91503550,0,40379,A,S,32700,3000,
600008.SH,600008,20251209,91503550,0,40443,A,S,30400,30000,
600008.SH,600008,20251209,91503550,0,40502,A,B,30100,4200,
600008.SH,600008,20251209,91503550,0,40608,A,S,33300,3300,
600008.SH,600008,20251209,91503550,0,40630,A,S,32500,3000,
600008.SH,600008,20251209,91503680,0,40643,A,S,30500,50000,
600008.SH,600008,20251209,91503680,0,40644,A,S,30600,100000,
600008.SH,600008,20251209,91503680,0,40650,A,S,30700,100000,
600008.SH,600008,20251209,91503680,0,40657,A,S,30800,100000,
600008.SH,600008,20251209,91503680,0,40820,A,B,30100,5000,
600008.SH,600008,20251209,91503680,0,40856,A,S,30400,3000,
600008.SH,600008,20251209,91503680,0,40857,A,S,30400,33000,
600008.SH,600008,20251209,91503680,0,40865,A,S,30700,33000,
600008.SH,600008,20251209,91503680,0,41010,A,B,30200,6000,
600008.SH,600008,20251209,91503680,0,41160,A,B,30200,30000,
600008.SH,600008,20251209,91503680,0,41173,A,S,32300,6600,
600008.SH,600008,20251209,91503680,0,41283,A,S,32100,13300,
600008.SH,600008,20251209,91503680,0,41435,A,B,30100,3300,
600008.SH,600008,20251209,91503680,0,41549,A,S,30600,6000,
600008.SH,600008,20251209,91503680,0,41596,A,B,30100,3100,
600008.SH,600008,20251209,91503680,0,41731,A,S,31300,5700,
600008.SH,600008,20251209,91503680,0,41917,A,S,31000,6000,
600008.SH,600008,20251209,91503680,0,42021,A,B,30100,10000,
600008.SH,600008,20251209,91503680,0,42035,A,B,30200,700,
600008.SH,600008,20251209,91503680,0,42043,A,B,30200,900,
600008.SH,600008,20251209,91503680,0,42457,A,S,32300,10000,
600008.SH,600008,20251209,91503810,0,42715,A,S,33300,1100,
600008.SH,600008,20251209,91503810,0,42870,A,B,30000,1000,
600008.SH,600008,20251209,91503810,0,42872,A,S,31000,1000,
600008.SH,600008,20251209,91503810,0,43271,A,S,33200,100,
600008.SH,600008,20251209,91503810,0,43381,A,S,32000,5000,
600008.SH,600008,20251209,91503810,0,43389,A,S,30400,29600,
600008.SH,600008,20251209,91503810,0,43543,A,S,30600,3200,
600008.SH,600008,20251209,91503810,0,43636,A,B,29000,5000,
600008.SH,600008,20251209,91503810,0,43782,A,S,33000,2000,
600008.SH,600008,20251209,91503920,0,43976,A,S,33000,1200,
600008.SH,600008,20251209,91503920,0,44029,A,B,29100,1300,
600008.SH,600008,20251209,91503920,0,44198,A,S,30600,100000,
600008.SH,600008,20251209,91503920,0,44199,A,S,30800,100000,
600008.SH,600008,20251209,91503920,0,44232,A,S,30500,50000,
600008.SH,600008,20251209,91503920,0,44233,A,S,30600,50000,
600008.SH,600008,20251209,91503920,0,44276,A,S,30400,33000,
600008.SH,600008,20251209,91503920,0,44281,A,S,30800,33000,
600008.SH,600008,20251209,91503920,0,44568,A,S,30300,200,
600008.SH,600008,20251209,91503920,0,44817,A,S,30200,1000,
600008.SH,600008,20251209,91503920,0,44893,A,S,30500,3000,
600008.SH,600008,20251209,91503920,0,45018,A,B,30200,100,
600008.SH,600008,20251209,91503920,0,45202,A,B,29800,100,
600008.SH,600008,20251209,91503920,0,45203,A,B,29900,100,
600008.SH,600008,20251209,91503920,0,45208,A,B,30100,100,
600008.SH,600008,20251209,91503920,0,45209,A,B,29700,100,
600008.SH,600008,20251209,91503920,0,45221,A,B,30000,100,
600008.SH,600008,20251209,91503920,0,45360,A,S,33000,500,
600008.SH,600008,20251209,91504060,0,46083,A,B,29900,1600,
600008.SH,600008,20251209,91504060,0,46169,A,S,31900,2200,
600008.SH,600008,20251209,91504060,0,46267,A,B,29500,5000,
600008.SH,600008,20251209,91504060,0,46268,A,B,29700,5000,
600008.SH,600008,20251209,91504060,0,46586,A,B,29600,5000,
600008.SH,600008,20251209,91504060,0,46693,A,S,30700,10000,
600008.SH,600008,20251209,91504060,0,46699,A,B,29600,5000,
600008.SH,600008,20251209,91504060,0,46700,A,S,33200,20000,
600008.SH,600008,20251209,91504060,0,46706,A,B,30100,20000,
600008.SH,600008,20251209,91504060,0,46712,A,S,30400,50000,
600008.SH,600008,20251209,91504060,0,46716,A,S,30400,100000,
600008.SH,600008,20251209,91504060,0,46782,A,S,30500,5000,
600008.SH,600008,20251209,91504060,0,46819,A,S,30800,1300,
600008.SH,600008,20251209,91504060,0,46820,A,S,31400,1300,
600008.SH,600008,20251209,91504060,0,46823,A,S,31700,1300,
600008.SH,600008,20251209,91504060,0,46824,A,S,31800,1300,
600008.SH,600008,20251209,91504060,0,46826,A,S,31900,1300,
600008.SH,600008,20251209,91504060,0,46827,A,S,32000,1300,
600008.SH,600008,20251209,91504060,0,46830,A,S,32100,1300,
600008.SH,600008,20251209,91504060,0,46831,A,S,32200,1300,
600008.SH,600008,20251209,91504060,0,46836,A,S,32300,1300,
600008.SH,600008,20251209,91504060,0,46837,A,S,32600,1300,
600008.SH,600008,20251209,91504060,0,46838,A,S,33000,1300,
600008.SH,600008,20251209,91504060,0,46839,A,B,29900,1300,
600008.SH,600008,20251209,91504060,0,46858,A,B,30000,4400,
600008.SH,600008,20251209,91504060,0,46952,A,B,29900,2000,
600008.SH,600008,20251209,91504060,0,47013,A,S,30400,2200,
600008.SH,600008,20251209,91504060,0,47115,A,S,30400,10000,
600008.SH,600008,20251209,91504060,0,47139,A,S,30500,10000,
600008.SH,600008,20251209,91504060,0,47141,A,S,30400,10000,
600008.SH,600008,20251209,91504060,0,47144,A,S,30500,10000,
600008.SH,600008,20251209,91504060,0,47196,A,B,29800,30000,
600008.SH,600008,20251209,91504060,0,47221,A,B,28900,1400,
600008.SH,600008,20251209,91504060,0,47234,A,S,33200,1300,
600008.SH,600008,20251209,91504060,0,47251,A,S,30600,10000,
600008.SH,600008,20251209,91504060,0,47265,A,B,30200,20000,
600008.SH,600008,20251209,91504060,0,47276,A,B,30100,20000,
600008.SH,600008,20251209,91504060,0,47289,A,B,30000,20000,
600008.SH,600008,20251209,91504060,0,47333,A,S,33000,300,
600008.SH,600008,20251209,91504060,0,47373,A,S,33000,300,
600008.SH,600008,20251209,91504060,0,47420,A,S,33000,300,
600008.SH,600008,20251209,91504060,0,47512,A,S,31300,18800,
600008.SH,600008,20251209,91504060,0,47551,A,B,29800,60000,
600008.SH,600008,20251209,91504060,0,47556,A,B,29800,30000,
600008.SH,600008,20251209,91504060,0,47560,A,B,29800,30000,
600008.SH,600008,20251209,91504060,0,47601,A,B,30000,7000,
600008.SH,600008,20251209,91504060,0,47682,A,B,30000,100,
600008.SH,600008,20251209,91504060,0,47737,A,S,33300,20100,
600008.SH,600008,20251209,91504060,0,47838,A,B,29000,3000,
600008.SH,600008,20251209,91504190,0,48293,A,B,30000,10000,
600008.SH,600008,20251209,91504190,0,48517,A,S,30800,1100,
600008.SH,600008,20251209,91504190,0,48537,A,S,31000,18800,
600008.SH,600008,20251209,91504190,0,48630,A,B,27300,3000,
600008.SH,600008,20251209,91504190,0,48948,A,S,32100,3400,
600008.SH,600008,20251209,91504190,0,49004,A,S,33300,1000,
600008.SH,600008,20251209,91504190,0,49056,A,S,33200,18300,
600008.SH,600008,20251209,91504190,0,49162,A,B,29600,1500,
600008.SH,600008,20251209,91504190,0,49179,A,B,30000,5000,
600008.SH,600008,20251209,91504190,0,49186,A,B,29800,700,
600008.SH,600008,20251209,91504190,0,49214,A,S,31000,50000,
600008.SH,600008,20251209,91504190,0,49361,A,S,30400,20100,
600008.SH,600008,20251209,91504190,0,49368,A,S,30600,3500,
600008.SH,600008,20251209,91504190,0,49372,A,B,30100,2500,
600008.SH,600008,20251209,91504190,0,49426,A,S,30400,20000,
600008.SH,600008,20251209,91504190,0,49545,A,S,32000,3000,
600008.SH,600008,20251209,91504320,0,49910,A,B,30100,50000,
600008.SH,600008,20251209,91504320,0,50117,A,B,29800,16700,
600008.SH,600008,20251209,91504320,0,50246,A,B,29200,2500,
600008.SH,600008,20251209,91504320,0,50318,A,S,30500,30000,
600008.SH,600008,20251209,91504320,0,50444,A,S,30500,20000,
600008.SH,600008,20251209,91504320,0,50451,A,B,29600,2000,
600008.SH,600008,20251209,91504320,0,50480,A,S,31600,2000,
600008.SH,600008,20251209,91504320,0,50657,A,S,33200,7700,
600008.SH,600008,20251209,91504320,0,50658,A,B,30100,3000,
600008.SH,600008,20251209,91504320,0,50712,A,B,30000,16300,
600008.SH,600008,20251209,91504320,0,50724,A,B,29800,5000,
600008.SH,600008,20251209,91504320,0,50726,A,S,31600,20000,
600008.SH,600008,20251209,91504320,0,50785,A,S,30400,1000,
600008.SH,600008,20251209,91504320,0,50910,A,B,30100,3000,
600008.SH,600008,20251209,91504320,0,50982,A,B,30200,40000,
600008.SH,600008,20251209,91504320,0,50992,A,B,30200,50000,
600008.SH,600008,20251209,91504320,0,51020,A,S,30500,3300,
600008.SH,600008,20251209,91504320,0,51046,A,S,30700,2000,
600008.SH,600008,20251209,91504320,0,51078,A,S,33300,4100,
600008.SH,600008,20251209,91504320,0,51111,A,S,33300,900,
600008.SH,600008,20251209,91504320,0,51116,A,B,30100,500,
600008.SH,600008,20251209,91504320,0,51441,A,B,30100,5000,
600008.SH,600008,20251209,91504320,0,51560,A,S,33300,30000,
600008.SH,600008,20251209,91504320,0,51674,A,S,32500,2000,
600008.SH,600008,20251209,91504320,0,51682,A,S,33300,3000,
600008.SH,600008,20251209,91504320,0,51685,A,S,33300,10000,
600008.SH,600008,20251209,91504320,0,51692,A,B,29900,10000,
600008.SH,600008,20251209,91504320,0,51760,A,B,30100,50000,
600008.SH,600008,20251209,91504320,0,51785,A,B,30000,50000,
600008.SH,600008,20251209,91504480,0,51874,A,B,30100,10000,
600008.SH,600008,20251209,91504480,0,51904,A,S,31600,200,
600008.SH,600008,20251209,91504480,0,51989,A,B,29700,800,
600008.SH,600008,20251209,91504480,0,52066,A,S,30500,2000,
600008.SH,600008,20251209,91504480,0,52084,A,S,31000,28000,
600008.SH,600008,20251209,91504480,0,52089,A,B,30200,2000,
600008.SH,600008,20251209,91504480,0,52196,A,B,30100,12000,
600008.SH,600008,20251209,91504480,0,52217,A,B,29500,1000,
600008.SH,600008,20251209,91504480,0,52261,A,S,30400,10000,
600008.SH,600008,20251209,91504480,0,52375,A,S,30600,100000,
600008.SH,600008,20251209,91504480,0,52481,A,S,31900,10000,
600008.SH,600008,20251209,91504480,0,52552,A,S,31900,8000,
600008.SH,600008,20251209,91504480,0,52573,A,S,30600,3000,
600008.SH,600008,20251209,91504480,0,52653,A,S,30400,27500,
600008.SH,600008,20251209,91504480,0,52666,A,S,30500,27500,
600008.SH,600008,20251209,91504480,0,52670,A,S,30600,55000,
600008.SH,600008,20251209,91504480,0,52689,A,S,30700,55000,
600008.SH,600008,20251209,91504480,0,52690,A,S,30800,55000,
600008.SH,600008,20251209,91504480,0,52706,A,S,30900,55000,
600008.SH,600008,20251209,91504480,0,52707,A,S,31000,55000,
600008.SH,600008,20251209,91504480,0,52708,A,S,31100,55000,
600008.SH,600008,20251209,91504480,0,52719,A,B,30200,27500,
600008.SH,600008,20251209,91504480,0,52903,A,S,30300,300000,
600008.SH,600008,20251209,91504480,0,52927,A,S,30600,2100,
600008.SH,600008,20251209,91504480,0,52982,A,B,29600,400,
600008.SH,600008,20251209,91504480,0,53026,A,S,33300,10500,
600008.SH,600008,20251209,91504480,0,53124,A,B,30200,9900,
600008.SH,600008,20251209,91504480,0,53125,A,S,30400,82200,
600008.SH,600008,20251209,91504480,0,53135,A,S,30500,82200,
600008.SH,600008,20251209,91504480,0,53147,A,B,30200,62200,
600008.SH,600008,20251209,91504480,0,53153,A,B,30100,62200,
600008.SH,600008,20251209,91504480,0,53162,A,B,30000,62200,
600008.SH,600008,20251209,91504480,0,53163,A,B,30200,20000,
600008.SH,600008,20251209,91504480,0,53164,A,B,30200,20000,
600008.SH,600008,20251209,91504480,0,53168,A,B,30100,20000,
600008.SH,600008,20251209,91504480,0,53170,A,B,30100,20000,
600008.SH,600008,20251209,91504480,0,53198,A,B,30100,25300,
600008.SH,600008,20251209,91504480,0,53214,A,S,30300,62200,
600008.SH,600008,20251209,91504480,0,53219,A,S,33300,1000,
600008.SH,600008,20251209,91504480,0,53235,A,S,30600,52200,
600008.SH,600008,20251209,91504480,0,53249,A,S,30700,52200,
600008.SH,600008,20251209,91504480,0,53284,A,B,29900,42200,
600008.SH,600008,20251209,91504480,0,53348,A,S,30500,9700,
600008.SH,600008,20251209,91504480,0,53355,A,S,30500,30900,
600008.SH,600008,20251209,91504480,0,53494,A,S,33200,100,
600008.SH,600008,20251209,91504480,0,53505,A,B,30000,1000,
600008.SH,600008,20251209,91504610,0,53794,A,B,30100,55000,
600008.SH,600008,20251209,91504610,0,53800,A,B,30000,55000,
600008.SH,600008,20251209,91504610,0,53804,A,B,29900,55000,
600008.SH,600008,20251209,91504610,0,53824,A,B,30000,10000,
600008.SH,600008,20251209,91504610,0,53941,A,S,33300,500,
600008.SH,600008,20251209,91504610,0,54105,A,S,32300,19700,
600008.SH,600008,20251209,91504610,0,54168,A,S,30200,100,
600008.SH,600008,20251209,91504610,0,54221,A,B,30100,80000,
600008.SH,600008,20251209,91504610,0,54310,A,B,29800,10000,
600008.SH,600008,20251209,91504610,0,54311,A,B,30000,10000,
600008.SH,600008,20251209,91504610,0,54362,A,S,30600,4000,
600008.SH,600008,20251209,91504610,0,54363,A,S,30800,4000,
600008.SH,600008,20251209,91504610,0,54378,A,S,30700,3000,
600008.SH,600008,20251209,91504610,0,54432,A,S,33000,3000,
600008.SH,600008,20251209,91504610,0,54567,A,S,30400,100,
600008.SH,600008,20251209,91504610,0,54617,A,S,30400,100000,
600008.SH,600008,20251209,91504610,0,54623,A,B,30200,50000,
600008.SH,600008,20251209,91504610,0,54765,A,S,32300,20000,
600008.SH,600008,20251209,91504610,0,55004,A,B,30000,15000,
600008.SH,600008,20251209,91504610,0,55006,A,S,30900,15000,
600008.SH,600008,20251209,91504610,0,55010,A,S,31300,15000,
600008.SH,600008,20251209,91504610,0,55075,A,B,29600,5000,
600008.SH,600008,20251209,91504610,0,55135,A,B,30000,17400,
600008.SH,600008,20251209,91504610,0,55238,A,S,33300,6000,
600008.SH,600008,20251209,91504610,0,55387,A,B,29000,5000,
600008.SH,600008,20251209,91504730,0,55481,A,S,30500,200,
600008.SH,600008,20251209,91504730,0,55584,A,B,27300,3000,
600008.SH,600008,20251209,91504730,0,55592,A,S,30900,4700,
600008.SH,600008,20251209,91504730,0,55594,A,B,30000,5000,
600008.SH,600008,20251209,91504730,0,55644,A,S,31400,2000,
600008.SH,600008,20251209,91504730,0,55680,A,S,31500,6500,
600008.SH,600008,20251209,91504730,0,55755,A,B,28500,2000,
600008.SH,600008,20251209,91504730,0,55844,A,B,29600,1000,
600008.SH,600008,20251209,91504730,0,56207,A,S,31600,10000,
600008.SH,600008,20251209,91504730,0,56212,A,S,30400,9600,
600008.SH,600008,20251209,91504730,0,56213,A,S,30500,10000,
600008.SH,600008,20251209,91504730,0,56215,A,S,30600,10000,
600008.SH,600008,20251209,91504730,0,56832,A,B,29800,30000,
600008.SH,600008,20251209,91504730,0,57227,A,B,27600,101000,
600008.SH,600008,20251209,91504730,0,57228,A,B,27600,74600,
600008.SH,600008,20251209,91504730,0,57229,A,B,27700,195200,
600008.SH,600008,20251209,91504730,0,57230,A,B,27600,404000,
600008.SH,600008,20251209,91504860,0,57426,A,S,30500,10000,
600008.SH,600008,20251209,91504860,0,57430,A,S,31000,100,
600008.SH,600008,20251209,91504860,0,57431,A,S,32000,100,
600008.SH,600008,20251209,91504860,0,57570,A,S,33000,100,
600008.SH,600008,20251209,91504860,0,57642,A,S,31900,1000,
600008.SH,600008,20251209,91504860,0,57644,A,S,33100,1000,
600008.SH,600008,20251209,91504860,0,57645,A,S,33300,1000,
600008.SH,600008,20251209,91504860,0,57662,A,S,30500,15200,
600008.SH,600008,20251209,91504860,0,57676,A,B,30100,20000,
600008.SH,600008,20251209,91504860,0,57743,A,S,30400,16000,
600008.SH,600008,20251209,91504860,0,57775,A,B,30000,120000,
600008.SH,600008,20251209,91504860,0,57917,A,B,30200,900,
600008.SH,600008,20251209,91504860,0,58153,A,B,27900,500,
600008.SH,600008,20251209,91504860,0,58264,A,S,30700,7200,
600008.SH,600008,20251209,91504860,0,58304,A,B,28800,3500,
600008.SH,600008,20251209,91504860,0,58375,A,B,30200,1500,
600008.SH,600008,20251209,91504860,0,58426,A,B,29800,1000,
600008.SH,600008,20251209,91504860,0,58493,A,S,30500,26300,
600008.SH,600008,20251209,91504860,0,58511,A,S,30700,3000,
600008.SH,600008,20251209,91504860,0,58803,A,B,29500,800,
600008.SH,600008,20251209,91504860,0,58876,A,S,33000,1200,
600008.SH,600008,20251209,91504860,0,59016,A,S,30800,2000,
600008.SH,600008,20251209,91504860,0,59017,A,S,31100,2000,
600008.SH,600008,20251209,91504860,0,59038,A,S,30900,1000,
600008.SH,600008,20251209,91504860,0,59057,A,S,31200,1000,
600008.SH,600008,20251209,91504860,0,59323,A,B,30200,5000,
600008.SH,600008,20251209,91505030,0,59375,A,B,29700,1200,
600008.SH,600008,20251209,91505030,0,59496,A,B,29500,900,
600008.SH,600008,20251209,91505030,0,59834,A,S,30400,72000,
600008.SH,600008,20251209,91505030,0,59879,A,B,30000,6000,
600008.SH,600008,20251209,91505030,0,60134,A,B,30200,1000,
600008.SH,600008,20251209,91505030,0,60135,A,B,30100,1000,
600008.SH,600008,20251209,91505030,0,60138,A,B,30000,2000,
600008.SH,600008,20251209,91505030,0,60183,A,S,30600,47500,
600008.SH,600008,20251209,91505030,0,60481,A,S,32300,29900,
600008.SH,600008,20251209,91505030,0,60494,A,S,28700,400,
600008.SH,600008,20251209,91505030,0,60498,A,B,29500,4000,
600008.SH,600008,20251209,91505030,0,60518,A,B,29600,1000,
600008.SH,600008,20251209,91505030,0,60528,A,S,30400,33300,
600008.SH,600008,20251209,91505030,0,60546,A,S,30800,3500,
600008.SH,600008,20251209,91505030,0,60557,A,S,30600,33300,
600008.SH,600008,20251209,91505030,0,60558,A,S,30500,51800,
600008.SH,600008,20251209,91505030,0,60559,A,S,30500,44400,
600008.SH,600008,20251209,91505030,0,60560,A,S,30500,33300,
600008.SH,600008,20251209,91505030,0,60561,A,S,30500,25800,
600008.SH,600008,20251209,91505030,0,60562,A,S,30500,22200,
600008.SH,600008,20251209,91505030,0,60563,A,S,30500,16600,
600008.SH,600008,20251209,91505030,0,60564,A,S,30500,16900,
600008.SH,600008,20251209,91505030,0,60665,A,S,30500,30000,
600008.SH,600008,20251209,91505030,0,60676,A,S,30400,20000,
600008.SH,600008,20251209,91505030,0,60680,A,B,30200,20000,
600008.SH,600008,20251209,91505030,0,60794,A,S,30500,17500,
600008.SH,600008,20251209,91505030,0,60899,A,B,30100,2000,
600008.SH,600008,20251209,91505030,0,61067,A,S,30400,2000,
600008.SH,600008,20251209,91505030,0,61136,A,S,30500,27800,
600008.SH,600008,20251209,91505030,0,61214,A,S,30500,44700,
600008.SH,600008,20251209,91505030,0,61233,A,B,30200,1000,
600008.SH,600008,20251209,91505030,0,61234,A,S,30400,1000,
600008.SH,600008,20251209,91505180,0,61375,A,B,30100,20000,
600008.SH,600008,20251209,91505180,0,61398,A,S,32300,1000,
600008.SH,600008,20251209,91505180,0,61515,A,B,29800,12000,
600008.SH,600008,20251209,91505180,0,61610,A,S,33300,10000,
600008.SH,600008,20251209,91505180,0,61684,A,B,29600,1500,
600008.SH,600008,20251209,91505180,0,61692,A,B,30200,10000,
600008.SH,600008,20251209,91505180,0,61807,A,S,30400,30000,
600008.SH,600008,20251209,91505180,0,61861,A,B,29700,400,
600008.SH,600008,20251209,91505180,0,62219,A,B,30000,2000,
600008.SH,600008,20251209,91505180,0,62393,A,S,32700,600,
600008.SH,600008,20251209,91505180,0,62405,A,B,30200,10000,
600008.SH,600008,20251209,91505180,0,62408,A,S,30400,10000,
600008.SH,600008,20251209,91505180,0,62478,A,S,30700,20000,
600008.SH,600008,20251209,91505180,0,62519,A,B,30200,1000,
600008.SH,600008,20251209,91505180,0,62520,A,B,30100,1800,
600008.SH,600008,20251209,91505180,0,62523,A,B,30000,10200,
600008.SH,600008,20251209,91505180,0,62608,A,S,30500,6500,
600008.SH,600008,20251209,91505180,0,62619,A,B,30000,60000,
600008.SH,600008,20251209,91505180,0,62620,A,B,30000,60000,
600008.SH,600008,20251209,91505180,0,62621,A,B,30000,60000,
600008.SH,600008,20251209,91505180,0,62779,A,B,30000,10000,
600008.SH,600008,20251209,91505180,0,62881,A,S,30600,3700,
600008.SH,600008,20251209,91505180,0,62949,A,S,32800,1500,
600008.SH,600008,20251209,91505180,0,62986,A,B,29100,900,
600008.SH,600008,20251209,91505180,0,62987,A,S,32500,1100,
600008.SH,600008,20251209,91505180,0,63082,A,S,31200,100000,
600008.SH,600008,20251209,91505180,0,63083,A,S,31100,100000,
600008.SH,600008,20251209,91505180,0,63090,A,S,31000,50000,
600008.SH,600008,20251209,91505180,0,63091,A,S,30900,30000,
600008.SH,600008,20251209,91505180,0,63092,A,S,30800,30000,
600008.SH,600008,20251209,91505180,0,63152,A,B,30000,50000,
600008.SH,600008,20251209,91505330,0,63280,A,B,30000,104800,
600008.SH,600008,20251209,91505330,0,63357,A,S,32000,100,
600008.SH,600008,20251209,91505330,0,63358,A,S,32500,100,
600008.SH,600008,20251209,91505330,0,63359,A,S,33000,100,
600008.SH,600008,20251209,91505330,0,63502,A,S,30900,3500,
600008.SH,600008,20251209,91505330,0,63503,A,S,30800,3000,
600008.SH,600008,20251209,91505330,0,63540,A,S,33300,300,
600008.SH,600008,20251209,91505330,0,63567,A,B,30000,2400,
600008.SH,600008,20251209,91505330,0,63574,A,B,30100,2000,
600008.SH,600008,20251209,91505330,0,63705,A,B,30100,69400,
600008.SH,600008,20251209,91505330,0,63828,A,S,31200,3600,
600008.SH,600008,20251209,91505330,0,64505,A,S,32400,10000,
600008.SH,600008,20251209,91505330,0,64551,A,B,29700,15000,
600008.SH,600008,20251209,91505330,0,64583,A,B,30200,6600,
600008.SH,600008,20251209,91505330,0,64584,A,B,30100,6600,
600008.SH,600008,20251209,91505330,0,64690,A,B,30100,3600,
600008.SH,600008,20251209,91505490,0,65487,A,B,30200,5000,
600008.SH,600008,20251209,91505490,0,66040,A,S,30600,3000,
600008.SH,600008,20251209,91505490,0,66067,A,B,30200,3000,
600008.SH,600008,20251209,91505490,0,66154,A,S,30600,10000,
600008.SH,600008,20251209,91505490,0,66155,A,S,30700,10600,
600008.SH,600008,20251209,91505490,0,66184,A,S,30800,10800,
600008.SH,600008,20251209,91505490,0,66270,A,B,30000,300,
600008.SH,600008,20251209,91505490,0,66312,A,B,30000,16700,
600008.SH,600008,20251209,91505490,0,66356,A,B,30000,10000,
600008.SH,600008,20251209,91505490,0,66357,A,S,30400,10000,
600008.SH,600008,20251209,91505490,0,66452,A,S,33300,1000,
600008.SH,600008,20251209,91505490,0,66465,A,B,30200,14400,
600008.SH,600008,20251209,91505490,0,66466,A,B,30100,14400,
600008.SH,600008,20251209,91505490,0,66481,A,B,30000,9500,
600008.SH,600008,20251209,91505490,0,66680,A,S,30800,1000,
600008.SH,600008,20251209,91505490,0,66746,A,S,30800,30000,
600008.SH,600008,20251209,91505490,0,66784,A,S,31200,30000,
600008.SH,600008,20251209,91505490,0,66785,A,B,30000,30000,
600008.SH,600008,20251209,91505490,0,66925,A,B,30000,3000,
600008.SH,600008,20251209,91505490,0,67080,A,S,31700,900,
600008.SH,600008,20251209,91505490,0,67167,A,B,30000,800,
600008.SH,600008,20251209,91505630,0,67329,A,B,30000,2000,
600008.SH,600008,20251209,91505630,0,67424,A,S,31300,100,
600008.SH,600008,20251209,91505630,0,67439,A,S,31700,100,
600008.SH,600008,20251209,91505630,0,67447,A,S,32200,100,
600008.SH,600008,20251209,91505630,0,67448,A,S,32500,100,
600008.SH,600008,20251209,91505630,0,67449,A,S,32800,100,
600008.SH,600008,20251209,91505630,0,67473,A,S,33000,100,
600008.SH,600008,20251209,91505630,0,67488,A,B,30200,1600,
600008.SH,600008,20251209,91505630,0,67609,A,S,31600,1000,
600008.SH,600008,20251209,91505630,0,67610,A,S,32500,2000,
600008.SH,600008,20251209,91505630,0,67647,A,S,30500,200,
600008.SH,600008,20251209,91505630,0,67847,A,B,30100,10000,
600008.SH,600008,20251209,91505630,0,67864,A,S,33300,6300,
600008.SH,600008,20251209,91505630,0,67912,A,B,29800,100,
600008.SH,600008,20251209,91505630,0,67918,A,B,29500,100,
600008.SH,600008,20251209,91505630,0,68047,A,S,30700,50000,
600008.SH,600008,20251209,91505630,0,68116,A,B,29800,2000,
600008.SH,600008,20251209,91505630,0,68272,A,B,30100,200000,
600008.SH,600008,20251209,91505630,0,68281,A,S,33300,4000,
600008.SH,600008,20251209,91505630,0,68283,A,S,32900,3000,
600008.SH,600008,20251209,91505630,0,68289,A,S,32400,3000,
600008.SH,600008,20251209,91505630,0,68316,A,S,31900,2000,
600008.SH,600008,20251209,91505630,0,68317,A,S,31400,2000,
600008.SH,600008,20251209,91505630,0,67847,D,B,30100,10000,
600008.SH,600008,20251209,91505630,0,66270,D,B,30000,300,
600008.SH,600008,20251209,91505630,0,68767,A,S,30300,1800,
600008.SH,600008,20251209,91505630,0,68781,A,S,30600,6600,
600008.SH,600008,20251209,91505630,0,68802,A,B,30100,10000,
600008.SH,600008,20251209,91505630,0,68809,A,S,30500,198000,
600008.SH,600008,20251209,91505630,0,68907,A,S,30500,6000,
600008.SH,600008,20251209,91505630,0,68944,A,B,30100,60000,
600008.SH,600008,20251209,91505630,0,69014,A,S,33200,1000,
600008.SH,600008,20251209,91505630,0,69026,A,S,33300,500,
600008.SH,600008,20251209,91505630,0,69144,A,S,31000,1000,
600008.SH,600008,20251209,91505770,0,69199,A,S,30400,16700,
600008.SH,600008,20251209,91505770,0,69223,A,S,30400,16900,
600008.SH,600008,20251209,91505770,0,69224,A,S,30500,22800,
600008.SH,600008,20251209,91505770,0,69242,A,S,33200,1000,
600008.SH,600008,20251209,91505770,0,69310,A,S,30500,27700,
600008.SH,600008,20251209,91505770,0,69311,A,S,30500,31800,
600008.SH,600008,20251209,91505770,0,69312,A,S,30600,38300,
600008.SH,600008,20251209,91505770,0,69313,A,S,30700,38300,
600008.SH,600008,20251209,91505770,0,69314,A,S,30800,38200,
600008.SH,600008,20251209,91505770,0,69330,A,S,30400,30000,
600008.SH,600008,20251209,91505770,0,69333,A,B,30200,30000,
600008.SH,600008,20251209,91505770,0,69336,A,B,30100,30000,
600008.SH,600008,20251209,91505770,0,69466,A,B,30000,1000,
600008.SH,600008,20251209,91505770,0,69503,A,S,30400,30000,
600008.SH,600008,20251209,91505770,0,69638,A,B,29800,1500,
600008.SH,600008,20251209,91505770,0,69769,A,B,30000,800,
600008.SH,600008,20251209,91505770,0,69819,A,S,33000,1200,
600008.SH,600008,20251209,91505770,0,69834,A,B,29900,40000,
600008.SH,600008,20251209,91505770,0,70033,A,B,30100,3200,
600008.SH,600008,20251209,91505770,0,70073,A,B,30100,2500,
600008.SH,600008,20251209,91505770,0,70382,A,S,32500,1000,
600008.SH,600008,20251209,91505770,0,70446,A,S,30600,19600,
600008.SH,600008,20251209,91505770,0,70543,A,B,29600,2000,
600008.SH,600008,20251209,91505770,0,70544,A,B,28800,7000,
600008.SH,600008,20251209,91505770,0,70685,A,S,33300,3300,
600008.SH,600008,20251209,91505770,0,70729,A,S,32500,1000,
600008.SH,600008,20251209,91505900,0,70821,A,S,30400,11800,
600008.SH,600008,20251209,91505900,0,70822,A,S,30500,10000,
600008.SH,600008,20251209,91505900,0,70849,A,S,30400,600,
600008.SH,600008,20251209,91505900,0,70891,A,B,30000,300,
600008.SH,600008,20251209,91505930,0,71040,A,B,30000,1700,
600008.SH,600008,20251209,91505930,0,71172,A,B,30100,1100,
600008.SH,600008,20251209,91505930,0,71293,A,B,29800,1000,
600008.SH,600008,20251209,91505930,0,71435,A,S,30500,3000,
600008.SH,600008,20251209,91505930,0,71606,A,B,29000,1700,
600008.SH,600008,20251209,91505930,0,71627,A,S,30900,50000,
600008.SH,600008,20251209,91505930,0,71628,A,S,31000,100000,
600008.SH,600008,20251209,91505930,0,71629,A,S,31100,100000,
600008.SH,600008,20251209,91505930,0,72038,A,S,30500,22200,
600008.SH,600008,20251209,91505930,0,72039,A,S,30600,22200,
600008.SH,600008,20251209,91505930,0,72040,A,S,30700,22200,
600008.SH,600008,20251209,91505930,0,72044,A,S,30800,22200,
600008.SH,600008,20251209,91505930,0,72270,A,B,30100,22200,
600008.SH,600008,20251209,91505930,0,72357,A,B,29800,2000,
600008.SH,600008,20251209,91505930,0,72847,A,S,33000,4000,
600008.SH,600008,20251209,91506080,0,72897,A,S,30400,50000,
600008.SH,600008,20251209,91506080,0,72900,A,B,30200,50000,
600008.SH,600008,20251209,91506080,0,72971,A,B,29300,700,
600008.SH,600008,20251209,91506080,0,73101,A,S,32500,15000,
600008.SH,600008,20251209,91506080,0,73231,A,S,30400,4000,
600008.SH,600008,20251209,91506080,0,73232,A,S,30500,4500,
600008.SH,600008,20251209,91506080,0,73327,A,B,30000,100,
600008.SH,600008,20251209,91506080,0,73387,A,S,30600,10000,
600008.SH,600008,20251209,91506080,0,73403,A,B,30200,10000,
600008.SH,600008,20251209,91506080,0,73612,A,B,30200,6000,
600008.SH,600008,20251209,91506080,0,73819,A,B,30100,50000,
600008.SH,600008,20251209,91506080,0,73833,A,B,29400,3400,
600008.SH,600008,20251209,91506080,0,73834,A,B,29800,2000,
600008.SH,600008,20251209,91506080,0,74287,A,B,30100,50000,
600008.SH,600008,20251209,91506080,0,74288,A,B,30000,50000,
600008.SH,600008,20251209,91506080,0,74425,A,S,33300,8000,
600008.SH,600008,20251209,91506080,0,74717,A,B,30000,27000,
600008.SH,600008,20251209,91506080,0,74799,A,B,28200,300,
600008.SH,600008,20251209,91506080,0,74800,A,B,29200,200,
600008.SH,600008,20251209,91506080,0,74801,A,B,30200,100,
600008.SH,600008,20251209,91506230,0,74888,A,S,30500,5000,
600008.SH,600008,20251209,91506230,0,75143,A,S,31300,10000,
600008.SH,600008,20251209,91506230,0,75162,A,B,29500,2000,
600008.SH,600008,20251209,91506230,0,75164,A,S,33300,2000,
600008.SH,600008,20251209,91506230,0,75286,A,B,30100,2000,
600008.SH,600008,20251209,91506230,0,75311,A,S,31400,14000,
600008.SH,600008,20251209,91506280,0,75462,A,S,30600,2400,
600008.SH,600008,20251209,91506280,0,75648,A,S,33300,100,
600008.SH,600008,20251209,91506280,0,75678,A,S,31800,13800,
600008.SH,600008,20251209,91506280,0,75686,A,S,31500,1000,
600008.SH,600008,20251209,91506280,0,75772,A,S,33300,5500,
600008.SH,600008,20251209,91506280,0,75796,A,B,30000,10000,
600008.SH,600008,20251209,91506280,0,75867,A,S,33000,1090,
600008.SH,600008,20251209,91506280,0,76062,A,B,30200,40000,
600008.SH,600008,20251209,91506280,0,76063,A,S,30500,40000,
600008.SH,600008,20251209,91506280,0,76191,A,B,29800,10000,
600008.SH,600008,20251209,91506280,0,76292,A,S,33300,1700,
600008.SH,600008,20251209,91506280,0,76350,A,B,30100,20200,
600008.SH,600008,20251209,91506280,0,76358,A,S,30500,68400,
600008.SH,600008,20251209,91506280,0,76362,A,S,30600,16100,
600008.SH,600008,20251209,91506280,0,76366,A,S,30700,190000,
600008.SH,600008,20251209,91506280,0,76417,A,S,30700,65000,
600008.SH,600008,20251209,91506280,0,76428,A,S,30600,150000,
600008.SH,600008,20251209,91506280,0,76508,A,S,31400,4500,
600008.SH,600008,20251209,91506280,0,76730,A,B,29100,1000,
600008.SH,600008,20251209,91506280,0,76755,A,S,31000,3000,
600008.SH,600008,20251209,91506280,0,76788,A,B,28100,1000,
600008.SH,600008,20251209,91506280,0,76791,A,B,27300,1000,
600008.SH,600008,20251209,91506280,0,77094,A,S,31300,1000,
600008.SH,600008,20251209,91506280,0,77255,A,S,30500,15000,
600008.SH,600008,20251209,91506280,0,77329,A,S,31500,500,
600008.SH,600008,20251209,91506440,0,77494,A,B,30000,100,
600008.SH,600008,20251209,91506440,0,77675,A,B,29200,6200,
600008.SH,600008,20251209,91506440,0,77676,A,S,30400,20000,
600008.SH,600008,20251209,91506440,0,77680,A,S,30400,20000,
600008.SH,600008,20251209,91506440,0,77682,A,S,30500,20000,
600008.SH,600008,20251209,91506440,0,77686,A,S,30600,20000,
600008.SH,600008,20251209,91506440,0,77688,A,S,30700,20000,
600008.SH,600008,20251209,91506440,0,77695,A,B,29900,6100,
600008.SH,600008,20251209,91506440,0,77782,A,B,30100,10000,
600008.SH,600008,20251209,91506440,0,77824,A,S,30600,10000,
600008.SH,600008,20251209,91506440,0,77905,A,S,30400,5300,
600008.SH,600008,20251209,91506440,0,77988,A,S,30500,137200,
600008.SH,600008,20251209,91506440,0,78110,A,B,30100,5000,
600008.SH,600008,20251209,91506440,0,78200,A,B,29300,4000,
600008.SH,600008,20251209,91506440,0,78423,A,B,30200,2000,
600008.SH,600008,20251209,91506440,0,78424,A,B,30000,2000,
600008.SH,600008,20251209,91506440,0,78509,A,S,30700,10000,
600008.SH,600008,20251209,91506440,0,78566,A,S,32800,10000,
600008.SH,600008,20251209,91506440,0,78576,A,B,30000,4900,
600008.SH,600008,20251209,91506440,0,78633,A,B,30000,10000,
600008.SH,600008,20251209,91506570,0,78984,A,S,31800,4000,
600008.SH,600008,20251209,91506570,0,78985,A,S,33300,2000,
600008.SH,600008,20251209,91506570,0,79140,A,B,29400,1000,
600008.SH,600008,20251209,91506570,0,79195,A,S,33300,1000,
600008.SH,600008,20251209,91506570,0,79237,A,S,30500,11600,
600008.SH,600008,20251209,91506570,0,79340,A,B,30100,1600,
600008.SH,600008,20251209,91506570,0,79360,A,B,29900,3000,
600008.SH,600008,20251209,91506570,0,79577,A,B,30000,2000,
600008.SH,600008,20251209,91506570,0,79579,A,B,30100,2000,
600008.SH,600008,20251209,91506570,0,79631,A,B,30200,1000,
600008.SH,600008,20251209,91506570,0,80299,A,B,30000,500,
600008.SH,600008,20251209,91506570,0,80767,A,S,31200,3000,
600008.SH,600008,20251209,91506570,0,80768,A,B,30000,3000,
600008.SH,600008,20251209,91506570,0,80788,A,S,33000,800,
600008.SH,600008,20251209,91506570,0,80803,A,S,31500,800,
600008.SH,600008,20251209,91506570,0,80869,A,S,30500,5000,
600008.SH,600008,20251209,91506730,0,81091,A,B,29100,1000,
600008.SH,600008,20251209,91506730,0,81135,A,B,30200,3200,
600008.SH,600008,20251209,91506730,0,81268,A,B,30000,3000,
600008.SH,600008,20251209,91506730,0,81652,A,B,29800,20000,
600008.SH,600008,20251209,91506730,0,81726,A,B,30000,12000,
600008.SH,600008,20251209,91506730,0,81944,A,B,28800,3000,
600008.SH,600008,20251209,91506730,0,82110,A,S,30400,5600,
600008.SH,600008,20251209,91506730,0,82252,A,B,29700,50000,
600008.SH,600008,20251209,91506730,0,82757,A,S,30500,10000,
600008.SH,600008,20251209,91506730,0,82817,A,B,30200,87800,
600008.SH,600008,20251209,91506730,0,82864,A,B,30000,1000,
600008.SH,600008,20251209,91506890,0,83167,A,B,30000,5000,
600008.SH,600008,20251209,91506890,0,83217,A,B,30100,3000,
600008.SH,600008,20251209,91506890,0,83281,A,S,31000,5000,
600008.SH,600008,20251209,91506890,0,83282,A,S,30700,5000,
600008.SH,600008,20251209,91506890,0,83305,A,S,33200,6400,
600008.SH,600008,20251209,91506890,0,83436,A,S,31900,2000,
600008.SH,600008,20251209,91506890,0,83606,A,B,30100,30000,
600008.SH,600008,20251209,91506890,0,83615,A,B,30000,3600,
600008.SH,600008,20251209,91506890,0,83646,A,S,30400,30000,
600008.SH,600008,20251209,91506890,0,83682,A,S,30800,3000,
600008.SH,600008,20251209,91506890,0,83772,A,S,33300,200,
600008.SH,600008,20251209,91506890,0,83822,A,B,30000,700,
600008.SH,600008,20251209,91506890,0,83825,A,B,29800,1000,
600008.SH,600008,20251209,91506890,0,83912,A,S,30800,1000,
600008.SH,600008,20251209,91506890,0,83922,A,S,31000,4200,
600008.SH,600008,20251209,91506890,0,84101,A,S,31200,400,
600008.SH,600008,20251209,91506890,0,84122,A,S,30700,13900,
600008.SH,600008,20251209,91506890,0,84165,A,S,30900,400,
600008.SH,600008,20251209,91506890,0,84343,A,S,32500,2000,
600008.SH,600008,20251209,91506890,0,84413,A,B,30000,2000,
600008.SH,600008,20251209,91506890,0,84610,A,S,33300,2000,
600008.SH,600008,20251209,91506890,0,84651,A,S,30400,6900,
600008.SH,600008,20251209,91506890,0,84656,A,S,30900,500,
600008.SH,600008,20251209,91506890,0,84781,A,S,30300,20600,
600008.SH,600008,20251209,91507050,0,85092,A,B,30100,10000,
600008.SH,600008,20251209,91507050,0,85272,A,S,30600,1000,
600008.SH,600008,20251209,91507050,0,85454,A,S,33300,4900,
600008.SH,600008,20251209,91507050,0,85457,A,S,30400,50000,
600008.SH,600008,20251209,91507050,0,85495,A,B,29600,3200,
600008.SH,600008,20251209,91507050,0,85496,A,S,33200,7600,
600008.SH,600008,20251209,91507050,0,85497,A,S,31500,2000,
600008.SH,600008,20251209,91507050,0,85663,A,S,32200,6600,
600008.SH,600008,20251209,91507050,0,85820,A,B,30100,3000,
600008.SH,600008,20251209,91507050,0,85863,A,S,30900,1000,
600008.SH,600008,20251209,91507050,0,85869,A,S,31000,2000,
600008.SH,600008,20251209,91507050,0,85939,A,S,30500,10000,
600008.SH,600008,20251209,91507050,0,86008,A,S,33000,2700,
600008.SH,600008,20251209,91507050,0,86354,A,S,32000,100,
600008.SH,600008,20251209,91507050,0,86380,A,S,31600,3000,
600008.SH,600008,20251209,91507050,0,86411,A,B,30100,10000,
600008.SH,600008,20251209,91507050,0,86473,A,B,30200,6900,
600008.SH,600008,20251209,91507050,0,86525,A,B,29800,1000,
600008.SH,600008,20251209,91507210,0,86871,A,B,30100,4000,
600008.SH,600008,20251209,91507210,0,86928,A,B,30000,10000,
600008.SH,600008,20251209,91507210,0,86966,A,S,33000,500,
600008.SH,600008,20251209,91507210,0,87207,A,S,30500,10000,
600008.SH,600008,20251209,91507260,0,87254,A,S,30700,2200,
600008.SH,600008,20251209,91507260,0,87350,A,S,33300,400,
600008.SH,600008,20251209,91507260,0,87670,A,S,30500,10000,
600008.SH,600008,20251209,91507260,0,87811,A,B,30100,600,
600008.SH,600008,20251209,91507260,0,87861,A,S,31500,1000,
600008.SH,600008,20251209,91507260,0,87862,A,S,32100,9000,
600008.SH,600008,20251209,91507260,0,87889,A,S,33300,5000,
600008.SH,600008,20251209,91507260,0,87900,A,S,31500,400,
600008.SH,600008,20251209,91507260,0,87917,A,S,31000,400,
600008.SH,600008,20251209,91507260,0,87925,A,S,30500,3000,
600008.SH,600008,20251209,91507260,0,87932,A,B,30200,3000,
600008.SH,600008,20251209,91507260,0,88029,A,B,30000,2000,
600008.SH,600008,20251209,91507260,0,88115,A,B,30100,1100,
600008.SH,600008,20251209,91507260,0,88122,A,B,30200,30000,
600008.SH,600008,20251209,91507260,0,88186,A,S,30500,3000,
600008.SH,600008,20251209,91507260,0,88196,A,B,30100,30000,
600008.SH,600008,20251209,91507260,0,88383,A,S,32900,1500,
600008.SH,600008,20251209,91507360,0,88537,A,S,30600,8500,
600008.SH,600008,20251209,91507360,0,88794,A,S,31700,3100,
600008.SH,600008,20251209,91507360,0,89127,A,S,30500,15000,
600008.SH,600008,20251209,91507360,0,89130,A,B,30100,15000,
600008.SH,600008,20251209,91507360,0,89322,A,S,31300,100,
600008.SH,600008,20251209,91507360,0,89511,A,S,33100,500,
600008.SH,600008,20251209,91507360,0,89549,A,S,32700,1000,
600008.SH,600008,20251209,91507360,0,89636,A,S,30500,11200,
600008.SH,600008,20251209,91507360,0,89786,A,B,30200,30000,
600008.SH,600008,20251209,91507360,0,89798,A,S,30400,500,
600008.SH,600008,20251209,91507360,0,89799,A,S,30600,500,
600008.SH,600008,20251209,91507360,0,89800,A,S,30900,500,
600008.SH,600008,20251209,91507360,0,89931,A,S,30300,11300,
600008.SH,600008,20251209,91507360,0,89965,A,S,31100,2000,
600008.SH,600008,20251209,91507360,0,90095,A,B,30200,11300,
600008.SH,600008,20251209,91507360,0,90124,A,S,30500,1000,
600008.SH,600008,20251209,91507360,0,90173,A,B,30000,1000,
600008.SH,600008,20251209,91507360,0,90267,A,B,29300,100,
600008.SH,600008,20251209,91507360,0,90274,A,B,30000,2000,
600008.SH,600008,20251209,91507510,0,90468,A,S,33300,900,
600008.SH,600008,20251209,91507510,0,90501,A,S,30500,10100,
600008.SH,600008,20251209,91507510,0,90762,A,S,33300,600,
600008.SH,600008,20251209,91507510,0,90770,A,S,30700,17430,
600008.SH,600008,20251209,91507510,0,90780,A,S,30900,18000,
600008.SH,600008,20251209,91507510,0,90814,A,B,30100,900,
600008.SH,600008,20251209,91507510,0,90852,A,B,29900,500,
600008.SH,600008,20251209,91507510,0,90923,A,S,30400,600,
600008.SH,600008,20251209,91507510,0,91194,A,S,30600,1000,
600008.SH,600008,20251209,91507510,0,91212,A,B,30200,800,
600008.SH,600008,20251209,91507510,0,91264,A,B,29200,11900,
600008.SH,600008,20251209,91507510,0,91265,A,S,31600,11800,
600008.SH,600008,20251209,91507510,0,91266,A,S,32700,11400,
600008.SH,600008,20251209,91507510,0,91270,A,S,33300,5600,
600008.SH,600008,20251209,91507510,0,91522,A,S,33300,1200,
600008.SH,600008,20251209,91507510,0,91669,A,S,30800,1500,
600008.SH,600008,20251209,91507510,0,91781,A,S,32300,6600,
600008.SH,600008,20251209,91507510,0,91876,A,B,30000,2000,
600008.SH,600008,20251209,91507510,0,91887,A,B,30100,900,
600008.SH,600008,20251209,91507510,0,92073,A,B,30100,1000,
600008.SH,600008,20251209,91507510,0,92074,A,B,30000,1000,
600008.SH,600008,20251209,91507510,0,92087,A,S,30500,1000,
600008.SH,600008,20251209,91507510,0,92089,A,S,31000,1000,
600008.SH,600008,20251209,91507510,0,92192,A,B,30000,600,
600008.SH,600008,20251209,91507510,0,92312,A,S,30400,100,
600008.SH,600008,20251209,91507660,0,92422,A,B,29100,800,
600008.SH,600008,20251209,91507660,0,92505,A,S,31500,6000,
600008.SH,600008,20251209,91507660,0,92518,A,B,28000,300,
600008.SH,600008,20251209,91507660,0,92610,A,B,30000,8000,
600008.SH,600008,20251209,91507660,0,92612,A,B,30100,2000,
600008.SH,600008,20251209,91507660,0,92627,A,S,31500,3000,
600008.SH,600008,20251209,91507660,0,92690,A,S,30600,300,
600008.SH,600008,20251209,91507660,0,92716,A,S,30600,10200,
600008.SH,600008,20251209,91507660,0,92717,A,B,30100,10000,
600008.SH,600008,20251209,91507660,0,92771,A,S,32400,1500,
600008.SH,600008,20251209,91507660,0,92869,A,B,30000,2000,
600008.SH,600008,20251209,91507660,0,92952,A,S,30600,3500,
600008.SH,600008,20251209,91507660,0,93184,A,S,33300,27000,
600008.SH,600008,20251209,91507660,0,93256,A,S,33300,200,
600008.SH,600008,20251209,91507660,0,93315,A,B,30000,6000,
600008.SH,600008,20251209,91507660,0,93320,A,S,30300,6000,
600008.SH,600008,20251209,91507660,0,93438,A,B,28500,3000,
600008.SH,600008,20251209,91507660,0,93457,A,B,30100,20000,
600008.SH,600008,20251209,91507660,0,93535,A,S,30600,2500,
600008.SH,600008,20251209,91507660,0,93556,A,S,30400,13700,
600008.SH,600008,20251209,91507660,0,93640,A,B,30100,2000,
600008.SH,600008,20251209,91507660,0,93715,A,S,31200,3000,
600008.SH,600008,20251209,91507660,0,93796,A,B,30100,500,
600008.SH,600008,20251209,91507660,0,93827,A,S,33300,2000,
600008.SH,600008,20251209,91507660,0,93911,A,S,33300,1000,
600008.SH,600008,20251209,91507800,0,94254,A,S,30500,5000,
600008.SH,600008,20251209,91507800,0,94255,A,B,30000,5000,
600008.SH,600008,20251209,91507800,0,94315,A,S,33300,100,
600008.SH,600008,20251209,91507800,0,94696,A,S,30500,5000,
600008.SH,600008,20251209,91507800,0,94698,A,S,30600,5000,
600008.SH,600008,20251209,91507800,0,94699,A,S,30700,5000,
600008.SH,600008,20251209,91507800,0,94700,A,S,30800,5000,
600008.SH,600008,20251209,91507800,0,94706,A,S,30900,10100,
600008.SH,600008,20251209,91507800,0,94707,A,S,31000,9900,
600008.SH,600008,20251209,91507800,0,94907,A,S,30300,100,
600008.SH,600008,20251209,91507800,0,94931,A,B,28500,500,
600008.SH,600008,20251209,91507800,0,94974,A,B,30200,10000,
600008.SH,600008,20251209,91507800,0,95072,A,B,30200,20000,
600008.SH,600008,20251209,91507800,0,95089,A,B,30200,20000,
600008.SH,600008,20251209,91507800,0,95163,A,S,33200,6900,
600008.SH,600008,20251209,91507800,0,95174,A,B,30100,30000,
600008.SH,600008,20251209,91507800,0,95202,A,S,30500,40000,
600008.SH,600008,20251209,91507900,0,95590,A,B,30200,50000,
600008.SH,600008,20251209,91507900,0,95593,A,S,30500,20000,
600008.SH,600008,20251209,91507900,0,95613,A,B,30200,20000,
600008.SH,600008,20251209,91507900,0,95617,A,B,30100,20000,
600008.SH,600008,20251209,91507900,0,95636,A,B,29800,1300,
600008.SH,600008,20251209,91507900,0,95638,A,B,29700,1300,
600008.SH,600008,20251209,91507900,0,95673,A,B,30200,20200,
600008.SH,600008,20251209,91507930,0,95746,A,B,30000,8000,
600008.SH,600008,20251209,91507930,0,95797,A,B,30000,20000,
600008.SH,600008,20251209,91507930,0,95879,A,B,30000,300,
600008.SH,600008,20251209,91507930,0,96019,A,S,33300,10000,
600008.SH,600008,20251209,91507930,0,96173,A,S,33300,3000,
600008.SH,600008,20251209,91507990,0,96213,A,B,29900,1700,
600008.SH,600008,20251209,91507990,0,96251,A,B,30100,3000,
600008.SH,600008,20251209,91507990,0,96252,A,S,30800,3000,
600008.SH,600008,20251209,91507990,0,96496,A,S,33000,5400,
600008.SH,600008,20251209,91507990,0,96508,A,S,30400,7500,
600008.SH,600008,20251209,91507990,0,96635,A,B,29900,20000,
600008.SH,600008,20251209,91508040,0,96668,A,B,29900,1300,
600008.SH,600008,20251209,91508040,0,96672,A,B,29600,1300,
600008.SH,600008,20251209,91508040,0,96994,A,S,33300,200,
600008.SH,600008,20251209,91508080,0,97069,A,S,31500,50000,
600008.SH,600008,20251209,91508080,0,97217,A,S,33300,1900,
600008.SH,600008,20251209,91508080,0,97351,A,S,30800,500,
600008.SH,600008,20251209,91508080,0,97362,A,S,30600,1000,
600008.SH,600008,20251209,91508080,0,97396,A,B,29800,1000,
600008.SH,600008,20251209,91508080,0,97419,A,S,33100,4500,
600008.SH,600008,20251209,91508120,0,97596,A,S,30500,20000,
600008.SH,600008,20251209,91508120,0,97816,A,S,30800,3400,
600008.SH,600008,20251209,91508120,0,97838,A,B,30000,12500,
600008.SH,600008,20251209,91508180,0,97952,A,S,31900,20000,
600008.SH,600008,20251209,91508180,0,97960,A,B,30200,4000,
600008.SH,600008,20251209,91508180,0,98013,A,S,30600,1200,
600008.SH,600008,20251209,91508180,0,98091,A,B,30200,300000,
600008.SH,600008,20251209,91508180,0,98092,A,B,30100,228000,
600008.SH,600008,20251209,91508180,0,98094,A,B,30100,28900,
600008.SH,600008,20251209,91508180,0,98106,A,B,29600,200,
600008.SH,600008,20251209,91508180,0,98289,A,S,33300,25400,
600008.SH,600008,20251209,91508180,0,98325,A,B,29400,1000,
600008.SH,600008,20251209,91508180,0,98449,A,S,30500,4000,
600008.SH,600008,20251209,91508180,0,98456,A,S,30500,3000,
600008.SH,600008,20251209,91508180,0,98496,A,B,30200,30000,
600008.SH,600008,20251209,91508240,0,98664,A,B,29800,2900,
600008.SH,600008,20251209,91508240,0,98828,A,B,27500,200,
600008.SH,600008,20251209,91508240,0,98863,A,S,30900,30000,
600008.SH,600008,20251209,91508240,0,98864,A,S,32300,30000,
600008.SH,600008,20251209,91508240,0,98872,A,B,29500,30000,
600008.SH,600008,20251209,91508290,0,99135,A,S,33300,25900,
600008.SH,600008,20251209,91508320,0,99434,A,S,30300,20600,
600008.SH,600008,20251209,91508320,0,99497,A,B,29600,3500,
600008.SH,600008,20251209,91508320,0,99498,A,S,30800,3000,
600008.SH,600008,20251209,91508320,0,99505,A,B,30200,13000,
600008.SH,600008,20251209,91508350,0,99628,A,B,28000,1000,
600008.SH,600008,20251209,91508350,0,99668,A,B,30200,2000,
600008.SH,600008,20251209,91508350,0,99669,A,B,30000,2000,
600008.SH,600008,20251209,91508350,0,99670,A,B,29800,2000,
600008.SH,600008,20251209,91508350,0,99769,A,S,32000,400,
600008.SH,600008,20251209,91508350,0,99782,A,S,30600,2000,
600008.SH,600008,20251209,91508350,0,99783,A,S,30700,2000,
600008.SH,600008,20251209,91508350,0,99819,A,S,33300,1000,
600008.SH,600008,20251209,91508380,0,100028,A,B,30000,2400,
600008.SH,600008,20251209,91508410,0,100163,A,S,31600,100,
600008.SH,600008,20251209,91508410,0,100165,A,S,31900,100,
600008.SH,600008,20251209,91508410,0,100166,A,S,32000,100,
600008.SH,600008,20251209,91508410,0,100199,A,S,32100,100,
600008.SH,600008,20251209,91508410,0,100202,A,S,32900,100,
600008.SH,600008,20251209,91508410,0,100203,A,S,33300,100,
600008.SH,600008,20251209,91508410,0,100205,A,B,29700,100,
600008.SH,600008,20251209,91508410,0,100206,A,B,29400,100,
600008.SH,600008,20251209,91508410,0,100207,A,B,29300,100,
600008.SH,600008,20251209,91508410,0,100208,A,B,29100,100,
600008.SH,600008,20251209,91508410,0,100212,A,B,30100,100,
600008.SH,600008,20251209,91508410,0,100264,A,S,30500,2000,
600008.SH,600008,20251209,91508410,0,100293,A,S,30500,2000,
600008.SH,600008,20251209,91508410,0,100308,A,S,30500,100000,
600008.SH,600008,20251209,91508410,0,100309,A,S,30400,50000,
600008.SH,600008,20251209,91508440,0,100459,A,B,29900,10000,
600008.SH,600008,20251209,91508440,0,100461,A,S,31000,10000,
600008.SH,600008,20251209,91508440,0,100632,A,S,32100,3000,
600008.SH,600008,20251209,91508440,0,100679,A,S,31000,1400,
600008.SH,600008,20251209,91508490,0,100910,A,B,29500,6400,
600008.SH,600008,20251209,91508490,0,101126,A,B,30100,10400,
600008.SH,600008,20251209,91508520,0,101259,A,S,30500,1000,
600008.SH,600008,20251209,91508520,0,101262,A,B,30200,10000,
600008.SH,600008,20251209,91508520,0,101273,A,B,30100,10000,
600008.SH,600008,20251209,91508520,0,101274,A,B,30000,30000,
600008.SH,600008,20251209,91508520,0,101295,A,S,31400,100,
600008.SH,600008,20251209,91508520,0,101303,A,S,31500,100,
600008.SH,600008,20251209,91508520,0,101304,A,S,31800,100,
600008.SH,600008,20251209,91508520,0,101308,A,S,32300,100,
600008.SH,600008,20251209,91508540,0,101312,A,S,32400,100,
600008.SH,600008,20251209,91508540,0,101313,A,S,32600,100,
600008.SH,600008,20251209,91508540,0,101317,A,S,32700,100,
600008.SH,600008,20251209,91508540,0,101322,A,S,33100,100,
600008.SH,600008,20251209,91508540,0,101326,A,S,33000,15700,
600008.SH,600008,20251209,91508540,0,101327,A,S,32500,15700,
600008.SH,600008,20251209,91508540,0,101330,A,B,29900,100,
600008.SH,600008,20251209,91508540,0,101342,A,B,29600,100,
600008.SH,600008,20251209,91508540,0,101429,A,S,33200,5100,
600008.SH,600008,20251209,91508570,0,101601,A,B,30100,3000,
600008.SH,600008,20251209,91508570,0,101686,A,B,29900,500,
600008.SH,600008,20251209,91508570,0,101703,A,S,30600,11400,
600008.SH,600008,20251209,91508570,0,101818,A,S,30500,9800,
600008.SH,600008,20251209,91508640,0,102086,A,S,30400,8100,
600008.SH,600008,20251209,91508670,0,102156,A,S,30600,10000,
600008.SH,600008,20251209,91508670,0,102224,A,B,30200,1100,
600008.SH,600008,20251209,91508670,0,102239,A,S,30700,800,
600008.SH,600008,20251209,91508700,0,102495,A,S,30500,2000,
600008.SH,600008,20251209,91508700,0,102566,A,B,30100,10000,
600008.SH,600008,20251209,91508700,0,102567,A,B,29900,10000,
600008.SH,600008,20251209,91508730,0,102669,A,B,29000,15000,
600008.SH,600008,20251209,91508730,0,102678,A,B,30200,100,
600008.SH,600008,20251209,91508730,0,102685,A,B,30100,100,
600008.SH,600008,20251209,91508730,0,102687,A,B,30000,100,
600008.SH,600008,20251209,91508730,0,102765,A,S,30900,2500,
600008.SH,600008,20251209,91508770,0,103036,A,S,33300,200,
600008.SH,600008,20251209,91508840,0,103177,A,S,32900,5000,
600008.SH,600008,20251209,91508840,0,103210,A,S,33300,7000,
600008.SH,600008,20251209,91508840,0,103298,A,B,30200,2000,
600008.SH,600008,20251209,91508920,0,103539,A,B,28300,1900,
600008.SH,600008,20251209,91508920,0,103540,A,B,28600,1900,
600008.SH,600008,20251209,91508950,0,103587,A,B,29800,100,
600008.SH,600008,20251209,91509000,0,103891,A,S,33300,7100,
600008.SH,600008,20251209,91509020,0,103937,A,S,33300,20000,
600008.SH,600008,20251209,91509020,0,103990,A,S,32300,10000,
600008.SH,600008,20251209,91509020,0,104023,A,B,30100,4000,
600008.SH,600008,20251209,91509170,0,104496,A,S,32700,200,
600008.SH,600008,20251209,91509310,0,105121,A,B,30000,8000,
600008.SH,600008,20251209,91509310,0,105125,A,B,29900,4000,
600008.SH,600008,20251209,91509310,0,105140,A,S,30500,3600,
600008.SH,600008,20251209,91509330,0,105356,A,S,30500,10000,
600008.SH,600008,20251209,91509510,0,105932,A,B,30100,1000,
600008.SH,600008,20251209,91509570,0,106341,A,B,30100,1300,
600008.SH,600008,20251209,91509570,0,106343,A,S,30400,3000,
600008.SH,600008,20251209,91509600,0,106391,A,S,30800,2000,
600008.SH,600008,20251209,91509650,0,106589,A,S,33300,10000,
600008.SH,600008,20251209,91509650,0,106631,A,S,33200,100,
600008.SH,600008,20251209,91509650,0,106638,A,B,29200,100,
600008.SH,600008,20251209,91509650,0,106639,A,B,29000,100,
600008.SH,600008,20251209,91509690,0,106713,A,B,30200,8000,
600008.SH,600008,20251209,91509690,0,106853,A,B,29800,500,
600008.SH,600008,20251209,91509780,0,107126,A,S,31000,500,
600008.SH,600008,20251209,91509780,0,107140,A,B,30000,500,
600008.SH,600008,20251209,91509810,0,107388,A,S,33300,4300,
600008.SH,600008,20251209,91509910,0,107757,A,S,30500,20000,
600008.SH,600008,20251209,91509940,0,107846,A,S,32200,2000,
600008.SH,600008,20251209,91509970,0,107928,A,S,33100,8800,
600008.SH,600008,20251209,91509970,0,107957,A,S,30500,10000,
600008.SH,600008,20251209,91510000,0,108153,A,S,33200,3000,
600008.SH,600008,20251209,91510040,0,108252,A,S,30700,100,
600008.SH,600008,20251209,91510060,0,108376,A,B,30100,98000,
600008.SH,600008,20251209,91510120,0,108605,A,S,33300,16000,
600008.SH,600008,20251209,91510120,0,108606,A,B,29600,3500,
600008.SH,600008,20251209,91510160,0,108849,A,S,30700,2500,
600008.SH,600008,20251209,91510160,0,108852,A,B,29900,2500,
600008.SH,600008,20251209,91510160,0,108905,A,S,30200,300,
600008.SH,600008,20251209,91510190,0,109018,A,S,31800,1000,
600008.SH,600008,20251209,91510190,0,109020,A,S,32300,1000,
600008.SH,600008,20251209,91510190,0,109021,A,S,32800,1000,
600008.SH,600008,20251209,91510270,0,109289,A,S,32300,1200,
600008.SH,600008,20251209,91510270,0,109337,A,B,30000,1000,
600008.SH,600008,20251209,91510270,0,109338,A,B,29500,1000,
600008.SH,600008,20251209,91510270,0,109339,A,B,29000,1000,
600008.SH,600008,20251209,91510310,0,109428,A,B,30000,1000,
600008.SH,600008,20251209,91510340,0,109507,A,S,31300,1000,
600008.SH,600008,20251209,91510370,0,109612,A,B,30200,77000,
600008.SH,600008,20251209,91510400,0,109667,A,B,30000,112000,
600008.SH,600008,20251209,91510420,0,109769,A,S,33100,1000,
600008.SH,600008,20251209,91510420,0,109778,A,B,30100,100000,
600008.SH,600008,20251209,91510510,0,110137,A,S,33200,1000,
600008.SH,600008,20251209,91510540,0,110171,A,B,30300,100,
600008.SH,600008,20251209,91510540,0,110186,A,S,30600,88800,
600008.SH,600008,20251209,91510590,0,110359,A,S,30700,99900,
600008.SH,600008,20251209,91510590,0,110360,A,S,30800,99900,
600008.SH,600008,20251209,91510590,0,110390,A,B,29800,400,
600008.SH,600008,20251209,91510590,0,110480,A,S,33300,10000,
600008.SH,600008,20251209,91510610,0,110565,A,S,30900,1600,
600008.SH,600008,20251209,91510660,0,110794,A,S,30500,10000,
600008.SH,600008,20251209,91510660,0,110822,A,S,30900,158000,
600008.SH,600008,20251209,91510730,0,110954,A,B,30100,15000,
600008.SH,600008,20251209,91510730,0,111068,A,B,29900,10800,
600008.SH,600008,20251209,91510730,0,111071,A,B,29700,10800,
600008.SH,600008,20251209,91510730,0,111072,A,B,29500,20000,
600008.SH,600008,20251209,91510750,0,111259,A,S,30400,3800,
600008.SH,600008,20251209,91510990,0,112248,A,S,30400,12000,
600008.SH,600008,20251209,91510990,0,112350,A,B,30000,500,
600008.SH,600008,20251209,91511070,0,112605,A,S,30800,4200,
600008.SH,600008,20251209,91511070,0,112648,A,B,30000,10500,
600008.SH,600008,20251209,91511070,0,112649,A,B,29800,10800,
600008.SH,600008,20251209,91511070,0,112653,A,B,29600,11000,
600008.SH,600008,20251209,91511070,0,112674,A,S,31200,1600,
600008.SH,600008,20251209,91511070,0,112681,A,B,30100,15000,
600008.SH,600008,20251209,91511100,0,112777,A,S,31200,700,
600008.SH,600008,20251209,91511100,0,112853,A,B,29400,500,
600008.SH,600008,20251209,91511100,0,112913,A,S,31600,800,
600008.SH,600008,20251209,91511180,0,113195,A,B,29800,3000,
600008.SH,600008,20251209,91511180,0,113197,A,B,30200,200,
600008.SH,600008,20251209,91511220,0,113220,A,S,30300,900,
600008.SH,600008,20251209,91511220,0,113332,A,B,30200,12000,
600008.SH,600008,20251209,91511240,0,113353,A,S,32400,20080,
600008.SH,600008,20251209,91511270,0,113598,A,B,28000,4000,
600008.SH,600008,20251209,91511270,0,113706,A,S,30700,10000,
600008.SH,600008,20251209,91511270,0,113768,A,S,33300,700,
600008.SH,600008,20251209,91511400,0,114228,A,S,31300,3500,
600008.SH,600008,20251209,91511450,0,114452,A,B,30100,1600,
600008.SH,600008,20251209,91511500,0,114618,A,S,33300,2000,
600008.SH,600008,20251209,91511500,0,114619,A,S,33300,1000,
600008.SH,600008,20251209,91511500,0,114650,A,S,33200,5000,
600008.SH,600008,20251209,91511500,0,114743,A,B,27600,5000,
600008.SH,600008,20251209,91511550,0,114868,A,B,27300,380000,
600008.SH,600008,20251209,91511590,0,114964,A,S,32000,1000,
600008.SH,600008,20251209,91511620,0,115300,A,B,30200,700,
600008.SH,600008,20251209,91511620,0,115305,A,S,33300,50000,
600008.SH,600008,20251209,91511620,0,115313,A,S,31200,1700,
600008.SH,600008,20251209,91511620,0,115314,A,S,31500,2000,
600008.SH,600008,20251209,91511620,0,115315,A,S,32200,1500,
600008.SH,600008,20251209,91511620,0,115316,A,S,33200,1500,
600008.SH,600008,20251209,91511650,0,115427,A,S,30500,1000000,
600008.SH,600008,20251209,91511650,0,115455,A,S,30500,731460,
600008.SH,600008,20251209,91511650,0,115460,A,S,30100,6800,
600008.SH,600008,20251209,91511720,0,115601,A,B,28000,5000,
600008.SH,600008,20251209,91511780,0,115739,A,S,33000,7000,
600008.SH,600008,20251209,91511780,0,115764,A,S,33300,1000,
600008.SH,600008,20251209,91511780,0,115775,A,S,32000,1000,
600008.SH,600008,20251209,91511780,0,115789,A,B,29400,1700,
600008.SH,600008,20251209,91511780,0,115790,A,B,28500,1700,
600008.SH,600008,20251209,91511780,0,115816,A,S,32700,4600,
600008.SH,600008,20251209,91511780,0,115825,A,B,27600,1700,
600008.SH,600008,20251209,91511800,0,116064,A,B,27500,100,
