万得代码,交易所代码,自然日,时间,委托编号,交易所委托号,委托类型,委托代码,委托价格,委托数量,
600029.SH,600029,20251209,91400580,0,0,S,I,0,0,
600029.SH,600029,20251209,91500350,0,1891,A,S,74000,500,
600029.SH,600029,20251209,91501250,0,3632,A,S,74000,200,
600029.SH,600029,20251209,91501250,0,3642,A,S,75000,200,
600029.SH,600029,20251209,91501280,0,3661,A,S,76000,200,
600029.SH,600029,20251209,91501280,0,3671,A,S,77000,200,
600029.SH,600029,20251209,91501280,0,3682,A,S,78000,200,
600029.SH,600029,20251209,91501620,0,4931,A,S,70900,300,
600029.SH,600029,20251209,91501710,0,5572,A,B,69000,20000,
600029.SH,600029,20251209,91501710,0,5602,A,S,73000,20000,
600029.SH,600029,20251209,91501710,0,5712,A,S,78100,2600,
600029.SH,600029,20251209,91501750,0,6375,A,S,72300,400,
600029.SH,600029,20251209,91501790,0,6822,A,S,73900,19700,
600029.SH,600029,20251209,91501790,0,7648,A,S,77000,200,
600029.SH,600029,20251209,91501860,0,7825,A,S,71200,300,
600029.SH,600029,20251209,91501860,0,7955,A,B,71300,2000,
600029.SH,600029,20251209,91501860,0,9598,A,S,72000,10100,
600029.SH,600029,20251209,91501860,0,9647,A,B,69000,10100,
600029.SH,600029,20251209,91501860,0,9680,A,B,70000,10100,
600029.SH,600029,20251209,91501980,0,10014,A,S,77000,200,
600029.SH,600029,20251209,91501980,0,10201,A,B,69100,10000,
600029.SH,600029,20251209,91501980,0,10533,A,B,69000,100,
600029.SH,600029,20251209,91502170,0,12177,A,S,78100,100,
600029.SH,600029,20251209,91502170,0,12240,A,S,73900,600,
600029.SH,600029,20251209,91502370,0,12552,A,S,76600,63600,
600029.SH,600029,20251209,91502370,0,12572,A,S,76600,39900,
600029.SH,600029,20251209,91502370,0,12580,A,S,72900,1000,
600029.SH,600029,20251209,91502480,0,14282,A,S,71500,3000,
600029.SH,600029,20251209,91502480,0,14298,A,S,71700,3600,
600029.SH,600029,20251209,91502480,0,14314,A,B,70300,3000,
600029.SH,600029,20251209,91502480,0,14325,A,S,74700,2800,
600029.SH,600029,20251209,91502480,0,14327,A,B,69800,3000,
600029.SH,600029,20251209,91502480,0,14343,A,B,70100,3000,
600029.SH,600029,20251209,91502560,0,16771,A,B,69400,300,
600029.SH,600029,20251209,91502560,0,16951,A,B,70200,2400,
600029.SH,600029,20251209,91502680,0,17110,A,S,77700,200,
600029.SH,600029,20251209,91502830,0,19846,A,S,74700,2400,
600029.SH,600029,20251209,91502830,0,20637,A,S,76600,3000,
600029.SH,600029,20251209,91502960,0,21576,A,B,68600,1000,
600029.SH,600029,20251209,91502960,0,21601,A,B,68100,1000,
600029.SH,600029,20251209,91502960,0,21886,A,S,74800,20000,
600029.SH,600029,20251209,91502960,0,21933,A,S,75900,100,
600029.SH,600029,20251209,91502960,0,21949,A,B,68100,100,
600029.SH,600029,20251209,91502960,0,21950,A,B,63900,100,
600029.SH,600029,20251209,91503100,0,23908,A,S,71200,400,
600029.SH,600029,20251209,91503230,0,26139,A,S,72900,100,
600029.SH,600029,20251209,91503230,0,26355,A,S,77100,2100,
600029.SH,600029,20251209,91503230,0,26884,A,S,73100,3000,
600029.SH,600029,20251209,91503230,0,26893,A,B,69500,3500,
600029.SH,600029,20251209,91503350,0,27098,A,S,72700,2400,
600029.SH,600029,20251209,91503350,0,27765,A,B,66000,500,
600029.SH,600029,20251209,91503350,0,28452,A,B,68500,200,
600029.SH,600029,20251209,91503480,0,28954,A,B,67100,1000,
600029.SH,600029,20251209,91503480,0,28965,A,S,71900,1000,
600029.SH,600029,20251209,91503480,0,28974,A,S,74900,1000,
600029.SH,600029,20251209,91503480,0,29115,A,S,73400,1000,
600029.SH,600029,20251209,91503480,0,29149,A,S,73900,1000,
600029.SH,600029,20251209,91503480,0,29496,A,S,72400,300,
600029.SH,600029,20251209,91503480,0,29879,A,S,74500,600,
600029.SH,600029,20251209,91503480,0,30372,A,S,72000,3000,
600029.SH,600029,20251209,91503480,0,30374,A,B,69000,1000,
600029.SH,600029,20251209,91503610,0,32554,A,S,73500,3000,
600029.SH,600029,20251209,91503610,0,32777,A,S,78100,800,
600029.SH,600029,20251209,91503870,0,35095,A,S,71100,20000,
600029.SH,600029,20251209,91503870,0,35105,A,S,71400,20000,
600029.SH,600029,20251209,91503870,0,35118,A,S,71700,20000,
600029.SH,600029,20251209,91503870,0,35132,A,S,72000,20000,
600029.SH,600029,20251209,91503870,0,35133,A,S,72300,20000,
600029.SH,600029,20251209,91503870,0,35134,A,S,72600,10000,
600029.SH,600029,20251209,91503870,0,35135,A,S,72900,10000,
600029.SH,600029,20251209,91503870,0,35136,A,S,73200,10000,
600029.SH,600029,20251209,91503870,0,35150,A,S,73500,10000,
600029.SH,600029,20251209,91503870,0,35151,A,S,73800,10000,
600029.SH,600029,20251209,91503870,0,35152,A,S,74100,10000,
600029.SH,600029,20251209,91503870,0,35170,A,S,74400,10000,
600029.SH,600029,20251209,91503870,0,35171,A,S,74700,10000,
600029.SH,600029,20251209,91503870,0,35198,A,B,70500,20000,
600029.SH,600029,20251209,91503870,0,35218,A,B,70200,20000,
600029.SH,600029,20251209,91503870,0,35243,A,B,69900,20000,
600029.SH,600029,20251209,91503870,0,35244,A,B,69600,20000,
600029.SH,600029,20251209,91503870,0,35245,A,B,69300,20000,
600029.SH,600029,20251209,91503870,0,35258,A,B,69000,20000,
600029.SH,600029,20251209,91503870,0,35259,A,B,68700,20000,
600029.SH,600029,20251209,91503870,0,35271,A,B,68400,20000,
600029.SH,600029,20251209,91503870,0,35272,A,B,68100,20000,
600029.SH,600029,20251209,91503870,0,35297,A,B,67800,20000,
600029.SH,600029,20251209,91503870,0,35298,A,B,67500,20000,
600029.SH,600029,20251209,91503870,0,35299,A,B,67200,20000,
600029.SH,600029,20251209,91503870,0,35331,A,B,66900,20000,
600029.SH,600029,20251209,91503870,0,35352,A,B,66600,20000,
600029.SH,600029,20251209,91503870,0,36325,A,S,78100,3000,
600029.SH,600029,20251209,91503870,0,36366,A,S,74000,900,
600029.SH,600029,20251209,91503870,0,36688,A,S,73000,6000,
600029.SH,600029,20251209,91503870,0,36689,A,S,72800,6000,
600029.SH,600029,20251209,91503870,0,36690,A,S,72600,6000,
600029.SH,600029,20251209,91503870,0,36691,A,S,72400,6000,
600029.SH,600029,20251209,91503870,0,36692,A,S,72200,6000,
600029.SH,600029,20251209,91503870,0,36699,A,S,72000,6000,
600029.SH,600029,20251209,91503870,0,36716,A,S,71800,6000,
600029.SH,600029,20251209,91503870,0,36734,A,S,71600,6000,
600029.SH,600029,20251209,91503870,0,36752,A,S,71400,6000,
600029.SH,600029,20251209,91503870,0,36753,A,B,69000,6000,
600029.SH,600029,20251209,91503870,0,36754,A,B,69600,6000,
600029.SH,600029,20251209,91503870,0,36755,A,B,70000,6000,
600029.SH,600029,20251209,91503870,0,36756,A,B,68400,6000,
600029.SH,600029,20251209,91504000,0,36866,A,S,70600,200,
600029.SH,600029,20251209,91504050,0,37816,A,S,72300,300,
600029.SH,600029,20251209,91504050,0,38231,A,S,74700,3100,
600029.SH,600029,20251209,91504180,0,39592,A,S,78100,200,
600029.SH,600029,20251209,91504180,0,39683,A,S,78100,10000,
600029.SH,600029,20251209,91504180,0,39950,A,B,68000,1000,
600029.SH,600029,20251209,91504180,0,40056,A,S,76000,5000,
600029.SH,600029,20251209,91504180,0,40551,A,S,74800,400,
600029.SH,600029,20251209,91504180,0,40840,A,S,78100,2000,
600029.SH,600029,20251209,91504350,0,41113,A,S,76900,1000,
600029.SH,600029,20251209,91504350,0,41293,A,S,71000,10000,
600029.SH,600029,20251209,91504350,0,41303,A,B,69200,10000,
600029.SH,600029,20251209,91504350,0,42698,A,S,72600,1000,
600029.SH,600029,20251209,91504350,0,42709,A,B,69000,1000,
600029.SH,600029,20251209,91504350,0,42846,A,B,68300,2000,
600029.SH,600029,20251209,91504350,0,42861,A,B,67300,2000,
600029.SH,600029,20251209,91504350,0,42872,A,B,66300,2000,
600029.SH,600029,20251209,91504480,0,44813,A,B,69100,7900,
600029.SH,600029,20251209,91504690,0,45646,A,B,67600,500,
600029.SH,600029,20251209,91504690,0,46000,A,S,78100,2000,
600029.SH,600029,20251209,91504690,0,46241,A,S,76000,2000,
600029.SH,600029,20251209,91504690,0,46285,A,B,68000,2000,
600029.SH,600029,20251209,91504690,0,46572,A,B,69600,3000,
600029.SH,600029,20251209,91504690,0,46625,A,S,71500,4900,
600029.SH,600029,20251209,91504830,0,47392,A,S,73600,600,
600029.SH,600029,20251209,91504830,0,47533,A,S,75600,100,
600029.SH,600029,20251209,91504830,0,47811,A,S,72900,1000,
600029.SH,600029,20251209,91504830,0,47812,A,S,73800,1000,
600029.SH,600029,20251209,91504830,0,47821,A,B,68200,1000,
600029.SH,600029,20251209,91504830,0,47827,A,B,67300,1000,
600029.SH,600029,20251209,91504830,0,47828,A,B,67100,1000,
600029.SH,600029,20251209,91504830,0,48373,A,S,73000,2500,
600029.SH,600029,20251209,91504970,0,49336,A,S,74500,20000,
600029.SH,600029,20251209,91504970,0,49855,A,S,77800,300,
600029.SH,600029,20251209,91505160,0,51863,A,S,75000,100,
600029.SH,600029,20251209,91505160,0,52281,A,S,75700,600,
600029.SH,600029,20251209,91505160,0,52471,A,S,76000,100,
600029.SH,600029,20251209,91505160,0,52863,A,S,75600,1000,
600029.SH,600029,20251209,91505160,0,52866,A,S,78000,800,
600029.SH,600029,20251209,91505300,0,53905,A,B,68900,1500,
600029.SH,600029,20251209,91505300,0,54298,A,S,74500,3500,
600029.SH,600029,20251209,91505440,0,56927,A,S,72600,1500,
600029.SH,600029,20251209,91505440,0,57028,A,S,78100,10000,
600029.SH,600029,20251209,91505570,0,58094,A,S,76000,5000,
600029.SH,600029,20251209,91505570,0,58181,A,S,74500,5000,
600029.SH,600029,20251209,91505570,0,58229,A,S,78100,10000,
600029.SH,600029,20251209,91505570,0,58389,A,B,69500,2000,
600029.SH,600029,20251209,91505570,0,58400,A,S,76000,2000,
600029.SH,600029,20251209,91505720,0,60529,A,S,72800,1900,
600029.SH,600029,20251209,91505720,0,60548,A,B,68800,2000,
600029.SH,600029,20251209,91505720,0,61179,A,S,73200,1600,
600029.SH,600029,20251209,91505860,0,62329,A,S,77700,40000,
600029.SH,600029,20251209,91505860,0,62362,A,B,68100,3000,
600029.SH,600029,20251209,91505860,0,62416,A,S,75700,15000,
600029.SH,600029,20251209,91506000,0,63833,A,B,69700,1000,
600029.SH,600029,20251209,91506000,0,64109,A,S,68000,6000,
600029.SH,600029,20251209,91506000,0,65069,A,B,69600,900,
600029.SH,600029,20251209,91506000,0,65273,A,S,71500,300,
600029.SH,600029,20251209,91506170,0,65960,A,S,71200,28500,
600029.SH,600029,20251209,91506170,0,66442,A,S,72800,2000,
600029.SH,600029,20251209,91506170,0,66563,A,B,69200,500,
600029.SH,600029,20251209,91506170,0,67033,A,S,71400,700,
600029.SH,600029,20251209,91506170,0,67236,A,S,78000,1000,
600029.SH,600029,20251209,91506170,0,67254,A,B,67000,1500,
600029.SH,600029,20251209,91506320,0,67556,A,S,75500,13400,
600029.SH,600029,20251209,91506320,0,69105,A,S,78000,2000,
600029.SH,600029,20251209,91506470,0,69481,A,S,74000,1000,
600029.SH,600029,20251209,91506470,0,70439,A,S,73000,300,
600029.SH,600029,20251209,91506620,0,71375,A,S,72400,2700,
600029.SH,600029,20251209,91506620,0,73267,A,B,69000,6000,
600029.SH,600029,20251209,91506770,0,74748,A,B,67700,900,
600029.SH,600029,20251209,91506770,0,75120,A,B,70000,5000,
600029.SH,600029,20251209,91506920,0,77028,A,S,77500,100000,
600029.SH,600029,20251209,91507090,0,78113,A,B,68100,100,
600029.SH,600029,20251209,91507090,0,78117,A,S,75900,100,
600029.SH,600029,20251209,91507090,0,79228,A,S,78100,5600,
600029.SH,600029,20251209,91507250,0,80457,A,S,78000,1000,
600029.SH,600029,20251209,91507390,0,82579,A,S,74800,3000,
600029.SH,600029,20251209,91507390,0,83074,A,S,74600,3300,
600029.SH,600029,20251209,91507590,0,84013,A,S,72800,100,
600029.SH,600029,20251209,91507860,0,87776,A,B,69600,5000,
600029.SH,600029,20251209,91507860,0,87890,A,S,72800,4900,
600029.SH,600029,20251209,91507860,0,88854,A,B,71500,20000,
600029.SH,600029,20251209,91507860,0,88921,A,S,76000,200,
600029.SH,600029,20251209,91507860,0,88929,A,S,77000,200,
600029.SH,600029,20251209,91507860,0,88935,A,S,78100,200,
600029.SH,600029,20251209,91507860,0,88982,A,B,70100,100,
600029.SH,600029,20251209,91508020,0,89652,A,S,78100,100,
600029.SH,600029,20251209,91508020,0,90494,A,S,78000,100,
600029.SH,600029,20251209,91508020,0,90497,A,B,65100,100,
600029.SH,600029,20251209,91508020,0,91315,A,S,73800,5500,
600029.SH,600029,20251209,91508020,0,91316,A,S,78000,8300,
600029.SH,600029,20251209,91508180,0,91534,A,S,72000,400,
600029.SH,600029,20251209,91508180,0,91535,A,S,74000,500,
600029.SH,600029,20251209,91508180,0,91692,A,B,67800,1000,
600029.SH,600029,20251209,91508180,0,91817,A,S,77000,5200,
600029.SH,600029,20251209,91508180,0,92116,A,B,68000,500,
600029.SH,600029,20251209,91508180,0,92201,A,S,74000,1000,
600029.SH,600029,20251209,91508180,0,92775,A,S,71300,200,
600029.SH,600029,20251209,91508180,0,92776,A,S,71400,200,
600029.SH,600029,20251209,91508180,0,92777,A,S,71500,200,
600029.SH,600029,20251209,91508180,0,92778,A,S,71600,200,
600029.SH,600029,20251209,91508180,0,92779,A,S,71700,200,
600029.SH,600029,20251209,91508180,0,92780,A,S,71800,200,
600029.SH,600029,20251209,91508180,0,93174,A,S,72300,5500,
600029.SH,600029,20251209,91508180,0,93234,A,B,70100,500,
600029.SH,600029,20251209,91508340,0,94713,A,S,71500,300,
600029.SH,600029,20251209,91508340,0,94714,A,B,69500,300,
600029.SH,600029,20251209,91508340,0,94739,A,B,69000,200,
600029.SH,600029,20251209,91508340,0,94907,A,S,73500,200,
600029.SH,600029,20251209,91508480,0,95914,A,S,78100,1000,
600029.SH,600029,20251209,91508480,0,95936,A,B,63900,1000,
600029.SH,600029,20251209,91508480,0,96328,A,S,71700,2600,
600029.SH,600029,20251209,91508480,0,96329,A,S,73200,2700,
600029.SH,600029,20251209,91508480,0,96839,A,S,71200,2000,
600029.SH,600029,20251209,91508630,0,97402,A,S,71900,200,
600029.SH,600029,20251209,91508630,0,97763,A,S,75200,100,
600029.SH,600029,20251209,91508630,0,98128,A,S,71700,100000,
600029.SH,600029,20251209,91508630,0,98555,A,S,77000,800,
600029.SH,600029,20251209,91508780,0,99606,A,S,78000,300,
600029.SH,600029,20251209,91508780,0,99703,A,S,78100,100,
600029.SH,600029,20251209,91508980,0,102911,A,S,78000,3000,
600029.SH,600029,20251209,91508980,0,103200,A,B,64200,2000,
600029.SH,600029,20251209,91509140,0,103714,A,S,73500,2600,
600029.SH,600029,20251209,91509140,0,103816,A,S,72000,200,
600029.SH,600029,20251209,91509140,0,103826,A,S,72100,200,
600029.SH,600029,20251209,91509140,0,103832,A,S,72200,200,
600029.SH,600029,20251209,91509140,0,103837,A,S,72300,200,
600029.SH,600029,20251209,91509140,0,103838,A,S,72400,200,
600029.SH,600029,20251209,91509140,0,103839,A,S,72500,200,
600029.SH,600029,20251209,91509140,0,103840,A,B,70200,200,
600029.SH,600029,20251209,91509140,0,103854,A,B,70100,200,
600029.SH,600029,20251209,91509140,0,103855,A,B,70000,200,
600029.SH,600029,20251209,91509140,0,103859,A,B,69900,200,
600029.SH,600029,20251209,91509140,0,103863,A,B,69800,200,
600029.SH,600029,20251209,91509140,0,103864,A,B,69700,200,
600029.SH,600029,20251209,91509140,0,103866,A,B,69600,200,
600029.SH,600029,20251209,91509140,0,104103,A,S,78000,5000,
600029.SH,600029,20251209,91509140,0,104507,A,S,78000,1000,
600029.SH,600029,20251209,91509140,0,105077,A,S,78100,5800,
600029.SH,600029,20251209,91509310,0,106128,A,S,72000,1000,
600029.SH,600029,20251209,91509310,0,106416,A,S,75000,1000,
600029.SH,600029,20251209,91509310,0,106417,A,S,74000,1000,
600029.SH,600029,20251209,91509310,0,106418,A,S,75000,1000,
600029.SH,600029,20251209,91509310,0,106419,A,S,75000,900,
600029.SH,600029,20251209,91509450,0,107774,A,B,68600,500,
600029.SH,600029,20251209,91509760,0,111862,A,B,67000,1000,
600029.SH,600029,20251209,91509760,0,112027,A,S,73000,1100,
600029.SH,600029,20251209,91509760,0,113275,A,S,77900,3500,
600029.SH,600029,20251209,91509900,0,113506,A,S,71200,6000,
600029.SH,600029,20251209,91509900,0,113939,A,S,73000,500,
600029.SH,600029,20251209,91509900,0,114226,A,B,67000,300,
600029.SH,600029,20251209,91510070,0,116744,A,B,67700,100000,
600029.SH,600029,20251209,91510210,0,117055,A,S,78100,13000,
600029.SH,600029,20251209,91510210,0,117064,A,S,75000,5000,
600029.SH,600029,20251209,91510210,0,117110,A,S,78100,1100,
600029.SH,600029,20251209,91510210,0,117932,A,S,78100,5000,
600029.SH,600029,20251209,91510360,0,119056,A,S,78000,100000,
600029.SH,600029,20251209,91510360,0,119441,A,S,78100,10000,
600029.SH,600029,20251209,91510520,0,121586,A,S,70700,1600,
600029.SH,600029,20251209,91510520,0,121969,A,B,67500,100,
600029.SH,600029,20251209,91510520,0,122636,A,S,78100,2000,
600029.SH,600029,20251209,91510690,0,123591,A,B,70000,500,
600029.SH,600029,20251209,91510690,0,123592,A,B,69000,500,
600029.SH,600029,20251209,91510690,0,123950,A,B,67000,500,
600029.SH,600029,20251209,91510690,0,123951,A,S,71500,200,
600029.SH,600029,20251209,91510690,0,123952,A,S,73500,300,
600029.SH,600029,20251209,91510690,0,123953,A,S,75500,300,
600029.SH,600029,20251209,91510690,0,123954,A,S,78100,300,
600029.SH,600029,20251209,91510850,0,125041,A,B,68000,400,
600029.SH,600029,20251209,91510850,0,125362,A,S,72600,23000,
600029.SH,600029,20251209,91510850,0,126123,A,S,78100,1300,
600029.SH,600029,20251209,91511010,0,127209,A,B,69000,100,
600029.SH,600029,20251209,91511010,0,127226,A,S,76000,500,
600029.SH,600029,20251209,91511010,0,127652,A,S,75000,5000,
600029.SH,600029,20251209,91511010,0,128322,A,S,71800,2000,
600029.SH,600029,20251209,91511010,0,128333,A,S,72300,2000,
600029.SH,600029,20251209,91511010,0,128407,A,S,72800,2000,
600029.SH,600029,20251209,91511010,0,128411,A,S,73300,2000,
600029.SH,600029,20251209,91511010,0,128438,A,S,73800,1900,
600029.SH,600029,20251209,91511170,0,129888,A,S,78000,100,
600029.SH,600029,20251209,91511330,0,130757,A,S,75000,2000,
600029.SH,600029,20251209,91511330,0,131128,A,S,73600,100,
600029.SH,600029,20251209,91511330,0,131129,A,S,78100,100,
600029.SH,600029,20251209,91511330,0,132410,A,S,78100,500,
600029.SH,600029,20251209,91511500,0,133120,A,S,74900,2000,
600029.SH,600029,20251209,91511500,0,133600,A,S,71100,1700,
600029.SH,600029,20251209,91511500,0,133670,A,B,69500,8000,
600029.SH,600029,20251209,91511500,0,134663,A,S,71400,800,
600029.SH,600029,20251209,91511680,0,135333,A,S,78100,500,
600029.SH,600029,20251209,91511680,0,135504,A,B,68500,11700,
600029.SH,600029,20251209,91511680,0,136062,A,S,78100,3000,
600029.SH,600029,20251209,91511680,0,136536,A,S,78100,15000,
600029.SH,600029,20251209,91511680,0,136537,A,B,64000,10000,
600029.SH,600029,20251209,91511850,0,136839,A,S,75000,500,
600029.SH,600029,20251209,91511850,0,136840,A,S,78100,500,
600029.SH,600029,20251209,91511850,0,137684,A,S,73000,17100,
600029.SH,600029,20251209,91511850,0,138232,A,S,73300,700,
600029.SH,600029,20251209,91512030,0,138601,A,B,68800,10000,
600029.SH,600029,20251209,91512030,0,139018,A,B,70000,1500,
600029.SH,600029,20251209,91512030,0,139019,A,B,69000,1200,
600029.SH,600029,20251209,91512030,0,139288,A,S,70900,2400,
600029.SH,600029,20251209,91512030,0,139479,A,B,70500,3900,
600029.SH,600029,20251209,91512030,0,139488,A,S,71500,700,
600029.SH,600029,20251209,91512030,0,139489,A,S,72000,800,
600029.SH,600029,20251209,91512030,0,139494,A,S,72500,700,
600029.SH,600029,20251209,91512030,0,139495,A,S,73000,800,
600029.SH,600029,20251209,91512030,0,140290,A,B,71000,400,
600029.SH,600029,20251209,91512030,0,140448,A,S,71500,10000,
600029.SH,600029,20251209,91512190,0,140891,A,S,76000,300,
600029.SH,600029,20251209,91512190,0,140944,A,S,71900,100,
600029.SH,600029,20251209,91512190,0,140945,A,S,73000,100,
600029.SH,600029,20251209,91512190,0,141195,A,S,72300,1000,
600029.SH,600029,20251209,91512190,0,141273,A,S,77100,2000,
600029.SH,600029,20251209,91512190,0,141688,A,S,74100,100,
600029.SH,600029,20251209,91512190,0,141703,A,S,75500,100,
600029.SH,600029,20251209,91512330,0,142336,A,S,78100,200,
600029.SH,600029,20251209,91512530,0,144636,A,S,78000,8100,
600029.SH,600029,20251209,91512530,0,144882,A,S,73600,2000,
600029.SH,600029,20251209,91512530,0,144883,A,B,69000,600,
600029.SH,600029,20251209,91512530,0,145310,A,S,75000,500,
600029.SH,600029,20251209,91512530,0,145311,A,S,78000,500,
600029.SH,600029,20251209,91512530,0,145481,A,B,67000,300,
600029.SH,600029,20251209,91512530,0,145644,A,S,74800,300,
600029.SH,600029,20251209,91512700,0,146749,A,S,72000,500,
600029.SH,600029,20251209,91512700,0,146870,A,B,63900,500,
600029.SH,600029,20251209,91512700,0,146966,A,B,69500,5000,
600029.SH,600029,20251209,91512700,0,147151,A,S,70900,10000,
600029.SH,600029,20251209,91512860,0,148355,A,B,68000,4000,
600029.SH,600029,20251209,91512860,0,148441,A,B,68000,500,
600029.SH,600029,20251209,91512860,0,148499,A,B,68900,50000,
600029.SH,600029,20251209,91512860,0,148506,A,S,72900,50000,
600029.SH,600029,20251209,91512860,0,149796,A,B,69000,400,
600029.SH,600029,20251209,91512860,0,149797,A,S,73000,400,
600029.SH,600029,20251209,91512860,0,149798,A,B,67000,400,
600029.SH,600029,20251209,91513020,0,150144,A,S,72900,200,
600029.SH,600029,20251209,91513020,0,150702,A,S,74500,600,
600029.SH,600029,20251209,91513190,0,153050,A,S,78100,6100,
600029.SH,600029,20251209,91513190,0,153485,A,B,68500,10100,
600029.SH,600029,20251209,91513190,0,153490,A,B,69500,10100,
600029.SH,600029,20251209,91513190,0,153859,A,S,73400,100,
600029.SH,600029,20251209,91513190,0,153860,A,S,73900,100,
600029.SH,600029,20251209,91513350,0,154205,A,S,71000,1000,
600029.SH,600029,20251209,91513350,0,154763,A,S,73000,2000,
600029.SH,600029,20251209,91513350,0,155162,A,S,75500,3500,
600029.SH,600029,20251209,91513510,0,156055,A,S,71900,100,
600029.SH,600029,20251209,91513510,0,156056,A,S,74800,300,
600029.SH,600029,20251209,91513550,0,156427,A,B,68800,100,
600029.SH,600029,20251209,91513710,0,159383,A,S,78000,800,
600029.SH,600029,20251209,91513710,0,159524,A,S,75900,200,
600029.SH,600029,20251209,91513870,0,160178,A,B,68500,1000,
600029.SH,600029,20251209,91513870,0,160455,A,S,72800,10000,
600029.SH,600029,20251209,91513870,0,160458,A,B,68800,10000,
600029.SH,600029,20251209,91513870,0,161060,A,S,73200,200,
600029.SH,600029,20251209,91513870,0,161061,A,S,73800,300,
600029.SH,600029,20251209,91513870,0,161062,A,S,74100,500,
600029.SH,600029,20251209,91513870,0,161107,A,S,78000,1000,
600029.SH,600029,20251209,91513870,0,161142,A,S,78000,1000,
600029.SH,600029,20251209,91513870,0,161473,A,S,77000,400,
600029.SH,600029,20251209,91513870,0,161586,A,S,78100,5600,
600029.SH,600029,20251209,91513870,0,161647,A,S,73900,100,
600029.SH,600029,20251209,91513870,0,161744,A,S,75800,100,
600029.SH,600029,20251209,91513870,0,161769,A,S,76700,100,
600029.SH,600029,20251209,91513870,0,161798,A,S,78100,100,
600029.SH,600029,20251209,91514050,0,162197,A,S,72600,700,
600029.SH,600029,20251209,91514050,0,163101,A,S,77900,100,
600029.SH,600029,20251209,91514150,0,163725,A,B,69200,200,
600029.SH,600029,20251209,91514150,0,164196,A,S,74100,5000,
600029.SH,600029,20251209,91514150,0,164199,A,S,75000,5000,
600029.SH,600029,20251209,91514150,0,164202,A,S,75500,5000,
600029.SH,600029,20251209,91514150,0,164208,A,S,76000,5000,
600029.SH,600029,20251209,91514150,0,164210,A,S,76600,5000,
600029.SH,600029,20251209,91514150,0,164212,A,S,77700,5000,
600029.SH,600029,20251209,91514150,0,164214,A,S,78100,2000,
600029.SH,600029,20251209,91514150,0,164216,A,S,78100,20000,
600029.SH,600029,20251209,91514150,0,164217,A,S,78100,10000,
600029.SH,600029,20251209,91514310,0,165378,A,S,78100,3000,
600029.SH,600029,20251209,91514310,0,165424,A,S,73000,900,
600029.SH,600029,20251209,91514310,0,165626,A,S,71100,5000,
600029.SH,600029,20251209,91514310,0,165854,A,B,69100,5000,
600029.SH,600029,20251209,91514470,0,168596,A,S,71800,1000,
600029.SH,600029,20251209,91514680,0,170219,A,S,74500,100,
600029.SH,600029,20251209,91514680,0,170666,A,B,69000,10000,
600029.SH,600029,20251209,91514850,0,171709,A,B,69000,2000,
600029.SH,600029,20251209,91514850,0,171847,A,S,72500,1000,
600029.SH,600029,20251209,91514930,0,173008,A,B,69000,1000,
600029.SH,600029,20251209,91515150,0,174681,A,B,69600,1000,
600029.SH,600029,20251209,91515150,0,175086,A,S,70900,2000,
600029.SH,600029,20251209,91515150,0,175087,A,S,71900,2000,
600029.SH,600029,20251209,91515150,0,175440,A,S,71400,2000,
600029.SH,600029,20251209,91515150,0,175444,A,S,72400,2000,
600029.SH,600029,20251209,91515150,0,175445,A,B,69900,2000,
600029.SH,600029,20251209,91515150,0,175449,A,B,69400,2000,
600029.SH,600029,20251209,91515150,0,175455,A,B,68900,2000,
600029.SH,600029,20251209,91515150,0,175698,A,B,68400,2500,
600029.SH,600029,20251209,91515310,0,176923,A,S,72800,1500,
600029.SH,600029,20251209,91515310,0,177158,A,B,69600,10000,
600029.SH,600029,20251209,91515310,0,177260,A,S,78100,600,
600029.SH,600029,20251209,91515310,0,177342,A,B,68400,2000,
600029.SH,600029,20251209,91515460,0,177694,A,B,69100,5000,
600029.SH,600029,20251209,91515460,0,177738,A,B,70700,10000,
600029.SH,600029,20251209,91515460,0,178000,A,S,73300,4000,
600029.SH,600029,20251209,91515460,0,178167,A,S,72000,2000,
600029.SH,600029,20251209,91515460,0,178436,A,S,70000,1900,
600029.SH,600029,20251209,91515460,0,178719,A,S,72800,100,
600029.SH,600029,20251209,91515660,0,179673,A,S,78100,4800,
600029.SH,600029,20251209,91515660,0,180232,A,B,68500,2300,
600029.SH,600029,20251209,91515660,0,180580,A,B,64000,2000,
600029.SH,600029,20251209,91515660,0,180892,A,S,73000,3500,
600029.SH,600029,20251209,91515660,0,180939,A,B,69400,3500,
600029.SH,600029,20251209,91515660,0,180947,A,B,69100,200,
600029.SH,600029,20251209,91515660,0,181067,A,S,70800,100,
600029.SH,600029,20251209,91515830,0,181530,A,S,72800,4000,
600029.SH,600029,20251209,91515830,0,181531,A,B,69600,4000,
600029.SH,600029,20251209,91515830,0,182646,A,B,67000,500,
600029.SH,600029,20251209,91516000,0,183749,A,S,76200,500,
600029.SH,600029,20251209,91516000,0,183779,A,S,72300,1201,
600029.SH,600029,20251209,91516000,0,183781,A,B,69500,4000,
600029.SH,600029,20251209,91516000,0,184233,A,S,77800,300,
600029.SH,600029,20251209,91516000,0,184249,A,S,76000,300,
600029.SH,600029,20251209,91516000,0,184270,A,B,68100,1800,
600029.SH,600029,20251209,91516000,0,184327,A,S,74000,300,
600029.SH,600029,20251209,91516000,0,184873,A,S,78100,1800,
600029.SH,600029,20251209,91516180,0,185334,A,S,77800,1500,
600029.SH,600029,20251209,91516180,0,186014,A,S,75500,7000,
600029.SH,600029,20251209,91516180,0,186439,A,B,65000,2000,
600029.SH,600029,20251209,91516350,0,187640,A,S,74600,1000,
600029.SH,600029,20251209,91516350,0,188598,A,S,78100,281900,
600029.SH,600029,20251209,91516690,0,191644,A,B,66000,5000,
600029.SH,600029,20251209,91516890,0,193676,A,S,78000,600,
600029.SH,600029,20251209,91516990,0,194271,A,S,74100,8000,
600029.SH,600029,20251209,91517040,0,194366,A,S,75000,100,
600029.SH,600029,20251209,91517040,0,194467,A,S,73900,100,
600029.SH,600029,20251209,91517040,0,194486,A,S,77400,100,
600029.SH,600029,20251209,91517040,0,195205,A,B,69000,200,
600029.SH,600029,20251209,91517040,0,195206,A,S,72000,100,
600029.SH,600029,20251209,91517190,0,196519,A,S,77300,1200,
600029.SH,600029,20251209,91517270,0,196812,A,S,70900,300,
600029.SH,600029,20251209,91517270,0,197405,A,B,69200,2000,
600029.SH,600029,20251209,91517270,0,197912,A,S,72700,1000,
600029.SH,600029,20251209,91517270,0,197913,A,B,69000,2000,
600029.SH,600029,20251209,91517430,0,198762,A,S,77600,400,
600029.SH,600029,20251209,91517600,0,200618,A,S,74800,100,
600029.SH,600029,20251209,91517690,0,201289,A,S,72800,8000,
600029.SH,600029,20251209,91517690,0,201362,A,B,67000,1500,
600029.SH,600029,20251209,91517690,0,201559,A,S,72800,2000,
600029.SH,600029,20251209,91517860,0,203529,A,S,76000,2000,
600029.SH,600029,20251209,91517860,0,204230,A,B,69000,100,
600029.SH,600029,20251209,91518030,0,205805,A,B,65300,2000,
600029.SH,600029,20251209,91518030,0,206805,A,S,78100,2000,
600029.SH,600029,20251209,91518030,0,207032,A,S,78100,1000,
600029.SH,600029,20251209,91518210,0,207096,A,S,77400,700,
600029.SH,600029,20251209,91518210,0,207100,A,S,74400,700,
600029.SH,600029,20251209,91518250,0,207575,A,S,71900,500,
600029.SH,600029,20251209,91518250,0,208401,A,S,71900,2000,
600029.SH,600029,20251209,91518250,0,208685,A,B,70000,2000,
600029.SH,600029,20251209,91518250,0,208762,A,S,72000,2900,
600029.SH,600029,20251209,91518430,0,209210,A,B,65000,100,
600029.SH,600029,20251209,91518430,0,209211,A,S,74000,100,
600029.SH,600029,20251209,91518430,0,209222,A,S,78100,17000,
600029.SH,600029,20251209,91518430,0,209276,A,S,74700,13600,
600029.SH,600029,20251209,91518530,0,210786,A,S,78000,1000,
600029.SH,600029,20251209,91518710,0,212124,A,S,78100,5000,
600029.SH,600029,20251209,91518710,0,212492,A,S,72200,1200,
600029.SH,600029,20251209,91518710,0,212565,A,B,69000,3000,
600029.SH,600029,20251209,91518710,0,212620,A,S,72500,100,
600029.SH,600029,20251209,91518710,0,212621,A,S,76000,100,
600029.SH,600029,20251209,91518850,0,212802,A,S,75000,200,
600029.SH,600029,20251209,91518850,0,213107,A,S,71500,2000,
600029.SH,600029,20251209,91518850,0,213143,A,S,73000,5000,
600029.SH,600029,20251209,91518850,0,213144,A,S,74000,5000,
600029.SH,600029,20251209,91518920,0,213809,A,S,75000,1300,
600029.SH,600029,20251209,91518920,0,215018,A,S,73800,500,
600029.SH,600029,20251209,91518920,0,215019,A,S,73100,500,
600029.SH,600029,20251209,91519110,0,215540,A,S,76900,400,
600029.SH,600029,20251209,91519110,0,215743,A,S,78000,1300,
600029.SH,600029,20251209,91519260,0,216676,A,B,66500,15000,
600029.SH,600029,20251209,91519260,0,217410,A,S,71700,1500,
600029.SH,600029,20251209,91519260,0,217417,A,B,69500,1500,
600029.SH,600029,20251209,91519410,0,218400,A,S,78100,15000,
600029.SH,600029,20251209,91519410,0,218922,A,S,72500,15000,
600029.SH,600029,20251209,91519410,0,219077,A,S,75000,6000,
600029.SH,600029,20251209,91519590,0,220507,A,B,70800,900,
600029.SH,600029,20251209,91519590,0,220688,A,S,72900,200,
600029.SH,600029,20251209,91519590,0,221152,A,S,75000,200,
600029.SH,600029,20251209,91519590,0,221291,A,S,78100,300,
600029.SH,600029,20251209,91519780,0,221789,A,S,77000,100,
600029.SH,600029,20251209,91519780,0,222451,A,S,72000,1000,
600029.SH,600029,20251209,91519780,0,223018,A,B,70000,1000,
600029.SH,600029,20251209,91519780,0,223176,A,S,78100,300,
600029.SH,600029,20251209,91519780,0,223542,A,B,69100,300,
600029.SH,600029,20251209,91519960,0,224368,A,S,72500,2500,
600029.SH,600029,20251209,91520110,0,225361,A,S,78000,200,
600029.SH,600029,20251209,91520110,0,225733,A,S,77800,100,
600029.SH,600029,20251209,91520180,0,225793,A,B,69500,1400,
600029.SH,600029,20251209,91520180,0,225900,A,B,78100,2200,
600029.SH,600029,20251209,91520290,0,226847,A,B,69000,300,
600029.SH,600029,20251209,91520290,0,227174,A,B,68500,14000,
600029.SH,600029,20251209,91520290,0,227287,A,S,74400,1000,
600029.SH,600029,20251209,91520290,0,227831,A,S,72000,100,
600029.SH,600029,20251209,91520470,0,228921,A,S,78100,500,
600029.SH,600029,20251209,91520590,0,230084,A,S,76500,3000,
600029.SH,600029,20251209,91520590,0,230144,A,S,78100,13000,
600029.SH,600029,20251209,91520590,0,230366,A,S,75800,1000,
600029.SH,600029,20251209,91520590,0,230657,A,S,76800,1000,
600029.SH,600029,20251209,91520590,0,230689,A,S,77800,2000,
600029.SH,600029,20251209,91520590,0,231484,A,B,63900,500,
600029.SH,600029,20251209,91520760,0,231904,A,S,74500,2600,
600029.SH,600029,20251209,91520760,0,232707,A,S,71800,500,
600029.SH,600029,20251209,91520950,0,233514,A,B,70700,2700,
600029.SH,600029,20251209,91520950,0,234065,A,S,71900,12400,
600029.SH,600029,20251209,91520950,0,234106,A,B,69600,11900,
600029.SH,600029,20251209,91520950,0,234348,A,S,74600,500,
600029.SH,600029,20251209,91521130,0,236387,A,S,71700,400,
600029.SH,600029,20251209,91521130,0,236441,A,S,73200,100,
600029.SH,600029,20251209,91521290,0,236739,A,S,78100,500,
600029.SH,600029,20251209,91521330,0,237048,A,B,69000,500,
600029.SH,600029,20251209,91521330,0,237082,A,S,75600,2500,
600029.SH,600029,20251209,91521420,0,237576,A,S,76500,2500,
600029.SH,600029,20251209,91521420,0,237614,A,S,76800,500,
600029.SH,600029,20251209,91521420,0,238141,A,S,75500,1800,
600029.SH,600029,20251209,91521420,0,238262,A,S,73000,650,
600029.SH,600029,20251209,91521420,0,238979,A,S,77700,900,
600029.SH,600029,20251209,91521570,0,240040,A,S,73800,2000,
600029.SH,600029,20251209,91521670,0,240569,A,B,69000,500,
600029.SH,600029,20251209,91521670,0,240626,A,S,72000,6700,
600029.SH,600029,20251209,91521670,0,240836,A,B,68500,10000,
600029.SH,600029,20251209,91521670,0,241478,A,B,65600,300,
600029.SH,600029,20251209,91521850,0,242032,A,S,77800,100,
600029.SH,600029,20251209,91521850,0,242046,A,S,77800,900,
600029.SH,600029,20251209,91521850,0,242791,A,S,76800,100,
600029.SH,600029,20251209,91521850,0,243283,A,B,77700,400,
600029.SH,600029,20251209,91521990,0,244187,A,B,66900,100,
600029.SH,600029,20251209,91521990,0,244256,A,S,71500,100,
600029.SH,600029,20251209,91521990,0,244305,A,B,69500,100,
600029.SH,600029,20251209,91522160,0,246885,A,S,72500,1000,
600029.SH,600029,20251209,91522510,0,248682,A,B,68400,2900,
600029.SH,600029,20251209,91522560,0,249499,A,B,68300,2900,
600029.SH,600029,20251209,91522560,0,249584,A,B,68200,2900,
600029.SH,600029,20251209,91522650,0,250022,A,S,73500,19600,
600029.SH,600029,20251209,91522650,0,250444,A,B,69000,2000,
600029.SH,600029,20251209,91522650,0,250449,A,B,68000,2000,
600029.SH,600029,20251209,91522650,0,250451,A,B,67000,2000,
600029.SH,600029,20251209,91522650,0,250452,A,B,66000,2000,
600029.SH,600029,20251209,91522650,0,250471,A,B,65000,2000,
600029.SH,600029,20251209,91522650,0,250472,A,B,64000,2000,
600029.SH,600029,20251209,91522650,0,250486,A,S,72800,2000,
600029.SH,600029,20251209,91522650,0,250488,A,S,73800,2000,
600029.SH,600029,20251209,91522650,0,250489,A,S,74800,2000,
600029.SH,600029,20251209,91522650,0,250490,A,S,75800,2000,
600029.SH,600029,20251209,91522650,0,250504,A,S,76800,2000,
600029.SH,600029,20251209,91522650,0,250623,A,S,71800,2000,
600029.SH,600029,20251209,91522650,0,250873,A,B,69000,1600,
600029.SH,600029,20251209,91522780,0,251485,A,S,77700,35000,
600029.SH,600029,20251209,91522780,0,251513,A,S,77900,1000,
600029.SH,600029,20251209,91522780,0,252120,A,S,71400,100,
600029.SH,600029,20251209,91522780,0,252121,A,B,69400,100,
600029.SH,600029,20251209,91522900,0,252352,A,S,72500,700,
600029.SH,600029,20251209,91522900,0,252519,A,B,68100,3100,
600029.SH,600029,20251209,91522900,0,252597,A,B,65400,3200,
600029.SH,600029,20251209,91522900,0,252641,A,S,74200,2900,
600029.SH,600029,20251209,91522900,0,252642,A,S,75700,2800,
600029.SH,600029,20251209,91522900,0,253077,A,B,66700,3100,
600029.SH,600029,20251209,91522900,0,253100,A,B,64100,3300,
600029.SH,600029,20251209,91522900,0,253106,A,S,71300,3000,
600029.SH,600029,20251209,91522900,0,253108,A,S,72700,3000,
600029.SH,600029,20251209,91522900,0,253112,A,S,77200,2800,
600029.SH,600029,20251209,91522900,0,253146,A,S,70900,1000,
600029.SH,600029,20251209,91523070,0,253854,A,B,69000,1500,
600029.SH,600029,20251209,91524880,0,257425,A,S,73200,3000,
600029.SH,600029,20251209,91527880,0,258399,A,B,70600,500,
600029.SH,600029,20251209,91527880,0,258400,A,S,71200,500,
600029.SH,600029,20251209,91530430,0,259240,A,S,74000,3000,
600029.SH,600029,20251209,91531890,0,259645,A,S,78100,100,
600029.SH,600029,20251209,91537650,0,261636,A,S,74000,1000,
600029.SH,600029,20251209,91538200,0,261848,A,B,69400,1200,
600029.SH,600029,20251209,91539510,0,262272,A,B,69800,2000,
600029.SH,600029,20251209,91541880,0,263076,A,S,71400,200,
600029.SH,600029,20251209,91542310,0,263222,A,B,69200,200,
600029.SH,600029,20251209,91546410,0,264531,A,B,69500,4300,
600029.SH,600029,20251209,91554790,0,267331,A,B,69000,1500,
600029.SH,600029,20251209,91557350,0,268249,A,B,69000,2800,
600029.SH,600029,20251209,91559400,0,269003,A,B,68800,1000,
600029.SH,600029,20251209,91600010,0,269217,A,S,71500,100,
600029.SH,600029,20251209,91600010,0,269218,A,B,68700,100,
600029.SH,600029,20251209,91601780,0,270019,A,S,72700,3000,
600029.SH,600029,20251209,91610820,0,273050,A,B,78100,4800,
600029.SH,600029,20251209,91614880,0,273793,A,B,69300,3000,
600029.SH,600029,20251209,91622370,0,275018,A,B,68700,5000,
600029.SH,600029,20251209,91624690,0,275399,A,B,78100,4000,
600029.SH,600029,20251209,91637800,0,277685,A,B,76800,5000,
600029.SH,600029,20251209,91640520,0,278187,A,S,71000,1600,
600029.SH,600029,20251209,91641310,0,278319,A,S,71900,1000,
600029.SH,600029,20251209,91643740,0,88854,D,B,71500,20000,
600029.SH,600029,20251209,91645520,0,279033,A,S,78100,700,
600029.SH,600029,20251209,91650950,0,279985,A,S,78000,3400,
600029.SH,600029,20251209,91659710,0,281584,A,S,78100,100,
600029.SH,600029,20251209,91705330,0,282763,A,S,71800,5000,
600029.SH,600029,20251209,91707600,0,283210,A,S,75000,100,
600029.SH,600029,20251209,91717570,0,285236,A,S,63900,89000,
600029.SH,600029,20251209,91721790,0,286059,A,S,74700,400,
600029.SH,600029,20251209,91730950,0,287850,A,S,63900,10600,
600029.SH,600029,20251209,91743280,0,290373,A,S,71800,30000,
600029.SH,600029,20251209,91750820,0,291943,A,B,67900,500,
600029.SH,600029,20251209,91754750,0,262272,D,B,69800,2000,
600029.SH,600029,20251209,91755190,0,285236,D,S,63900,89000,
600029.SH,600029,20251209,91800470,0,293931,A,B,70100,500,
600029.SH,600029,20251209,91801500,0,294146,A,B,70000,6100,
600029.SH,600029,20251209,91802710,0,294437,A,B,69600,2000,
600029.SH,600029,20251209,91803280,0,294563,A,S,71100,500,
600029.SH,600029,20251209,91804580,0,294867,A,B,70000,100,
600029.SH,600029,20251209,91806290,0,295225,A,B,69000,1100,
600029.SH,600029,20251209,91806600,0,295287,A,B,69500,10000,
600029.SH,600029,20251209,91809650,0,295956,A,S,71000,1000,
600029.SH,600029,20251209,91815990,0,297274,A,S,73900,3000,
600029.SH,600029,20251209,91824990,0,299102,A,B,70000,1500,
600029.SH,600029,20251209,91829720,0,300118,A,S,72000,1000,
600029.SH,600029,20251209,91830990,0,300397,A,B,67000,200,
600029.SH,600029,20251209,91837710,0,301820,A,B,70000,800,
600029.SH,600029,20251209,91837900,0,301855,A,B,69900,81300,
600029.SH,600029,20251209,91840160,0,302339,A,S,73200,1400,
600029.SH,600029,20251209,91843450,0,303049,A,S,78100,3000,
600029.SH,600029,20251209,91844340,0,303229,A,B,69000,100,
600029.SH,600029,20251209,91848710,0,304094,A,S,75200,1000,
600029.SH,600029,20251209,91854690,0,305415,A,B,70000,1800,
600029.SH,600029,20251209,91854820,0,305433,A,B,70400,1100,
600029.SH,600029,20251209,91855570,0,305592,A,B,69100,2000,
600029.SH,600029,20251209,91902790,0,307191,A,S,78100,300,
600029.SH,600029,20251209,91905930,0,307937,A,S,72200,2200,
600029.SH,600029,20251209,91906880,0,308160,A,B,69900,1200,
600029.SH,600029,20251209,91908310,0,308448,A,S,70700,8000,
600029.SH,600029,20251209,91910300,0,308888,A,B,78100,2800,
600029.SH,600029,20251209,91913540,0,309625,A,S,71900,20000,
600029.SH,600029,20251209,91924720,0,312065,A,S,71000,400,
600029.SH,600029,20251209,91930110,0,313316,A,S,75000,500,
600029.SH,600029,20251209,91935570,0,314534,A,S,78100,10000,
600029.SH,600029,20251209,91940470,0,315656,A,S,75000,3000,
600029.SH,600029,20251209,91940670,0,315704,A,S,78100,1600,
600029.SH,600029,20251209,91941700,0,315945,A,S,77000,500,
600029.SH,600029,20251209,91945650,0,316917,A,S,71200,400,
600029.SH,600029,20251209,91946290,0,317070,A,B,68600,5100,
600029.SH,600029,20251209,91947460,0,317350,A,B,71000,500,
600029.SH,600029,20251209,91953790,0,318834,A,S,70700,3700,
600029.SH,600029,20251209,91953850,0,318846,A,S,70900,100,
600029.SH,600029,20251209,91954660,0,319031,A,S,78000,500,
600029.SH,600029,20251209,91956460,0,319490,A,S,78000,500,
600029.SH,600029,20251209,91957550,0,319732,A,S,70400,16100,
600029.SH,600029,20251209,92001110,0,320701,A,B,74500,300,
600029.SH,600029,20251209,92002000,0,320976,A,B,69700,1600,
600029.SH,600029,20251209,92002230,0,321103,A,S,63900,200,
600029.SH,600029,20251209,92002420,0,321168,A,B,78100,3800,
600029.SH,600029,20251209,92005790,0,322261,A,S,71400,2100,
600029.SH,600029,20251209,92009840,0,323339,A,S,70700,200,
600029.SH,600029,20251209,92016090,0,324962,A,S,70800,20000,
600029.SH,600029,20251209,92017930,0,325391,A,S,71100,300,
600029.SH,600029,20251209,92019640,0,325807,A,S,72700,1500,
600029.SH,600029,20251209,92032230,0,329034,A,B,70100,800,
600029.SH,600029,20251209,92033790,0,329416,A,S,70900,25000,
600029.SH,600029,20251209,92035880,0,329914,A,B,69500,1000,
600029.SH,600029,20251209,92038980,0,330660,A,B,69700,1500,
600029.SH,600029,20251209,92040090,0,330949,A,B,66800,2000,
600029.SH,600029,20251209,92048800,0,333168,A,S,75000,4000,
600029.SH,600029,20251209,92049410,0,333329,A,B,68800,1500,
600029.SH,600029,20251209,92050020,0,333477,A,S,78100,1000,
600029.SH,600029,20251209,92052130,0,334095,A,B,67100,10000,
600029.SH,600029,20251209,92052420,0,334178,A,S,70700,25000,
600029.SH,600029,20251209,92056170,0,335177,A,S,71800,9200,
600029.SH,600029,20251209,92100580,0,336233,A,B,67700,1500,
600029.SH,600029,20251209,92105090,0,337544,A,S,71200,10000,
600029.SH,600029,20251209,92108590,0,338514,A,S,74000,700,
600029.SH,600029,20251209,92112750,0,339649,A,B,69600,1000,
600029.SH,600029,20251209,92114000,0,339984,A,B,65500,3000,
600029.SH,600029,20251209,92114270,0,340060,A,B,70200,5000,
600029.SH,600029,20251209,92115110,0,340268,A,B,69000,200,
600029.SH,600029,20251209,92121580,0,342039,A,B,69800,5000,
600029.SH,600029,20251209,92126140,0,343299,A,B,70100,8000,
600029.SH,600029,20251209,92127150,0,343560,A,B,70000,10000,
600029.SH,600029,20251209,92127200,0,343570,A,B,78100,100,
600029.SH,600029,20251209,92127300,0,343609,A,B,68800,500,
600029.SH,600029,20251209,92133420,0,345297,A,S,78100,100,
600029.SH,600029,20251209,92135060,0,345754,A,S,71400,200,
600029.SH,600029,20251209,92137350,0,346406,A,S,71800,1000,
600029.SH,600029,20251209,92142020,0,347762,A,S,72000,10000,
600029.SH,600029,20251209,92149880,0,349979,A,B,69100,2000,
600029.SH,600029,20251209,92154470,0,351369,A,S,78100,3000,
600029.SH,600029,20251209,92154570,0,351390,A,S,72100,100,
600029.SH,600029,20251209,92154730,0,351441,A,S,75200,1000,
600029.SH,600029,20251209,92157880,0,352322,A,S,71100,1000,
600029.SH,600029,20251209,92202310,0,353793,A,S,71200,4300,
600029.SH,600029,20251209,92207070,0,355217,A,S,70700,600,
600029.SH,600029,20251209,92207750,0,355413,A,S,71400,4400,
600029.SH,600029,20251209,92209420,0,355926,A,S,76700,1000,
600029.SH,600029,20251209,92212120,0,356731,A,S,70600,15000,
600029.SH,600029,20251209,92215630,0,357770,A,S,78100,1000,
600029.SH,600029,20251209,92218770,0,358710,A,B,70000,2100,
600029.SH,600029,20251209,92221200,0,359414,A,B,69000,200,
600029.SH,600029,20251209,92222980,0,359983,A,B,70000,1000,
600029.SH,600029,20251209,92225830,0,360835,A,S,72800,200,
600029.SH,600029,20251209,92235440,0,363846,A,S,71600,8800,
600029.SH,600029,20251209,92236390,0,364168,A,B,70000,1000,
600029.SH,600029,20251209,92241850,0,365916,A,S,71500,6000,
600029.SH,600029,20251209,92242380,0,366086,A,S,78100,100,
600029.SH,600029,20251209,92246420,0,367396,A,B,70900,700,
600029.SH,600029,20251209,92251570,0,369116,A,S,74400,4000,
600029.SH,600029,20251209,92252060,0,369294,A,B,68900,10000,
600029.SH,600029,20251209,92300620,0,372058,A,S,68900,1800,
600029.SH,600029,20251209,92302790,0,372917,A,S,68900,2200,
600029.SH,600029,20251209,92305610,0,373903,A,B,70800,3000,
600029.SH,600029,20251209,92311840,0,375976,A,S,71500,600,
600029.SH,600029,20251209,92321060,0,379379,A,B,68500,2000,
600029.SH,600029,20251209,92321800,0,379658,A,S,74000,3200,
600029.SH,600029,20251209,92323940,0,380407,A,B,68100,1000,
600029.SH,600029,20251209,92327080,0,381574,A,S,72500,1000,
600029.SH,600029,20251209,92327190,0,381624,A,B,67000,2000,
600029.SH,600029,20251209,92330520,0,382875,A,S,70200,1300,
600029.SH,600029,20251209,92331630,0,383299,A,S,72000,700,
600029.SH,600029,20251209,92333560,0,384053,A,B,70000,1000,
600029.SH,600029,20251209,92334180,0,384298,A,S,70600,300,
600029.SH,600029,20251209,92339120,0,386215,A,S,71500,2000,
600029.SH,600029,20251209,92343800,0,388068,A,B,71300,100,
600029.SH,600029,20251209,92343820,0,388074,A,S,69900,200,
600029.SH,600029,20251209,92344810,0,388508,A,S,73000,2000,
600029.SH,600029,20251209,92347210,0,389452,A,S,68200,800,
600029.SH,600029,20251209,92347830,0,389712,A,B,71300,2000,
600029.SH,600029,20251209,92348070,0,389814,A,B,69900,1000,
600029.SH,600029,20251209,92351230,0,391064,A,S,72600,10100,
600029.SH,600029,20251209,92359200,0,394192,A,B,65500,1000,
600029.SH,600029,20251209,92400100,0,394592,A,S,67500,4700,
600029.SH,600029,20251209,92400100,0,394593,A,S,67500,3400,
600029.SH,600029,20251209,92400280,0,394745,A,B,69800,1000,
600029.SH,600029,20251209,92401120,0,395219,A,S,74000,500,
600029.SH,600029,20251209,92409370,0,399047,A,S,71600,2000,
600029.SH,600029,20251209,92412020,0,400364,A,B,69000,1000,
600029.SH,600029,20251209,92412760,0,400760,A,S,71700,5000,
600029.SH,600029,20251209,92412930,0,400859,A,S,70300,6600,
600029.SH,600029,20251209,92414060,0,401432,A,B,69700,1000,
600029.SH,600029,20251209,92414400,0,401608,A,S,70400,5000,
600029.SH,600029,20251209,92415000,0,401912,A,S,71000,58100,
600029.SH,600029,20251209,92417910,0,403536,A,S,72400,6500,
600029.SH,600029,20251209,92418870,0,404074,A,S,70900,3800,
600029.SH,600029,20251209,92419250,0,404281,A,S,73500,2000,
600029.SH,600029,20251209,92421070,0,405300,A,S,72000,200,
600029.SH,600029,20251209,92421310,0,405481,A,S,70400,6900,
600029.SH,600029,20251209,92422640,0,406213,A,S,71500,2000,
600029.SH,600029,20251209,92425640,0,407973,A,B,69500,1000,
600029.SH,600029,20251209,92427930,0,409294,A,S,71600,4900,
600029.SH,600029,20251209,92429050,0,409980,A,S,67500,2400,
600029.SH,600029,20251209,92429200,0,410065,A,S,75000,2000,
600029.SH,600029,20251209,92429230,0,410085,A,S,73000,200,
600029.SH,600029,20251209,92430640,0,411031,A,S,70200,9700,
600029.SH,600029,20251209,92436100,0,414473,A,S,74000,200,
600029.SH,600029,20251209,92438510,0,416033,A,S,77000,2000,
600029.SH,600029,20251209,92439460,0,417134,A,S,70100,1100,
600029.SH,600029,20251209,92439460,0,417135,A,S,70100,400,
600029.SH,600029,20251209,92439460,0,417136,A,S,70100,100,
600029.SH,600029,20251209,92439460,0,417137,A,S,70100,2000,
600029.SH,600029,20251209,92439460,0,417139,A,S,70100,200,
600029.SH,600029,20251209,92439460,0,417140,A,S,70100,400,
600029.SH,600029,20251209,92439930,0,417453,A,B,69600,1000,
600029.SH,600029,20251209,92440050,0,417540,A,B,70500,500,
600029.SH,600029,20251209,92442450,0,419222,A,B,70500,10000,
600029.SH,600029,20251209,92442590,0,419320,A,S,69300,500,
600029.SH,600029,20251209,92443390,0,419872,A,S,73800,5000,
600029.SH,600029,20251209,92443500,0,419931,A,S,75000,200,
600029.SH,600029,20251209,92445100,0,421026,A,S,72000,2500,
600029.SH,600029,20251209,92446290,0,421841,A,B,68400,600,
600029.SH,600029,20251209,92447380,0,422629,A,S,67500,2000,
600029.SH,600029,20251209,92448870,0,423788,A,S,71300,188900,
600029.SH,600029,20251209,92449080,0,423937,A,B,78100,7200,
600029.SH,600029,20251209,92449880,0,424678,A,B,70800,2400,
600029.SH,600029,20251209,92450170,0,425059,A,B,69500,1000,
600029.SH,600029,20251209,92450200,0,425087,A,S,76000,200,
600029.SH,600029,20251209,92450290,0,425233,A,B,68900,1500,
600029.SH,600029,20251209,92450420,0,425449,A,B,78100,900,
600029.SH,600029,20251209,92451060,0,426165,A,S,70200,6800,
600029.SH,600029,20251209,92452390,0,427369,A,S,67500,1500,
600029.SH,600029,20251209,92452640,0,427561,A,B,78100,900,
600029.SH,600029,20251209,92452890,0,427841,A,B,69000,1000,
600029.SH,600029,20251209,92454050,0,429081,A,S,76000,5000,
600029.SH,600029,20251209,92455120,0,430393,A,B,77100,900,
600029.SH,600029,20251209,92455220,0,430590,A,S,70400,100,
600029.SH,600029,20251209,92455380,0,430817,A,B,70200,1000,
600029.SH,600029,20251209,92455380,0,430820,A,B,71100,200,
600029.SH,600029,20251209,92455990,0,431617,A,B,71100,200,
600029.SH,600029,20251209,92456090,0,431772,A,B,71800,200,
600029.SH,600029,20251209,92456130,0,431834,A,B,71800,100,
600029.SH,600029,20251209,92456170,0,431979,A,B,71800,200,
600029.SH,600029,20251209,92456250,0,432162,A,B,71800,300,
600029.SH,600029,20251209,92456250,0,432201,A,B,71800,200,
600029.SH,600029,20251209,92456350,0,432348,A,B,78100,900,
600029.SH,600029,20251209,92456420,0,432456,A,B,71800,200,
600029.SH,600029,20251209,92456450,0,432524,A,B,71800,200,
600029.SH,600029,20251209,92456450,0,432556,A,B,71800,100,
600029.SH,600029,20251209,92456600,0,432810,A,B,71100,200,
600029.SH,600029,20251209,92456680,0,432951,A,B,71800,200,
600029.SH,600029,20251209,92456710,0,432971,A,B,71800,100,
600029.SH,600029,20251209,92456740,0,433024,A,B,71800,200,
600029.SH,600029,20251209,92456820,0,433183,A,B,71800,100,
600029.SH,600029,20251209,92456880,0,433313,A,B,71800,200,
600029.SH,600029,20251209,92456900,0,433327,A,B,71800,200,
600029.SH,600029,20251209,92456900,0,433341,A,B,71800,200,
600029.SH,600029,20251209,92456960,0,433485,A,B,71800,100,
600029.SH,600029,20251209,92456990,0,433531,A,S,69800,100,
600029.SH,600029,20251209,92457030,0,433627,A,B,71800,100,
600029.SH,600029,20251209,92457070,0,433679,A,B,71800,200,
600029.SH,600029,20251209,92457100,0,433819,A,B,71800,100,
600029.SH,600029,20251209,92457180,0,433954,A,B,68100,41000,
600029.SH,600029,20251209,92457220,0,434062,A,B,71800,100,
600029.SH,600029,20251209,92457410,0,434492,A,B,71800,200,
600029.SH,600029,20251209,92457480,0,434604,A,B,71800,200,
600029.SH,600029,20251209,92457540,0,434701,A,B,71800,200,
600029.SH,600029,20251209,92457580,0,434823,A,B,71800,100,
600029.SH,600029,20251209,92457620,0,434956,A,B,73700,7300,
600029.SH,600029,20251209,92457800,0,435371,A,S,69000,3000,
600029.SH,600029,20251209,92457880,0,435666,A,B,71800,100,
600029.SH,600029,20251209,92458010,0,435882,A,B,71800,200,
600029.SH,600029,20251209,92458100,0,436034,A,B,71800,100,
600029.SH,600029,20251209,92458210,0,436364,A,B,71800,200,
600029.SH,600029,20251209,92458210,0,436375,A,B,74100,5300,
600029.SH,600029,20251209,92458310,0,436510,A,B,74100,1500,
600029.SH,600029,20251209,92458310,0,436553,A,B,74100,1300,
600029.SH,600029,20251209,92458440,0,436958,A,B,71800,200,
600029.SH,600029,20251209,92458530,0,437247,A,B,71800,200,
600029.SH,600029,20251209,92458560,0,437330,A,B,71800,100,
600029.SH,600029,20251209,92458600,0,437437,A,B,71800,200,
600029.SH,600029,20251209,92458600,0,437505,A,B,71800,200,
600029.SH,600029,20251209,92458690,0,437694,A,B,71800,200,
600029.SH,600029,20251209,92458730,0,437745,A,B,71800,200,
600029.SH,600029,20251209,92459250,0,438979,A,B,72600,2200,
600029.SH,600029,20251209,92459380,0,439313,A,B,71800,600,
600029.SH,600029,20251209,92459490,0,439708,A,B,78100,2300,
600029.SH,600029,20251209,92459650,0,440212,A,B,70700,3400,
600029.SH,600029,20251209,92501060,0,0,S,O,0,0,
600029.SH,600029,20251209,93000200,0,442102,A,B,70500,100,
600029.SH,600029,20251209,93000200,0,442237,A,B,69000,200,
600029.SH,600029,20251209,93000200,0,442246,A,B,70500,100,
600029.SH,600029,20251209,93000280,0,442685,A,B,70500,100,
600029.SH,600029,20251209,93000340,0,443115,A,S,78000,5000,
600029.SH,600029,20251209,93000400,0,443407,A,B,70500,100,
600029.SH,600029,20251209,93000400,0,443690,A,B,70500,200,
600029.SH,600029,20251209,93002060,0,444501,A,B,70500,100,
600029.SH,600029,20251209,93002300,0,445095,A,B,70500,100,
600029.SH,600029,20251209,93002300,0,445181,A,S,71100,20000,
600029.SH,600029,20251209,93002330,0,445234,A,B,70500,100,
600029.SH,600029,20251209,93002350,0,445433,A,B,68000,200,
600029.SH,600029,20251209,93002520,0,446352,A,B,70000,1000,
600029.SH,600029,20251209,93002570,0,446875,A,B,69600,1000,
600029.SH,600029,20251209,93002660,0,448036,A,S,70600,1500,
600029.SH,600029,20251209,93002660,0,14314,D,B,70300,3000,
600029.SH,600029,20251209,93002760,0,448817,A,S,71100,33300,
600029.SH,600029,20251209,93002760,0,448968,A,S,70900,1500,
600029.SH,600029,20251209,93003040,0,452425,A,B,68000,500,
600029.SH,600029,20251209,93003040,0,452761,A,S,78100,300,
600029.SH,600029,20251209,93003190,0,455218,A,B,70500,100,
600029.SH,600029,20251209,93003350,0,456545,A,B,70500,100,
600029.SH,600029,20251209,93003350,0,456768,A,B,70000,6800,
600029.SH,600029,20251209,93003490,0,457590,A,B,70500,100,
600029.SH,600029,20251209,93003500,0,458059,A,B,70500,500,
600029.SH,600029,20251209,93003500,0,458154,A,B,70500,500,
600029.SH,600029,20251209,93003500,0,458195,A,B,70500,100,
600029.SH,600029,20251209,93003500,0,458968,A,B,70500,100,
600029.SH,600029,20251209,93003640,0,459183,A,B,70500,200,
600029.SH,600029,20251209,93003640,0,459301,A,B,70500,100,
600029.SH,600029,20251209,93003640,0,459705,A,B,70500,200,
600029.SH,600029,20251209,93003640,0,460127,A,B,70500,100,
600029.SH,600029,20251209,93003950,0,462929,A,B,69800,500,
600029.SH,600029,20251209,93003950,0,464044,A,B,70600,4900,
600029.SH,600029,20251209,93004110,0,465755,A,B,69300,600,
600029.SH,600029,20251209,93004260,0,466874,A,B,70500,1000,
600029.SH,600029,20251209,93004260,0,467395,A,B,70500,100,
600029.SH,600029,20251209,93004260,0,467404,A,B,70500,200,
600029.SH,600029,20251209,93004730,0,471718,A,S,74000,500,
600029.SH,600029,20251209,93004730,0,472405,A,S,70800,20000,
600029.SH,600029,20251209,93004870,0,473462,A,S,75000,500,
600029.SH,600029,20251209,93004870,0,473616,A,B,70500,700,
600029.SH,600029,20251209,93005040,0,475887,A,B,69100,6600,
600029.SH,600029,20251209,93005040,0,476138,A,S,71900,6500,
600029.SH,600029,20251209,93005180,0,476778,A,S,72900,8000,
600029.SH,600029,20251209,93005180,0,478183,A,S,73700,47200,
600029.SH,600029,20251209,93005330,0,479012,A,B,70600,100,
600029.SH,600029,20251209,93005330,0,479634,A,B,70600,100,
600029.SH,600029,20251209,93005330,0,479653,A,B,70600,300,
600029.SH,600029,20251209,93005330,0,479673,A,B,70600,3200,
600029.SH,600029,20251209,93005330,0,479686,A,B,70600,6800,
600029.SH,600029,20251209,93005480,0,481232,A,S,71300,7800,
600029.SH,600029,20251209,93005610,0,482714,A,B,70600,100,
600029.SH,600029,20251209,93005610,0,258400,D,S,71200,500,
600029.SH,600029,20251209,93005610,0,483450,A,B,70500,100,
600029.SH,600029,20251209,93005770,0,484096,A,B,70500,100,
600029.SH,600029,20251209,93005770,0,484915,A,B,69500,20000,
600029.SH,600029,20251209,93005920,0,486501,A,B,70100,10000,
600029.SH,600029,20251209,93005920,0,486530,A,B,69800,10000,
600029.SH,600029,20251209,93005920,0,486665,A,S,78100,1100,
600029.SH,600029,20251209,93005920,0,487123,A,B,70600,100,
600029.SH,600029,20251209,93006060,0,487485,A,B,70500,100,
600029.SH,600029,20251209,93006060,0,487956,A,B,63900,11700,
600029.SH,600029,20251209,93006060,0,488393,A,B,70600,300,
600029.SH,600029,20251209,93006060,0,488679,A,S,71000,5000,
600029.SH,600029,20251209,93006060,0,488785,A,S,71400,5000,
600029.SH,600029,20251209,93006060,0,488872,A,S,71800,10000,
600029.SH,600029,20251209,93006060,0,488954,A,B,69100,2000,
600029.SH,600029,20251209,93006360,0,492439,A,B,70600,3500,
600029.SH,600029,20251209,93006510,0,493030,A,B,69500,10000,
600029.SH,600029,20251209,93006510,0,493910,A,B,70300,10100,
600029.SH,600029,20251209,93006640,0,494631,A,B,68800,300,
600029.SH,600029,20251209,93006640,0,495268,A,B,70200,500,
600029.SH,600029,20251209,93006640,0,495486,A,S,71400,3800,
600029.SH,600029,20251209,93006640,0,495579,A,B,70000,10000,
600029.SH,600029,20251209,93006640,0,495804,A,S,72000,10000,
600029.SH,600029,20251209,93006640,0,495922,A,S,73000,10000,
600029.SH,600029,20251209,93006640,0,496065,A,S,75000,10000,
600029.SH,600029,20251209,93007220,0,501617,A,B,70600,200,
600029.SH,600029,20251209,93007220,0,501746,A,S,70500,22100,
600029.SH,600029,20251209,93007220,0,502465,A,B,69800,5000,
600029.SH,600029,20251209,93007220,0,502622,A,B,69000,5000,
600029.SH,600029,20251209,93007380,0,503307,A,B,69800,500,
600029.SH,600029,20251209,93007380,0,504394,A,B,69700,500,
600029.SH,600029,20251209,93007700,0,506847,A,B,70400,2200,
600029.SH,600029,20251209,93007700,0,506939,A,S,71800,1300,
600029.SH,600029,20251209,93007700,0,507049,A,S,72300,1400,
600029.SH,600029,20251209,93007850,0,509118,A,B,69400,2000,
600029.SH,600029,20251209,93007850,0,509347,A,B,69300,10000,
600029.SH,600029,20251209,93007850,0,509548,A,B,69200,10000,
600029.SH,600029,20251209,93007850,0,509712,A,B,69100,10000,
600029.SH,600029,20251209,93007850,0,509722,A,B,70300,62500,
600029.SH,600029,20251209,93008130,0,512893,A,B,68000,5000,
600029.SH,600029,20251209,93008290,0,513602,A,B,69600,500,
600029.SH,600029,20251209,93008290,0,514658,A,S,73100,1000,
600029.SH,600029,20251209,93008590,0,518690,A,B,67000,200,
600029.SH,600029,20251209,93008860,0,520853,A,B,69800,9400,
600029.SH,600029,20251209,93008860,0,521164,A,B,70000,3900,
600029.SH,600029,20251209,93008860,0,521399,A,S,71600,1000,
600029.SH,600029,20251209,93009050,0,523535,A,B,68600,400,
600029.SH,600029,20251209,93009050,0,523670,A,B,69500,20000,
600029.SH,600029,20251209,93009200,0,524448,A,S,70800,300,
600029.SH,600029,20251209,93009340,0,526544,A,S,70600,1200,
600029.SH,600029,20251209,93009340,0,527756,A,S,70500,700,
600029.SH,600029,20251209,93009500,0,528285,A,S,71900,20000,
600029.SH,600029,20251209,93009650,0,530962,A,S,70600,1200,
600029.SH,600029,20251209,93009790,0,531578,A,S,70500,4600,
600029.SH,600029,20251209,93009790,0,531614,A,S,70600,1000,
600029.SH,600029,20251209,93009790,0,531578,D,S,70500,4600,
600029.SH,600029,20251209,93009790,0,532847,A,S,70500,300,
600029.SH,600029,20251209,93009790,0,533107,A,S,70700,1100,
600029.SH,600029,20251209,93009790,0,533151,A,S,70700,200,
600029.SH,600029,20251209,93010230,0,538273,A,B,69500,2000,
600029.SH,600029,20251209,93010380,0,539892,A,S,71800,1000,
600029.SH,600029,20251209,93010850,0,544597,A,S,70700,10300,
600029.SH,600029,20251209,93010850,0,545106,A,S,70700,300,
600029.SH,600029,20251209,93011250,0,549390,A,B,70300,3000,
600029.SH,600029,20251209,93011410,0,551539,A,B,68500,600,
600029.SH,600029,20251209,93011410,0,551720,A,S,72500,600,
600029.SH,600029,20251209,93011410,0,551852,A,B,67000,10000,
600029.SH,600029,20251209,93011410,0,552470,A,S,78100,1000,
600029.SH,600029,20251209,93011770,0,556008,A,B,70000,100,
600029.SH,600029,20251209,93011770,0,556376,A,S,70700,1200,
600029.SH,600029,20251209,93011920,0,557959,A,S,78100,2000,
600029.SH,600029,20251209,93011920,0,558507,A,S,70700,1300,
600029.SH,600029,20251209,93011920,0,558860,A,B,70400,100,
600029.SH,600029,20251209,93012210,0,562008,A,S,77000,2900,
600029.SH,600029,20251209,93012210,0,562323,A,S,70600,100,
600029.SH,600029,20251209,93012370,0,564047,A,B,70000,500,
600029.SH,600029,20251209,93012730,0,568350,A,B,70300,5700,
600029.SH,600029,20251209,93012730,0,568624,A,S,70700,100,
600029.SH,600029,20251209,93013040,0,570812,A,S,78100,1900,
600029.SH,600029,20251209,93013190,0,573071,A,B,68000,3000,
600029.SH,600029,20251209,93013340,0,574527,A,B,69000,2000,
600029.SH,600029,20251209,93013340,0,574646,A,B,70400,100,
600029.SH,600029,20251209,93013340,0,575532,A,S,75000,1000,
600029.SH,600029,20251209,93013500,0,576419,A,B,70500,600,
600029.SH,600029,20251209,93013500,0,577195,A,S,71100,100,
600029.SH,600029,20251209,93013660,0,578767,A,B,70600,300,
600029.SH,600029,20251209,93013800,0,580909,A,S,71500,1000,
600029.SH,600029,20251209,93013970,0,268249,D,B,69000,2800,
600029.SH,600029,20251209,93013970,0,582686,A,B,70600,1400,
600029.SH,600029,20251209,93013970,0,582788,A,B,70600,1400,
600029.SH,600029,20251209,93013970,0,582943,A,B,70600,1300,
600029.SH,600029,20251209,93014120,0,583921,A,B,70600,1400,
600029.SH,600029,20251209,93014280,0,585424,A,B,69200,2000,
600029.SH,600029,20251209,93014280,0,585691,A,B,70600,1700,
600029.SH,600029,20251209,93014280,0,586708,A,B,70600,2100,
600029.SH,600029,20251209,93014430,0,587837,A,B,70600,3000,
600029.SH,600029,20251209,93014580,0,589275,A,B,70000,30000,
600029.SH,600029,20251209,93014580,0,589397,A,S,71000,30000,
600029.SH,600029,20251209,93014580,0,589510,A,B,70600,800,
600029.SH,600029,20251209,93014580,0,589690,A,S,72300,2000,
600029.SH,600029,20251209,93014580,0,589887,A,S,70700,1200,
600029.SH,600029,20251209,93014580,0,523535,D,B,68600,400,
600029.SH,600029,20251209,93014720,0,590763,A,B,70400,100,
600029.SH,600029,20251209,93014720,0,590781,A,S,72500,5000,
600029.SH,600029,20251209,93014720,0,591042,A,B,70600,200,
600029.SH,600029,20251209,93014720,0,591497,A,S,73100,100,
600029.SH,600029,20251209,93014880,0,593866,A,S,78100,600,
600029.SH,600029,20251209,93015020,0,595241,A,B,67000,800,
600029.SH,600029,20251209,93015180,0,596215,A,S,71300,1000,
600029.SH,600029,20251209,93015180,0,596367,A,B,70400,500,
600029.SH,600029,20251209,93015180,0,596667,A,S,70700,600,
600029.SH,600029,20251209,93015180,0,596980,A,B,70600,300,
600029.SH,600029,20251209,93015460,0,599660,A,S,71100,1000,
600029.SH,600029,20251209,93015560,0,600666,A,B,70500,900,
600029.SH,600029,20251209,93015560,0,578767,D,B,70600,300,
600029.SH,600029,20251209,93015700,0,603574,A,S,70700,100,
600029.SH,600029,20251209,93016010,0,606395,A,S,77100,1500,
600029.SH,600029,20251209,93016160,0,608602,A,B,69000,1000,
600029.SH,600029,20251209,93016460,0,611312,A,S,70700,800,
600029.SH,600029,20251209,93016460,0,612598,A,S,75500,400,
600029.SH,600029,20251209,93016630,0,613062,A,B,70500,5500,
600029.SH,600029,20251209,93016630,0,613389,A,B,70600,300,
600029.SH,600029,20251209,93016940,0,617576,A,B,70500,300,
600029.SH,600029,20251209,93016940,0,617904,A,S,71400,800,
600029.SH,600029,20251209,93017090,0,618662,A,S,70700,800,
600029.SH,600029,20251209,93017140,0,619734,A,S,74900,1000,
600029.SH,600029,20251209,93017140,0,620102,A,S,71500,1000,
600029.SH,600029,20251209,93017140,0,620341,A,B,70600,300,
600029.SH,600029,20251209,93017300,0,621096,A,B,70400,300,
600029.SH,600029,20251209,93017300,0,621655,A,B,70500,600,
600029.SH,600029,20251209,93017410,0,622194,A,B,70600,100,
600029.SH,600029,20251209,93017410,0,623023,A,B,70600,100,
600029.SH,600029,20251209,93017410,0,623190,A,B,70500,1400,
600029.SH,600029,20251209,93017410,0,623316,A,B,70600,2700,
600029.SH,600029,20251209,93017610,0,624398,A,S,70700,100,
600029.SH,600029,20251209,93017610,0,624442,A,B,70500,200,
600029.SH,600029,20251209,93017610,0,624636,A,B,70500,1100,
600029.SH,600029,20251209,93017760,0,626671,A,B,70500,1200,
600029.SH,600029,20251209,93017760,0,626675,A,B,70500,1200,
600029.SH,600029,20251209,93017760,0,626671,D,B,70500,1200,
600029.SH,600029,20251209,93017760,0,626677,A,B,70600,300,
600029.SH,600029,20251209,93017760,0,626680,A,B,70600,300,
600029.SH,600029,20251209,93017760,0,626675,D,B,70500,1200,
600029.SH,600029,20251209,93017760,0,626684,A,B,70500,3000,
600029.SH,600029,20251209,93017760,0,626689,A,B,70500,300,
600029.SH,600029,20251209,93017760,0,626684,D,B,70500,3000,
600029.SH,600029,20251209,93017760,0,626692,A,B,70500,8300,
600029.SH,600029,20251209,93017760,0,626694,A,B,70400,100,
600029.SH,600029,20251209,93017760,0,626689,D,B,70500,300,
600029.SH,600029,20251209,93017760,0,626695,A,B,70400,600,
600029.SH,600029,20251209,93017760,0,626704,A,B,70400,200,
600029.SH,600029,20251209,93017760,0,626705,A,B,70400,100,
600029.SH,600029,20251209,93017760,0,626707,A,B,70500,2500,
600029.SH,600029,20251209,93017760,0,626737,A,B,70400,300,
600029.SH,600029,20251209,93017760,0,626750,A,B,70400,200,
600029.SH,600029,20251209,93017760,0,626751,A,B,70500,3100,
600029.SH,600029,20251209,93017760,0,626778,A,B,70500,4200,
600029.SH,600029,20251209,93017760,0,626780,A,B,70500,6300,
600029.SH,600029,20251209,93017760,0,626920,A,B,70600,300,
600029.SH,600029,20251209,93017760,0,626924,A,B,70600,100,
600029.SH,600029,20251209,93017760,0,626984,A,B,70500,100,
600029.SH,600029,20251209,93017760,0,627035,A,B,70600,200,
600029.SH,600029,20251209,93017760,0,627040,A,B,70500,7400,
600029.SH,600029,20251209,93017760,0,627093,A,B,70600,1200,
600029.SH,600029,20251209,93017760,0,627103,A,B,70600,3600,
600029.SH,600029,20251209,93017760,0,627126,A,B,70500,7400,
600029.SH,600029,20251209,93017760,0,627128,A,B,70500,8100,
600029.SH,600029,20251209,93017760,0,627130,A,B,70500,30000,
600029.SH,600029,20251209,93017760,0,627229,A,B,70500,7400,
600029.SH,600029,20251209,93017760,0,627238,A,B,70400,300,
600029.SH,600029,20251209,93017760,0,627239,A,B,70500,7400,
600029.SH,600029,20251209,93017760,0,627431,A,B,70400,200,
600029.SH,600029,20251209,93017760,0,627460,A,B,70400,100,
600029.SH,600029,20251209,93017760,0,627576,A,B,70400,800,
600029.SH,600029,20251209,93017760,0,627655,A,B,70400,300,
600029.SH,600029,20251209,93017920,0,627840,A,B,70400,300,
600029.SH,600029,20251209,93017920,0,628484,A,S,70700,4200,
600029.SH,600029,20251209,93017920,0,629150,A,B,70300,2000,
600029.SH,600029,20251209,93017920,0,629157,A,B,70300,300,
600029.SH,600029,20251209,93018120,0,629544,A,B,70400,300,
600029.SH,600029,20251209,93018120,0,630064,A,S,75100,100,
600029.SH,600029,20251209,93018120,0,630799,A,S,73800,1500,
600029.SH,600029,20251209,93018260,0,631678,A,B,70500,1500,
600029.SH,600029,20251209,93018260,0,631959,A,B,70500,2500,
600029.SH,600029,20251209,93018260,0,632442,A,B,70500,1500,
600029.SH,600029,20251209,93018260,0,632830,A,B,70200,400,
600029.SH,600029,20251209,93018440,0,633119,A,S,70700,6700,
600029.SH,600029,20251209,93018440,0,633134,A,S,70700,2400,
600029.SH,600029,20251209,93018440,0,633139,A,S,70700,200,
600029.SH,600029,20251209,93018440,0,633149,A,S,70700,2100,
600029.SH,600029,20251209,93018440,0,633402,A,S,78100,100,
600029.SH,600029,20251209,93018440,0,634567,A,S,70700,2400,
600029.SH,600029,20251209,93018440,0,634580,A,B,70500,700,
600029.SH,600029,20251209,93018440,0,634605,A,B,70500,600,
600029.SH,600029,20251209,93018590,0,634813,A,B,70500,600,
600029.SH,600029,20251209,93018590,0,634818,A,B,70500,600,
600029.SH,600029,20251209,93018590,0,634843,A,B,70500,100,
600029.SH,600029,20251209,93018630,0,635045,A,B,70500,600,
600029.SH,600029,20251209,93018630,0,635075,A,B,70400,300,
600029.SH,600029,20251209,93018630,0,635350,A,B,70500,100,
600029.SH,600029,20251209,93018630,0,635467,A,B,70400,200,
600029.SH,600029,20251209,93018630,0,635624,A,B,70500,300,
600029.SH,600029,20251209,93018630,0,635727,A,S,70700,4500,
600029.SH,600029,20251209,93018630,0,635743,A,S,70700,8000,
600029.SH,600029,20251209,93018790,0,637638,A,B,70500,200,
600029.SH,600029,20251209,93018950,0,638992,A,B,70300,400,
600029.SH,600029,20251209,93018950,0,639195,A,B,70500,100,
600029.SH,600029,20251209,93018950,0,639454,A,B,70400,100,
600029.SH,600029,20251209,93018950,0,639610,A,B,70600,100,
600029.SH,600029,20251209,93018950,0,639854,A,B,70400,300,
600029.SH,600029,20251209,93018950,0,639862,A,B,70500,100,
600029.SH,600029,20251209,93019160,0,641041,A,B,70000,1000,
600029.SH,600029,20251209,93019160,0,641097,A,B,70400,300,
600029.SH,600029,20251209,93019160,0,641719,A,B,70400,100,
600029.SH,600029,20251209,93019260,0,641849,A,B,70300,500,
600029.SH,600029,20251209,93019260,0,643145,A,B,70600,200,
600029.SH,600029,20251209,93019260,0,643313,A,B,70400,400,
600029.SH,600029,20251209,93019260,0,643316,A,B,70400,200,
600029.SH,600029,20251209,93019400,0,643670,A,B,70400,300,
600029.SH,600029,20251209,93019400,0,643685,A,B,70500,200,
600029.SH,600029,20251209,93019400,0,643728,A,S,77700,500,
600029.SH,600029,20251209,93019400,0,643885,A,B,70500,1600,
600029.SH,600029,20251209,93019400,0,643955,A,B,70000,5300,
600029.SH,600029,20251209,93019400,0,644926,A,B,70500,7400,
600029.SH,600029,20251209,93019400,0,645135,A,B,70500,300,
600029.SH,600029,20251209,93019560,0,645769,A,B,70500,300,
600029.SH,600029,20251209,93019560,0,645824,A,B,70300,100,
600029.SH,600029,20251209,93019560,0,645977,A,B,69100,800,
600029.SH,600029,20251209,93019560,0,646054,A,S,70700,1400,
600029.SH,600029,20251209,93019690,0,646623,A,B,70500,2100,
600029.SH,600029,20251209,93019690,0,646624,A,B,70500,2100,
600029.SH,600029,20251209,93019690,0,646656,A,B,70400,200,
600029.SH,600029,20251209,93019690,0,646657,A,B,70400,300,
600029.SH,600029,20251209,93019690,0,646852,A,B,70500,1900,
600029.SH,600029,20251209,93019690,0,647539,A,B,70300,100,
600029.SH,600029,20251209,93019690,0,647883,A,B,70400,300,
600029.SH,600029,20251209,93019690,0,647934,A,B,70600,1400,
600029.SH,600029,20251209,93019900,0,648714,A,B,70400,200,
600029.SH,600029,20251209,93019900,0,649008,A,B,70400,300,
600029.SH,600029,20251209,93019900,0,649172,A,B,70300,300,
600029.SH,600029,20251209,93020050,0,650199,A,B,70300,100,
600029.SH,600029,20251209,93020050,0,650903,A,B,70600,600,
600029.SH,600029,20251209,93020050,0,650905,A,B,70400,100,
600029.SH,600029,20251209,93020050,0,651326,A,B,70400,1000,
600029.SH,600029,20251209,93020250,0,652148,A,B,70500,1200,
600029.SH,600029,20251209,93020250,0,653330,A,B,70500,100,
600029.SH,600029,20251209,93020400,0,653619,A,B,70400,300,
600029.SH,600029,20251209,93020400,0,653794,A,B,70500,7400,
600029.SH,600029,20251209,93020400,0,654042,A,B,70600,200,
600029.SH,600029,20251209,93020400,0,654162,A,B,70400,300,
600029.SH,600029,20251209,93020400,0,654328,A,B,70600,700,
600029.SH,600029,20251209,93020400,0,654362,A,B,70500,900,
600029.SH,600029,20251209,93020400,0,654366,A,B,70500,100,
600029.SH,600029,20251209,93020400,0,654387,A,B,70500,600,
600029.SH,600029,20251209,93020400,0,654398,A,B,70500,600,
600029.SH,600029,20251209,93020400,0,654427,A,B,70600,2800,
600029.SH,600029,20251209,93020400,0,654460,A,B,70500,400,
600029.SH,600029,20251209,93020400,0,654468,A,B,70400,300,
600029.SH,600029,20251209,93020400,0,654470,A,B,70400,100,
600029.SH,600029,20251209,93020400,0,654503,A,B,70400,1100,
600029.SH,600029,20251209,93020400,0,654534,A,S,71400,500,
600029.SH,600029,20251209,93020400,0,655103,A,B,70400,300,
600029.SH,600029,20251209,93020540,0,655700,A,B,70500,800,
600029.SH,600029,20251209,93020540,0,656104,A,B,70400,100,
600029.SH,600029,20251209,93020540,0,656171,A,B,70400,200,
600029.SH,600029,20251209,93020540,0,656476,A,B,70500,2000,
600029.SH,600029,20251209,93020540,0,656485,A,B,70600,300,
600029.SH,600029,20251209,93020540,0,656499,A,B,70500,100,
600029.SH,600029,20251209,93020540,0,656535,A,B,70500,2100,
600029.SH,600029,20251209,93020540,0,656686,A,B,70500,2100,
600029.SH,600029,20251209,93020540,0,656706,A,B,70400,200,
600029.SH,600029,20251209,93020540,0,656740,A,B,70500,2000,
600029.SH,600029,20251209,93020540,0,656747,A,B,70400,100,
600029.SH,600029,20251209,93020690,0,656898,A,B,70600,1200,
600029.SH,600029,20251209,93020690,0,657027,A,B,70500,2100,
600029.SH,600029,20251209,93020690,0,657073,A,B,70500,1800,
600029.SH,600029,20251209,93020690,0,657145,A,B,70500,1000,
600029.SH,600029,20251209,93020690,0,657335,A,B,70300,100,
600029.SH,600029,20251209,93020760,0,657886,A,B,70500,2000,
600029.SH,600029,20251209,93020760,0,657898,A,B,70500,300,
600029.SH,600029,20251209,93020800,0,658183,A,B,70500,100,
600029.SH,600029,20251209,93020800,0,658788,A,B,70500,2100,
600029.SH,600029,20251209,93020800,0,659088,A,B,70500,900,
600029.SH,600029,20251209,93020800,0,659099,A,B,70400,100,
600029.SH,600029,20251209,93020940,0,660063,A,S,73000,2100,
600029.SH,600029,20251209,93020940,0,660152,A,B,70500,2100,
600029.SH,600029,20251209,93020940,0,660296,A,S,70700,1500,
600029.SH,600029,20251209,93020940,0,660387,A,B,70500,100,
600029.SH,600029,20251209,93020940,0,660714,A,B,70500,4800,
600029.SH,600029,20251209,93020940,0,660959,A,B,70400,2800,
600029.SH,600029,20251209,93020940,0,661104,A,B,70400,2100,
600029.SH,600029,20251209,93021090,0,662438,A,B,70500,100,
600029.SH,600029,20251209,93021090,0,662450,A,B,70500,800,
600029.SH,600029,20251209,93021090,0,662508,A,B,70600,700,
600029.SH,600029,20251209,93021280,0,664245,A,S,75800,1000,
600029.SH,600029,20251209,93021280,0,664669,A,B,70500,400,
600029.SH,600029,20251209,93021280,0,664672,A,B,70600,400,
600029.SH,600029,20251209,93021280,0,665176,A,B,70500,100,
600029.SH,600029,20251209,93021440,0,665660,A,B,70400,400,
600029.SH,600029,20251209,93021440,0,666052,A,S,71000,500,
600029.SH,600029,20251209,93021590,0,667417,A,B,70500,200,
600029.SH,600029,20251209,93021730,0,668738,A,B,70600,800,
600029.SH,600029,20251209,93021730,0,668739,A,B,70600,1000,
600029.SH,600029,20251209,93021730,0,668891,A,B,70600,700,
600029.SH,600029,20251209,93021730,0,669639,A,B,70400,300,
600029.SH,600029,20251209,93021730,0,669729,A,B,70400,100,
600029.SH,600029,20251209,93021730,0,670106,A,B,70400,100,
600029.SH,600029,20251209,93021880,0,670983,A,B,70000,2000,
600029.SH,600029,20251209,93021880,0,671081,A,B,70300,100,
600029.SH,600029,20251209,93022010,0,672483,A,B,70500,700,
600029.SH,600029,20251209,93022210,0,673831,A,B,70500,10300,
600029.SH,600029,20251209,93022210,0,674453,A,S,72000,900,
600029.SH,600029,20251209,93022210,0,674691,A,S,78100,200,
600029.SH,600029,20251209,93022210,0,674938,A,B,70200,2000,
600029.SH,600029,20251209,93022210,0,674969,A,B,70500,11300,
600029.SH,600029,20251209,93022360,0,675800,A,B,70500,1200,
600029.SH,600029,20251209,93022360,0,676266,A,B,70400,500,
600029.SH,600029,20251209,93022540,0,676838,A,B,70300,200,
600029.SH,600029,20251209,93022540,0,678102,A,B,70300,400,
600029.SH,600029,20251209,93022540,0,678131,A,B,70400,300,
600029.SH,600029,20251209,93022680,0,678781,A,B,70500,100,
600029.SH,600029,20251209,93022680,0,679016,A,S,71300,1500,
600029.SH,600029,20251209,93022680,0,679049,A,B,67700,1000,
600029.SH,600029,20251209,93022680,0,679083,A,B,70500,100,
600029.SH,600029,20251209,93022680,0,558507,D,S,70700,1300,
600029.SH,600029,20251209,93022680,0,679582,A,B,70600,100,
600029.SH,600029,20251209,93022680,0,679598,A,B,70600,100,
600029.SH,600029,20251209,93022680,0,679623,A,B,70600,100,
600029.SH,600029,20251209,93022680,0,679638,A,B,70600,200,
600029.SH,600029,20251209,93022680,0,679654,A,B,70600,1300,
600029.SH,600029,20251209,93022680,0,679739,A,B,70600,100,
600029.SH,600029,20251209,93022680,0,679762,A,B,70600,100,
600029.SH,600029,20251209,93022680,0,680043,A,B,70300,500,
600029.SH,600029,20251209,93022680,0,680055,A,B,70600,6400,
600029.SH,600029,20251209,93022820,0,680119,A,B,69000,3400,
600029.SH,600029,20251209,93022820,0,680340,A,S,78100,1100,
600029.SH,600029,20251209,93022820,0,681096,A,B,70600,300,
600029.SH,600029,20251209,93022980,0,681796,A,B,70600,200,
600029.SH,600029,20251209,93022980,0,681910,A,B,70400,1200,
600029.SH,600029,20251209,93023070,0,682825,A,B,68800,600,
600029.SH,600029,20251209,93023070,0,683408,A,B,66200,1000,
600029.SH,600029,20251209,93023160,0,684143,A,B,70400,100,
600029.SH,600029,20251209,93023160,0,685052,A,B,70200,500,
600029.SH,600029,20251209,93023300,0,686435,A,B,70600,200,
600029.SH,600029,20251209,93023420,0,687807,A,S,71300,5000,
600029.SH,600029,20251209,93023420,0,626707,D,B,70500,2500,
600029.SH,600029,20251209,93023420,0,687964,A,B,70400,300,
600029.SH,600029,20251209,93023420,0,688030,A,B,70500,2700,
600029.SH,600029,20251209,93023570,0,688158,A,B,70300,100,
600029.SH,600029,20251209,93023570,0,688207,A,B,70400,100,
600029.SH,600029,20251209,93023570,0,689026,A,S,70700,14800,
600029.SH,600029,20251209,93023570,0,689046,A,B,63900,1000,
600029.SH,600029,20251209,93023570,0,689750,A,B,70400,900,
600029.SH,600029,20251209,93023770,0,690161,A,B,70100,500,
600029.SH,600029,20251209,93023770,0,690662,A,B,69700,400,
600029.SH,600029,20251209,93023770,0,690952,A,S,78100,3000,
600029.SH,600029,20251209,93023920,0,691930,A,B,70500,100,
600029.SH,600029,20251209,93023920,0,692062,A,B,70300,300,
600029.SH,600029,20251209,93023920,0,692478,A,S,70700,4200,
600029.SH,600029,20251209,93023920,0,692932,A,B,70400,300,
600029.SH,600029,20251209,93023920,0,693009,A,B,70500,800,
600029.SH,600029,20251209,93023920,0,693089,A,S,77600,5400,
600029.SH,600029,20251209,93024070,0,693526,A,B,68400,1000,
600029.SH,600029,20251209,93024120,0,694696,A,B,70400,100,
600029.SH,600029,20251209,93024120,0,694781,A,B,70600,100,
600029.SH,600029,20251209,93024120,0,695013,A,B,70600,1100,
600029.SH,600029,20251209,93024280,0,695705,A,B,70300,500,
600029.SH,600029,20251209,93024280,0,695980,A,B,70600,1600,
600029.SH,600029,20251209,93024420,0,697508,A,S,71600,100,
600029.SH,600029,20251209,93024580,0,699712,A,S,71500,2000,
600029.SH,600029,20251209,93024740,0,700290,A,B,70600,100,
600029.SH,600029,20251209,93024740,0,700834,A,S,71900,600,
600029.SH,600029,20251209,93024740,0,700909,A,S,71800,1000,
600029.SH,600029,20251209,93024740,0,701625,A,B,70600,5700,
600029.SH,600029,20251209,93024880,0,702222,A,B,70500,800,
600029.SH,600029,20251209,93024880,0,703151,A,B,70300,900,
600029.SH,600029,20251209,93025020,0,704004,A,B,70200,1000,
600029.SH,600029,20251209,93025020,0,704047,A,B,70600,100,
600029.SH,600029,20251209,93025020,0,704520,A,B,70500,5500,
600029.SH,600029,20251209,93025020,0,704933,A,B,70200,100,
600029.SH,600029,20251209,93025020,0,705003,A,S,70700,3700,
600029.SH,600029,20251209,93025020,0,705004,A,S,70700,3300,
600029.SH,600029,20251209,93025170,0,705493,A,B,70400,300,
600029.SH,600029,20251209,93025320,0,626751,D,B,70500,3100,
600029.SH,600029,20251209,93025320,0,707166,A,B,70600,200,
600029.SH,600029,20251209,93025320,0,707188,A,B,70500,300,
600029.SH,600029,20251209,93025320,0,638992,D,B,70300,400,
600029.SH,600029,20251209,93025320,0,657886,D,B,70500,2000,
600029.SH,600029,20251209,93025470,0,708215,A,B,69200,400,
600029.SH,600029,20251209,93025470,0,708223,A,B,66500,3000,
600029.SH,600029,20251209,93025470,0,635350,D,B,70500,100,
600029.SH,600029,20251209,93025470,0,708703,A,B,70400,300,
600029.SH,600029,20251209,93025470,0,708704,A,B,70400,300,
600029.SH,600029,20251209,93025670,0,711006,A,S,73500,100,
600029.SH,600029,20251209,93025670,0,711338,A,B,70600,100,
600029.SH,600029,20251209,93025830,0,627128,D,B,70500,8100,
600029.SH,600029,20251209,93025830,0,712545,A,S,71900,1500,
600029.SH,600029,20251209,93025830,0,712712,A,S,70700,4800,
600029.SH,600029,20251209,93025830,0,713381,A,B,70600,100,
600029.SH,600029,20251209,93025830,0,713416,A,B,70600,100,
600029.SH,600029,20251209,93025830,0,713421,A,B,70600,600,
600029.SH,600029,20251209,93025970,0,713654,A,B,70600,100,
600029.SH,600029,20251209,93025970,0,714095,A,B,70500,300,
600029.SH,600029,20251209,93025970,0,646623,D,B,70500,2100,
600029.SH,600029,20251209,93026170,0,715347,A,B,70500,500,
600029.SH,600029,20251209,93026170,0,715967,A,S,70700,500,
600029.SH,600029,20251209,93026170,0,716632,A,B,70400,200,
600029.SH,600029,20251209,93026320,0,717345,A,B,70500,800,
600029.SH,600029,20251209,93026320,0,717354,A,B,70500,800,
600029.SH,600029,20251209,93026470,0,650199,D,B,70300,100,
600029.SH,600029,20251209,93026670,0,720256,A,B,70500,100,
600029.SH,600029,20251209,93026670,0,720260,A,B,70500,2000,
600029.SH,600029,20251209,93026670,0,720896,A,B,70500,6000,
600029.SH,600029,20251209,93026760,0,721732,A,S,72600,1000,
600029.SH,600029,20251209,93026760,0,656686,D,B,70500,2100,
600029.SH,600029,20251209,93026760,0,657073,D,B,70500,1800,
600029.SH,600029,20251209,93026760,0,646624,D,B,70500,2100,
600029.SH,600029,20251209,93026900,0,645824,D,B,70300,100,
600029.SH,600029,20251209,93026900,0,294437,D,B,69600,2000,
600029.SH,600029,20251209,93026950,0,723008,A,B,70500,400,
600029.SH,600029,20251209,93026950,0,723063,A,B,70500,900,
600029.SH,600029,20251209,93026950,0,723065,A,B,70500,700,
600029.SH,600029,20251209,93026950,0,723096,A,B,70500,100,
600029.SH,600029,20251209,93026950,0,294563,D,S,71100,500,
600029.SH,600029,20251209,93026950,0,723472,A,B,70500,100,
600029.SH,600029,20251209,93026950,0,724111,A,B,70600,600,
600029.SH,600029,20251209,93027090,0,724375,A,B,70600,1500,
600029.SH,600029,20251209,93027090,0,724458,A,B,69500,100000,
600029.SH,600029,20251209,93027090,0,724459,A,B,70600,100,
600029.SH,600029,20251209,93027090,0,724539,A,B,70500,200,
600029.SH,600029,20251209,93027090,0,724635,A,B,70600,100,
600029.SH,600029,20251209,93027130,0,649172,D,B,70300,300,
600029.SH,600029,20251209,93027130,0,658788,D,B,70500,2100,
600029.SH,600029,20251209,93027130,0,656535,D,B,70500,2100,
600029.SH,600029,20251209,93027130,0,660152,D,B,70500,2100,
600029.SH,600029,20251209,93027130,0,657027,D,B,70500,2100,
600029.SH,600029,20251209,93027130,0,726308,A,B,70500,300,
600029.SH,600029,20251209,93027280,0,660714,D,B,70500,4800,
600029.SH,600029,20251209,93027280,0,727167,A,B,70600,600,
600029.SH,600029,20251209,93027360,0,728020,A,B,70500,800,
600029.SH,600029,20251209,93027360,0,676838,D,B,70300,200,
600029.SH,600029,20251209,93027360,0,728071,A,B,70600,300,
600029.SH,600029,20251209,93027360,0,728593,A,B,70500,1200,
600029.SH,600029,20251209,93027510,0,728986,A,B,70500,800,
600029.SH,600029,20251209,93027510,0,729419,A,B,70600,100,
600029.SH,600029,20251209,93027510,0,729490,A,S,71200,5000,
600029.SH,600029,20251209,93027650,0,295225,D,B,69000,1100,
600029.SH,600029,20251209,93027650,0,730531,A,B,70600,600,
600029.SH,600029,20251209,93027740,0,731416,A,B,70600,200,
600029.SH,600029,20251209,93027740,0,629157,D,B,70300,300,
600029.SH,600029,20251209,93027740,0,732186,A,B,70600,900,
600029.SH,600029,20251209,93027750,0,629150,D,B,70300,2000,
600029.SH,600029,20251209,93027890,0,657335,D,B,70300,100,
600029.SH,600029,20251209,93028040,0,734740,A,B,70600,100,
600029.SH,600029,20251209,93028040,0,734839,A,B,70500,300,
600029.SH,600029,20251209,93028040,0,734928,A,B,70600,200,
600029.SH,600029,20251209,93028040,0,735171,A,S,74200,5000,
600029.SH,600029,20251209,93028040,0,301855,D,B,69900,81300,
600029.SH,600029,20251209,93028040,0,656740,D,B,70500,2000,
600029.SH,600029,20251209,93028190,0,736745,A,S,78000,19000,
600029.SH,600029,20251209,93028190,0,736854,A,B,70600,1800,
600029.SH,600029,20251209,93028200,0,645769,D,B,70500,300,
600029.SH,600029,20251209,93028200,0,737491,A,B,70400,100,
600029.SH,600029,20251209,93028340,0,737632,A,B,70600,100,
600029.SH,600029,20251209,93028340,0,737634,A,B,70500,400,
600029.SH,600029,20251209,93028340,0,737671,A,S,74000,900,
600029.SH,600029,20251209,93028340,0,688030,D,B,70500,2700,
600029.SH,600029,20251209,93028340,0,738783,A,S,70700,100,
600029.SH,600029,20251209,93028340,0,738785,A,S,70700,700,
600029.SH,600029,20251209,93028340,0,738792,A,S,70700,2000,
600029.SH,600029,20251209,93028340,0,738794,A,S,70700,1000,
600029.SH,600029,20251209,93028500,0,740618,A,B,70500,700,
600029.SH,600029,20251209,93028630,0,741085,A,B,69900,1700,
600029.SH,600029,20251209,93028630,0,671081,D,B,70300,100,
600029.SH,600029,20251209,93028630,0,741345,A,B,70600,1300,
600029.SH,600029,20251209,93028780,0,641849,D,B,70300,500,
600029.SH,600029,20251209,93028780,0,742677,A,B,70500,600,
600029.SH,600029,20251209,93028780,0,742884,A,B,70500,200,
600029.SH,600029,20251209,93028860,0,743750,A,B,70600,500,
600029.SH,600029,20251209,93028970,0,744657,A,S,78100,300,
600029.SH,600029,20251209,93028970,0,744840,A,B,70400,300,
600029.SH,600029,20251209,93028970,0,703151,D,B,70300,900,
600029.SH,600029,20251209,93029120,0,745772,A,B,70500,200,
600029.SH,600029,20251209,93029120,0,746671,A,B,69200,600,
600029.SH,600029,20251209,93029120,0,747082,A,B,70600,500,
600029.SH,600029,20251209,93029120,0,747248,A,B,70400,100,
600029.SH,600029,20251209,93029260,0,747650,A,B,70100,1400,
600029.SH,600029,20251209,93029260,0,678102,D,B,70300,400,
600029.SH,600029,20251209,93029260,0,681796,D,B,70600,200,
600029.SH,600029,20251209,93029260,0,748743,A,B,70600,1500,
600029.SH,600029,20251209,93029400,0,748956,A,S,70700,500,
600029.SH,600029,20251209,93029400,0,749167,A,B,70600,1500,
600029.SH,600029,20251209,93029470,0,749645,A,S,70700,1700,
600029.SH,600029,20251209,93029480,0,750599,A,B,70600,3000,
600029.SH,600029,20251209,93029630,0,751204,A,B,70600,100,
600029.SH,600029,20251209,93029680,0,751864,A,B,70300,100,
600029.SH,600029,20251209,93029770,0,752775,A,S,78100,1000,
600029.SH,600029,20251209,93029770,0,643885,D,B,70500,1600,
600029.SH,600029,20251209,93029910,0,754727,A,S,70700,600,
600029.SH,600029,20251209,93029910,0,656476,D,B,70500,2000,
600029.SH,600029,20251209,93029910,0,667417,D,B,70500,200,
600029.SH,600029,20251209,93029910,0,672483,D,B,70500,700,
600029.SH,600029,20251209,93029910,0,656499,D,B,70500,100,
600029.SH,600029,20251209,93029910,0,678781,D,B,70500,100,
600029.SH,600029,20251209,93029910,0,679083,D,B,70500,100,
600029.SH,600029,20251209,93029910,0,754878,A,S,71700,500,
600029.SH,600029,20251209,93029910,0,754880,A,S,70700,800,
600029.SH,600029,20251209,93030050,0,756349,A,B,70500,500,
600029.SH,600029,20251209,93030050,0,756706,A,B,70500,300,
600029.SH,600029,20251209,93030050,0,756920,A,S,72800,3000,
600029.SH,600029,20251209,93030280,0,758339,A,S,70700,500,
600029.SH,600029,20251209,93030280,0,639195,D,B,70500,100,
600029.SH,600029,20251209,93030430,0,759690,A,B,70500,200,
600029.SH,600029,20251209,93030430,0,146966,D,B,69500,5000,
600029.SH,600029,20251209,93030430,0,759725,A,B,70400,300,
600029.SH,600029,20251209,93030430,0,759906,A,S,70800,4300,
600029.SH,600029,20251209,93030430,0,760132,A,S,70700,2800,
600029.SH,600029,20251209,93030430,0,760138,A,S,70700,400,
600029.SH,600029,20251209,93030570,0,760699,A,S,70700,200,
600029.SH,600029,20251209,93030570,0,760702,A,S,70700,400,
600029.SH,600029,20251209,93030570,0,760706,A,S,70700,900,
600029.SH,600029,20251209,93030570,0,761290,A,S,70800,800,
600029.SH,600029,20251209,93030570,0,761550,A,B,70500,1400,
600029.SH,600029,20251209,93030570,0,761614,A,B,70600,200,
600029.SH,600029,20251209,93030570,0,761616,A,B,70600,1200,
600029.SH,600029,20251209,93030570,0,761780,A,B,70600,700,
600029.SH,600029,20251209,93030720,0,762595,A,S,70700,3400,
600029.SH,600029,20251209,93030720,0,762596,A,S,70700,200,
600029.SH,600029,20251209,93030720,0,762631,A,S,70700,200,
600029.SH,600029,20251209,93030720,0,762906,A,B,70300,700,
600029.SH,600029,20251209,93030720,0,763121,A,B,69200,5000,
600029.SH,600029,20251209,93030720,0,763234,A,S,71400,400,
600029.SH,600029,20251209,93030830,0,764021,A,S,70900,500,
600029.SH,600029,20251209,93030830,0,764256,A,S,70700,1700,
600029.SH,600029,20251209,93030830,0,764494,A,S,71600,6000,
600029.SH,600029,20251209,93030980,0,765358,A,S,70700,1900,
600029.SH,600029,20251209,93030980,0,765359,A,S,70700,1100,
600029.SH,600029,20251209,93030980,0,765750,A,B,70300,500,
600029.SH,600029,20251209,93031120,0,767466,A,B,70400,300,
600029.SH,600029,20251209,93031120,0,724539,D,B,70500,200,
600029.SH,600029,20251209,93031250,0,768728,A,S,71100,900,
600029.SH,600029,20251209,93031380,0,769711,A,B,70500,400,
600029.SH,600029,20251209,93031380,0,769737,A,S,70700,1100,
600029.SH,600029,20251209,93031380,0,769806,A,B,70500,100,
600029.SH,600029,20251209,93031380,0,692062,D,B,70300,300,
600029.SH,600029,20251209,93031520,0,772080,A,S,70700,3400,
600029.SH,600029,20251209,93031520,0,772222,A,B,70500,400,
600029.SH,600029,20251209,93031670,0,772513,A,B,70600,1600,
600029.SH,600029,20251209,93031670,0,626692,D,B,70500,8300,
600029.SH,600029,20251209,93031670,0,773717,A,B,70500,2000,
600029.SH,600029,20251209,93031850,0,759690,D,B,70500,200,
600029.SH,600029,20251209,93031850,0,774660,A,B,70300,300,
600029.SH,600029,20251209,93031970,0,775821,A,S,71900,1000,
600029.SH,600029,20251209,93031970,0,776116,A,B,70400,100,
600029.SH,600029,20251209,93031970,0,776604,A,B,70600,1100,
600029.SH,600029,20251209,93032160,0,777061,A,B,70300,300,
600029.SH,600029,20251209,93032160,0,645135,D,B,70500,300,
600029.SH,600029,20251209,93032160,0,777662,A,B,70600,400,
600029.SH,600029,20251209,93032300,0,660959,D,B,70400,2800,
600029.SH,600029,20251209,93032300,0,661104,D,B,70400,2100,
600029.SH,600029,20251209,93032300,0,779337,A,B,70400,500,
600029.SH,600029,20251209,93032300,0,779933,A,B,70500,600,
600029.SH,600029,20251209,93032430,0,720896,D,B,70500,6000,
600029.SH,600029,20251209,93032430,0,780670,A,B,70400,200,
600029.SH,600029,20251209,93032430,0,780958,A,B,70600,200,
600029.SH,600029,20251209,93032430,0,781062,A,S,70700,1100,
600029.SH,600029,20251209,93032430,0,781097,A,B,70600,1200,
600029.SH,600029,20251209,93032720,0,783093,A,B,70500,700,
600029.SH,600029,20251209,93032720,0,783727,A,B,70500,100,
600029.SH,600029,20251209,93032720,0,783738,A,B,70600,300,
600029.SH,600029,20251209,93032720,0,784209,A,B,70600,1400,
600029.SH,600029,20251209,93032720,0,147151,D,S,70900,10000,
600029.SH,600029,20251209,93032840,0,769806,D,B,70500,100,
600029.SH,600029,20251209,93032840,0,785316,A,B,70500,1200,
600029.SH,600029,20251209,93033100,0,787689,A,S,70700,100,
600029.SH,600029,20251209,93033250,0,788843,A,B,70500,700,
600029.SH,600029,20251209,93033250,0,789309,A,S,70700,1200,
600029.SH,600029,20251209,93033390,0,617576,D,B,70500,300,
600029.SH,600029,20251209,93033390,0,769711,D,B,70500,400,
600029.SH,600029,20251209,93033390,0,791506,A,S,70700,2400,
600029.SH,600029,20251209,93033540,0,726308,D,B,70500,300,
600029.SH,600029,20251209,93033670,0,793559,A,B,70500,300,
600029.SH,600029,20251209,93033670,0,793605,A,B,70500,100,
600029.SH,600029,20251209,93033870,0,795092,A,B,69000,3000,
600029.SH,600029,20251209,93033870,0,796166,A,B,69900,1000,
600029.SH,600029,20251209,93033870,0,796218,A,B,70600,400,
600029.SH,600029,20251209,93034020,0,796708,A,B,70600,1500,
600029.SH,600029,20251209,93034020,0,796712,A,B,70600,200,
600029.SH,600029,20251209,93034020,0,796714,A,B,70600,1600,
600029.SH,600029,20251209,93034020,0,796718,A,B,70600,2700,
600029.SH,600029,20251209,93034020,0,796838,A,B,70600,100,
600029.SH,600029,20251209,93034020,0,647539,D,B,70300,100,
600029.SH,600029,20251209,93034020,0,635624,D,B,70500,300,
600029.SH,600029,20251209,93034150,0,798014,A,B,70500,100,
600029.SH,600029,20251209,93034150,0,798123,A,B,70600,200,
600029.SH,600029,20251209,93034280,0,799642,A,S,70700,500,
600029.SH,600029,20251209,93034280,0,799786,A,B,70600,700,
600029.SH,600029,20251209,93034280,0,800072,A,B,69800,1000,
600029.SH,600029,20251209,93034280,0,800120,A,B,70600,700,
600029.SH,600029,20251209,93034430,0,800935,A,B,70500,400,
600029.SH,600029,20251209,93034430,0,798014,D,B,70500,100,
600029.SH,600029,20251209,93034580,0,723008,D,B,70500,400,
600029.SH,600029,20251209,93034580,0,803180,A,B,68000,6200,
600029.SH,600029,20251209,93034580,0,803209,A,S,78000,100,
600029.SH,600029,20251209,93034580,0,723472,D,B,70500,100,
600029.SH,600029,20251209,93034710,0,803836,A,B,70500,1800,
600029.SH,600029,20251209,93034710,0,762906,D,B,70300,700,
600029.SH,600029,20251209,93034710,0,804069,A,B,70600,600,
600029.SH,600029,20251209,93034710,0,804250,A,B,70600,700,
600029.SH,600029,20251209,93034840,0,805355,A,B,70600,200,
600029.SH,600029,20251209,93034840,0,805836,A,B,70600,700,
600029.SH,600029,20251209,93034840,0,806281,A,B,69100,1800,
600029.SH,600029,20251209,93034840,0,806463,A,S,70700,500,
600029.SH,600029,20251209,93034840,0,806469,A,S,70700,2700,
600029.SH,600029,20251209,93034990,0,806659,A,B,70500,100,
600029.SH,600029,20251209,93034990,0,807136,A,S,73800,300,
600029.SH,600029,20251209,93034990,0,807156,A,S,70700,2000,
600029.SH,600029,20251209,93034990,0,807548,A,S,70700,1500,
600029.SH,600029,20251209,93035130,0,723096,D,B,70500,100,
600029.SH,600029,20251209,93035130,0,808768,A,B,70600,800,
600029.SH,600029,20251209,93035240,0,809539,A,S,70700,600,
600029.SH,600029,20251209,93035240,0,810472,A,S,78100,100,
600029.SH,600029,20251209,93035240,0,810706,A,S,73000,300,
600029.SH,600029,20251209,93035240,0,810858,A,B,70400,300,
600029.SH,600029,20251209,93035240,0,810866,A,B,70700,18100,
600029.SH,600029,20251209,93035380,0,811438,A,B,70700,200,
600029.SH,600029,20251209,93035380,0,811532,A,B,70500,900,
600029.SH,600029,20251209,93035380,0,811626,A,B,70600,200,
600029.SH,600029,20251209,93035380,0,811629,A,B,70600,2000,
600029.SH,600029,20251209,93035490,0,783093,D,B,70500,700,
600029.SH,600029,20251209,93035490,0,812588,A,B,70700,200,
600029.SH,600029,20251209,93035490,0,812600,A,B,70500,200,
600029.SH,600029,20251209,93035620,0,813991,A,B,70500,500,
600029.SH,600029,20251209,93035620,0,814169,A,B,70500,1400,
600029.SH,600029,20251209,93035620,0,814217,A,B,70700,900,
600029.SH,600029,20251209,93035620,0,814593,A,B,70700,100,
600029.SH,600029,20251209,93035620,0,688158,D,B,70300,100,
600029.SH,600029,20251209,93035620,0,815177,A,B,70500,100,
600029.SH,600029,20251209,93035770,0,815453,A,S,73000,3000,
600029.SH,600029,20251209,93035770,0,815729,A,B,70500,1200,
600029.SH,600029,20251209,93035770,0,816226,A,B,70600,300,
600029.SH,600029,20251209,93035770,0,816404,A,B,70500,100,
600029.SH,600029,20251209,93035770,0,816481,A,B,70600,1500,
600029.SH,600029,20251209,93035770,0,816639,A,B,70600,100,
600029.SH,600029,20251209,93035910,0,817833,A,B,70700,6000,
600029.SH,600029,20251209,93035910,0,817854,A,B,70500,1400,
600029.SH,600029,20251209,93035910,0,773717,D,B,70500,2000,
600029.SH,600029,20251209,93035910,0,817995,A,B,70600,100,
600029.SH,600029,20251209,93035910,0,817996,A,B,70700,1300,
600029.SH,600029,20251209,93035910,0,818004,A,B,70600,1500,
600029.SH,600029,20251209,93035910,0,818021,A,B,70600,100,
600029.SH,600029,20251209,93035910,0,818034,A,B,70600,100,
600029.SH,600029,20251209,93035910,0,818080,A,B,70600,100,
600029.SH,600029,20251209,93035910,0,818129,A,B,70700,1100,
600029.SH,600029,20251209,93036040,0,818310,A,B,70600,2100,
600029.SH,600029,20251209,93036090,0,818455,A,B,70600,300,
600029.SH,600029,20251209,93036090,0,818531,A,B,70500,100,
600029.SH,600029,20251209,93036090,0,818660,A,B,70700,300,
600029.SH,600029,20251209,93036090,0,819608,A,B,70700,1100,
600029.SH,600029,20251209,93036090,0,819845,A,B,70300,300,
600029.SH,600029,20251209,93036210,0,819915,A,B,70600,100,
600029.SH,600029,20251209,93036210,0,821161,A,B,70600,500,
600029.SH,600029,20251209,93036330,0,821348,A,B,70500,900,
600029.SH,600029,20251209,93036330,0,821695,A,B,70400,100,
600029.SH,600029,20251209,93036330,0,822755,A,B,70600,700,
600029.SH,600029,20251209,93036460,0,822808,A,S,71700,10000,
600029.SH,600029,20251209,93036460,0,822967,A,S,71500,15000,
600029.SH,600029,20251209,93036460,0,823570,A,B,70700,400,
600029.SH,600029,20251209,93036460,0,823588,A,B,70700,800,
600029.SH,600029,20251209,93036460,0,823609,A,B,70500,300,
600029.SH,600029,20251209,93036460,0,756706,D,B,70500,300,
600029.SH,600029,20251209,93036460,0,824201,A,B,70300,100,
600029.SH,600029,20251209,93036600,0,824848,A,B,70700,100,
600029.SH,600029,20251209,93036600,0,825444,A,B,70700,600,
600029.SH,600029,20251209,93036600,0,825656,A,S,72000,300,
600029.SH,600029,20251209,93036730,0,751864,D,B,70300,100,
600029.SH,600029,20251209,93036730,0,826639,A,B,70700,300,
600029.SH,600029,20251209,93036870,0,827853,A,B,70600,1600,
600029.SH,600029,20251209,93036870,0,827854,A,B,70600,100,
600029.SH,600029,20251209,93036870,0,827979,A,B,70600,100,
600029.SH,600029,20251209,93037130,0,830332,A,B,70400,100,
600029.SH,600029,20251209,93037130,0,830682,A,B,70700,700,
600029.SH,600029,20251209,93037280,0,823609,D,B,70500,300,
600029.SH,600029,20251209,93037280,0,831962,A,B,70600,100,
600029.SH,600029,20251209,93037280,0,832080,A,B,70600,1500,
600029.SH,600029,20251209,93037280,0,832122,A,B,70600,300,
600029.SH,600029,20251209,93037280,0,832215,A,B,70500,100,
600029.SH,600029,20251209,93037280,0,832216,A,B,70700,1200,
600029.SH,600029,20251209,93037560,0,834851,A,B,70600,500,
600029.SH,600029,20251209,93037560,0,835162,A,B,70500,1500,
600029.SH,600029,20251209,93037560,0,835272,A,B,70500,200,
600029.SH,600029,20251209,93037710,0,836046,A,B,70600,100,
600029.SH,600029,20251209,93037710,0,824201,D,B,70300,100,
600029.SH,600029,20251209,93037830,0,838729,A,B,70500,300,
600029.SH,600029,20251209,93037950,0,759906,D,S,70800,4300,
600029.SH,600029,20251209,93037950,0,803836,D,B,70500,1800,
600029.SH,600029,20251209,93038120,0,626695,D,B,70400,600,
600029.SH,600029,20251209,93038120,0,694696,D,B,70400,100,
600029.SH,600029,20251209,93038120,0,659099,D,B,70400,100,
600029.SH,600029,20251209,93038120,0,707188,D,B,70500,300,
600029.SH,600029,20251209,93038120,0,740618,D,B,70500,700,
600029.SH,600029,20251209,93038120,0,841676,A,B,70600,2800,
600029.SH,600029,20251209,93038120,0,841846,A,B,68600,2000,
600029.SH,600029,20251209,93038260,0,811438,D,B,70700,200,
600029.SH,600029,20251209,93038420,0,830332,D,B,70400,100,
600029.SH,600029,20251209,93038420,0,843830,A,B,70600,3900,
600029.SH,600029,20251209,93038420,0,844027,A,B,69800,8000,
600029.SH,600029,20251209,93038420,0,783727,D,B,70500,100,
600029.SH,600029,20251209,93038420,0,844400,A,B,70700,100,
600029.SH,600029,20251209,93038540,0,756349,D,B,70500,500,
600029.SH,600029,20251209,93038680,0,846780,A,B,70700,400,
600029.SH,600029,20251209,93038680,0,847516,A,B,70700,100,
600029.SH,600029,20251209,93038680,0,847894,A,B,70700,400,
600029.SH,600029,20251209,93038820,0,847967,A,B,70600,100,
600029.SH,600029,20251209,93038820,0,779933,D,B,70500,600,
600029.SH,600029,20251209,93038820,0,793559,D,B,70500,300,
600029.SH,600029,20251209,93038820,0,848737,A,B,70600,100,
600029.SH,600029,20251209,93038820,0,818455,D,B,70600,300,
600029.SH,600029,20251209,93038940,0,761614,D,B,70600,200,
600029.SH,600029,20251209,93038940,0,761616,D,B,70600,1200,
600029.SH,600029,20251209,93038940,0,832216,D,B,70700,1200,
600029.SH,600029,20251209,93039060,0,851898,A,B,70600,900,
600029.SH,600029,20251209,93039200,0,853249,A,B,70600,700,
600029.SH,600029,20251209,93039200,0,745772,D,B,70500,200,
600029.SH,600029,20251209,93039200,0,819845,D,B,70300,300,
600029.SH,600029,20251209,93039330,0,854877,A,B,70600,5200,
600029.SH,600029,20251209,93039330,0,855191,A,B,70500,1300,
600029.SH,600029,20251209,93039330,0,855193,A,B,70500,1100,
600029.SH,600029,20251209,93039330,0,855269,A,B,70500,1100,
600029.SH,600029,20251209,93039630,0,856890,A,B,70600,3300,
600029.SH,600029,20251209,93039630,0,835162,D,B,70500,1500,
600029.SH,600029,20251209,93039780,0,859700,A,B,70700,100,
600029.SH,600029,20251209,93039780,0,859720,A,B,70600,100,
600029.SH,600029,20251209,93040060,0,816404,D,B,70500,100,
600029.SH,600029,20251209,93040060,0,800935,D,B,70500,400,
600029.SH,600029,20251209,93040340,0,832215,D,B,70500,100,
600029.SH,600029,20251209,93040340,0,772222,D,B,70500,400,
600029.SH,600029,20251209,93040340,0,862293,A,B,70700,400,
600029.SH,600029,20251209,93040490,0,864014,A,B,70700,1800,
600029.SH,600029,20251209,93040490,0,864148,A,B,70700,1100,
600029.SH,600029,20251209,93040490,0,864162,A,B,70700,100,
600029.SH,600029,20251209,93040490,0,864166,A,B,70700,100,
600029.SH,600029,20251209,93040490,0,864177,A,B,70700,1100,
600029.SH,600029,20251209,93040490,0,864179,A,B,70700,1400,
600029.SH,600029,20251209,93040490,0,864402,A,B,70600,1500,
600029.SH,600029,20251209,93040490,0,656747,D,B,70400,100,
600029.SH,600029,20251209,93040490,0,835272,D,B,70500,200,
600029.SH,600029,20251209,93040620,0,403536,D,S,72400,6500,
600029.SH,600029,20251209,93040620,0,866445,A,S,70800,800,
600029.SH,600029,20251209,93040620,0,844400,D,B,70700,100,
600029.SH,600029,20251209,93040750,0,867558,A,B,70700,1400,
600029.SH,600029,20251209,93041020,0,868004,A,S,70800,900,
600029.SH,600029,20251209,93041080,0,838729,D,B,70500,300,
600029.SH,600029,20251209,93041140,0,804069,D,B,70600,600,
600029.SH,600029,20251209,93041140,0,804250,D,B,70600,700,
600029.SH,600029,20251209,93041140,0,869674,A,B,70600,400,
600029.SH,600029,20251209,93041140,0,870063,A,B,70500,2300,
600029.SH,600029,20251209,93041240,0,870244,A,B,70500,900,
600029.SH,600029,20251209,93041240,0,870245,A,B,70500,100,
600029.SH,600029,20251209,93041240,0,870262,A,B,70500,7400,
600029.SH,600029,20251209,93041240,0,673831,D,B,70500,10300,
600029.SH,600029,20251209,93041570,0,872001,A,S,70800,2100,
600029.SH,600029,20251209,93041600,0,873195,A,B,70600,100,
600029.SH,600029,20251209,93041710,0,817854,D,B,70500,1400,
600029.SH,600029,20251209,93041900,0,874919,A,S,70900,800,
600029.SH,600029,20251209,93041900,0,874922,A,S,71100,800,
600029.SH,600029,20251209,93041990,0,847516,D,B,70700,100,
600029.SH,600029,20251209,93042330,0,877928,A,B,70700,100,
600029.SH,600029,20251209,93042360,0,878473,A,B,70600,600,
600029.SH,600029,20251209,93042580,0,879789,A,S,72100,3900,
600029.SH,600029,20251209,93042660,0,870244,D,B,70500,900,
600029.SH,600029,20251209,93042680,0,337544,D,S,71200,10000,
600029.SH,600029,20251209,93042680,0,880434,A,B,70600,400,
600029.SH,600029,20251209,93042930,0,881745,A,B,70600,300,
600029.SH,600029,20251209,93043290,0,883931,A,B,70700,700,
600029.SH,600029,20251209,93043310,0,884281,A,B,70700,100,
600029.SH,600029,20251209,93043430,0,600666,D,B,70500,900,
600029.SH,600029,20251209,93043430,0,624636,D,B,70500,1100,
600029.SH,600029,20251209,93043490,0,884982,A,B,70500,400,
600029.SH,600029,20251209,93043550,0,613062,D,B,70500,5500,
600029.SH,600029,20251209,93043860,0,887583,A,B,70700,100,
600029.SH,600029,20251209,93044240,0,889844,A,S,70800,4300,
600029.SH,600029,20251209,93044390,0,884982,D,B,70500,400,
600029.SH,600029,20251209,93044830,0,893232,A,B,70700,19800,
600029.SH,600029,20251209,93044900,0,893557,A,B,70700,1000,
600029.SH,600029,20251209,93045150,0,894754,A,S,70900,10000,
600029.SH,600029,20251209,93045320,0,895926,A,B,70600,200,
600029.SH,600029,20251209,93045390,0,896239,A,S,78000,4400,
600029.SH,600029,20251209,93045470,0,896819,A,B,70700,100,
600029.SH,600029,20251209,93046170,0,900823,A,B,70600,300,
