万得代码,交易所代码,自然日,时间,成交价,成交量,成交额,成交笔数,IOPV,成交标志,BS标志,当日累计成交量,当日成交额,最高价,最低价,开盘价,前收盘,申卖价1,申卖价2,申卖价3,申卖价4,申卖价5,申卖价6,申卖价7,申卖价8,申卖价9,申卖价10,申卖量1,申卖量2,申卖量3,申卖量4,申卖量5,申卖量6,申卖量7,申卖量8,申卖量9,申卖量10,申买价1,申买价2,申买价3,申买价4,申买价5,申买价6,申买价7,申买价8,申买价9,申买价10,申买量1,申买量2,申买量3,申买量4,申买量5,申买量6,申买量7,申买量8,申买量9,申买量10,加权平均叫卖价,加权平均叫买价,叫卖总量,叫买总量,不加权指数,品种总数,上涨品种数,下跌品种数,持平品种数,
600023.SH,600023,20251209,84518000,0,0,0,0,0,,,0,0,0,0,0,51200,0,0,0,0,0,0,0,0,0,0,0,0,0,0,0,0,0,0,0,0,0,0,0,0,0,0,0,0,0,0,0,0,0,0,0,0,0,0,0,0,0,0,0,0,0,0,0,0,0,
600023.SH,600023,20251209,91403000,0,0,0,0,0,,,0,0,0,0,0,51200,0,0,0,0,0,0,0,0,0,0,0,0,0,0,0,0,0,0,0,0,0,0,0,0,0,0,0,0,0,0,0,0,0,0,0,0,0,0,0,0,0,0,0,0,0,0,0,0,0,
600023.SH,600023,20251209,91500000,0,0,0,0,0,,,0,0,0,0,0,51200,0,0,0,0,0,0,0,0,0,0,0,0,0,0,0,0,0,0,0,0,0,0,0,0,0,0,0,0,0,0,0,0,0,0,0,0,0,0,0,0,51710,50700,537800,5000,0,0,0,0,0,
600023.SH,600023,20251209,91503000,0,0,0,0,0,,,0,0,0,0,0,51200,51100,0,0,0,0,0,0,0,0,0,5900,0,0,0,0,0,0,0,0,0,51100,0,0,0,0,0,0,0,0,0,5900,4600,0,0,0,0,0,0,0,0,52670,50160,1338600,215100,0,0,0,0,0,
600023.SH,600023,20251209,91506000,0,0,0,0,0,,,0,0,0,0,0,51200,51100,0,0,0,0,0,0,0,0,0,5900,0,0,0,0,0,0,0,0,0,51100,0,0,0,0,0,0,0,0,0,5900,52900,0,0,0,0,0,0,0,0,53050,50390,2638900,596300,0,0,0,0,0,
600023.SH,600023,20251209,91509000,0,0,0,0,0,,,0,0,0,0,0,51200,51400,0,0,0,0,0,0,0,0,0,39100,29300,0,0,0,0,0,0,0,0,51400,0,0,0,0,0,0,0,0,0,39100,0,0,0,0,0,0,0,0,0,53060,50650,3848200,1683400,0,0,0,0,0,
600023.SH,600023,20251209,91512000,0,0,0,0,0,,,0,0,0,0,0,51200,51300,0,0,0,0,0,0,0,0,0,39500,7500,0,0,0,0,0,0,0,0,51300,0,0,0,0,0,0,0,0,0,39500,0,0,0,0,0,0,0,0,0,53040,50610,4441100,1906500,0,0,0,0,0,
600023.SH,600023,20251209,91515000,0,0,0,0,0,,,0,0,0,0,0,51200,51300,0,0,0,0,0,0,0,0,0,39500,8200,0,0,0,0,0,0,0,0,51300,0,0,0,0,0,0,0,0,0,39500,0,0,0,0,0,0,0,0,0,53100,50510,5248900,2430000,0,0,0,0,0,
600023.SH,600023,20251209,91518000,0,0,0,0,0,,,0,0,0,0,0,51200,51200,0,0,0,0,0,0,0,0,0,48100,1000,0,0,0,0,0,0,0,0,51200,0,0,0,0,0,0,0,0,0,48100,0,0,0,0,0,0,0,0,0,53480,50450,6560000,4383500,0,0,0,0,0,
600023.SH,600023,20251209,91521000,0,0,0,0,0,,,0,0,0,0,0,51200,51200,0,0,0,0,0,0,0,0,0,49500,0,0,0,0,0,0,0,0,0,51200,0,0,0,0,0,0,0,0,0,49500,1500,0,0,0,0,0,0,0,0,53470,50460,7210100,4565500,0,0,0,0,0,
600023.SH,600023,20251209,91524000,0,0,0,0,0,,,0,0,0,0,0,51200,51200,0,0,0,0,0,0,0,0,0,49500,0,0,0,0,0,0,0,0,0,51200,0,0,0,0,0,0,0,0,0,49500,1800,0,0,0,0,0,0,0,0,53460,50450,7285400,4691700,0,0,0,0,0,
600023.SH,600023,20251209,91527000,0,0,0,0,0,,,0,0,0,0,0,51200,51300,0,0,0,0,0,0,0,0,0,42300,12800,0,0,0,0,0,0,0,0,51300,0,0,0,0,0,0,0,0,0,42300,0,0,0,0,0,0,0,0,0,53480,50450,7268700,4692200,0,0,0,0,0,
600023.SH,600023,20251209,91530000,0,0,0,0,0,,,0,0,0,0,0,51200,51300,0,0,0,0,0,0,0,0,0,42300,22800,0,0,0,0,0,0,0,0,51300,0,0,0,0,0,0,0,0,0,42300,0,0,0,0,0,0,0,0,0,53480,50450,7278700,4692200,0,0,0,0,0,
600023.SH,600023,20251209,91533000,0,0,0,0,0,,,0,0,0,0,0,51200,51300,0,0,0,0,0,0,0,0,0,42300,23100,0,0,0,0,0,0,0,0,51300,0,0,0,0,0,0,0,0,0,42300,0,0,0,0,0,0,0,0,0,53480,50450,7289200,4692400,0,0,0,0,0,
600023.SH,600023,20251209,91536000,0,0,0,0,0,,,0,0,0,0,0,51200,51300,0,0,0,0,0,0,0,0,0,62400,3000,0,0,0,0,0,0,0,0,51300,0,0,0,0,0,0,0,0,0,62400,0,0,0,0,0,0,0,0,0,53480,50460,7301400,4714900,0,0,0,0,0,
600023.SH,600023,20251209,91539000,0,0,0,0,0,,,0,0,0,0,0,51200,51300,0,0,0,0,0,0,0,0,0,62400,3000,0,0,0,0,0,0,0,0,51300,0,0,0,0,0,0,0,0,0,62400,0,0,0,0,0,0,0,0,0,53480,50460,7302600,4716100,0,0,0,0,0,
600023.SH,600023,20251209,91542000,0,0,0,0,0,,,0,0,0,0,0,51200,51300,0,0,0,0,0,0,0,0,0,62400,3000,0,0,0,0,0,0,0,0,51300,0,0,0,0,0,0,0,0,0,62400,0,0,0,0,0,0,0,0,0,53480,50460,7302600,4717100,0,0,0,0,0,
600023.SH,600023,20251209,91545000,0,0,0,0,0,,,0,0,0,0,0,51200,51300,0,0,0,0,0,0,0,0,0,62400,3000,0,0,0,0,0,0,0,0,51300,0,0,0,0,0,0,0,0,0,62400,0,0,0,0,0,0,0,0,0,53470,50460,7313700,4728300,0,0,0,0,0,
600023.SH,600023,20251209,91548000,0,0,0,0,0,,,0,0,0,0,0,51200,51300,0,0,0,0,0,0,0,0,0,62400,4400,0,0,0,0,0,0,0,0,51300,0,0,0,0,0,0,0,0,0,62400,0,0,0,0,0,0,0,0,0,53470,50460,7315200,4733400,0,0,0,0,0,
600023.SH,600023,20251209,91551000,0,0,0,0,0,,,0,0,0,0,0,51200,51300,0,0,0,0,0,0,0,0,0,62400,4400,0,0,0,0,0,0,0,0,51300,0,0,0,0,0,0,0,0,0,62400,0,0,0,0,0,0,0,0,0,53470,50460,7328200,4747200,0,0,0,0,0,
600023.SH,600023,20251209,91554000,0,0,0,0,0,,,0,0,0,0,0,51200,51300,0,0,0,0,0,0,0,0,0,66800,0,0,0,0,0,0,0,0,0,51300,0,0,0,0,0,0,0,0,0,66800,98300,0,0,0,0,0,0,0,0,53470,50480,7338800,4860100,0,0,0,0,0,
600023.SH,600023,20251209,91557000,0,0,0,0,0,,,0,0,0,0,0,51200,51300,0,0,0,0,0,0,0,0,0,66800,0,0,0,0,0,0,0,0,0,51300,0,0,0,0,0,0,0,0,0,66800,97300,0,0,0,0,0,0,0,0,53470,50470,7354500,4874800,0,0,0,0,0,
600023.SH,600023,20251209,91600000,0,0,0,0,0,,,0,0,0,0,0,51200,51300,0,0,0,0,0,0,0,0,0,66800,0,0,0,0,0,0,0,0,0,51300,0,0,0,0,0,0,0,0,0,66800,97300,0,0,0,0,0,0,0,0,53470,50470,7355000,4935300,0,0,0,0,0,
600023.SH,600023,20251209,91603000,0,0,0,0,0,,,0,0,0,0,0,51200,51300,0,0,0,0,0,0,0,0,0,66800,0,0,0,0,0,0,0,0,0,51300,0,0,0,0,0,0,0,0,0,66800,97300,0,0,0,0,0,0,0,0,53470,50470,7369000,4958300,0,0,0,0,0,
600023.SH,600023,20251209,91606000,0,0,0,0,0,,,0,0,0,0,0,51200,51300,0,0,0,0,0,0,0,0,0,66800,0,0,0,0,0,0,0,0,0,51300,0,0,0,0,0,0,0,0,0,66800,97300,0,0,0,0,0,0,0,0,53470,50470,7369200,4963600,0,0,0,0,0,
600023.SH,600023,20251209,91612000,0,0,0,0,0,,,0,0,0,0,0,51200,51300,0,0,0,0,0,0,0,0,0,66800,0,0,0,0,0,0,0,0,0,51300,0,0,0,0,0,0,0,0,0,66800,99200,0,0,0,0,0,0,0,0,53470,50470,7369200,4965500,0,0,0,0,0,
600023.SH,600023,20251209,91615000,0,0,0,0,0,,,0,0,0,0,0,51200,51300,0,0,0,0,0,0,0,0,0,66800,0,0,0,0,0,0,0,0,0,51300,0,0,0,0,0,0,0,0,0,66800,99200,0,0,0,0,0,0,0,0,53470,50470,7369200,4975500,0,0,0,0,0,
600023.SH,600023,20251209,91618000,0,0,0,0,0,,,0,0,0,0,0,51200,51300,0,0,0,0,0,0,0,0,0,66800,0,0,0,0,0,0,0,0,0,51300,0,0,0,0,0,0,0,0,0,66800,99200,0,0,0,0,0,0,0,0,53460,50470,7374500,4980500,0,0,0,0,0,
600023.SH,600023,20251209,91621000,0,0,0,0,0,,,0,0,0,0,0,51200,51300,0,0,0,0,0,0,0,0,0,63300,3500,0,0,0,0,0,0,0,0,51300,0,0,0,0,0,0,0,0,0,63300,0,0,0,0,0,0,0,0,0,53460,50450,7374500,4877800,0,0,0,0,0,
600023.SH,600023,20251209,91627000,0,0,0,0,0,,,0,0,0,0,0,51200,51300,0,0,0,0,0,0,0,0,0,63300,3500,0,0,0,0,0,0,0,0,51300,0,0,0,0,0,0,0,0,0,63300,0,0,0,0,0,0,0,0,0,53460,50450,7374500,4880800,0,0,0,0,0,
600023.SH,600023,20251209,91630000,0,0,0,0,0,,,0,0,0,0,0,51200,51300,0,0,0,0,0,0,0,0,0,63300,3500,0,0,0,0,0,0,0,0,51300,0,0,0,0,0,0,0,0,0,63300,0,0,0,0,0,0,0,0,0,53460,50450,7375500,4880800,0,0,0,0,0,
600023.SH,600023,20251209,91636000,0,0,0,0,0,,,0,0,0,0,0,51200,51300,0,0,0,0,0,0,0,0,0,63300,3500,0,0,0,0,0,0,0,0,51300,0,0,0,0,0,0,0,0,0,63300,0,0,0,0,0,0,0,0,0,53460,50450,7378500,4880800,0,0,0,0,0,
600023.SH,600023,20251209,91645000,0,0,0,0,0,,,0,0,0,0,0,51200,51300,0,0,0,0,0,0,0,0,0,63300,3500,0,0,0,0,0,0,0,0,51300,0,0,0,0,0,0,0,0,0,63300,0,0,0,0,0,0,0,0,0,53460,50450,7378500,4882800,0,0,0,0,0,
600023.SH,600023,20251209,91651000,0,0,0,0,0,,,0,0,0,0,0,51200,51300,0,0,0,0,0,0,0,0,0,63300,3500,0,0,0,0,0,0,0,0,51300,0,0,0,0,0,0,0,0,0,63300,0,0,0,0,0,0,0,0,0,53460,50450,7378500,4883800,0,0,0,0,0,
600023.SH,600023,20251209,91654000,0,0,0,0,0,,,0,0,0,0,0,51200,51300,0,0,0,0,0,0,0,0,0,63300,3500,0,0,0,0,0,0,0,0,51300,0,0,0,0,0,0,0,0,0,63300,0,0,0,0,0,0,0,0,0,53460,50460,7392600,4890800,0,0,0,0,0,
600023.SH,600023,20251209,91703000,0,0,0,0,0,,,0,0,0,0,0,51200,51300,0,0,0,0,0,0,0,0,0,63300,3500,0,0,0,0,0,0,0,0,51300,0,0,0,0,0,0,0,0,0,63300,0,0,0,0,0,0,0,0,0,53450,50460,7427900,4892800,0,0,0,0,0,
600023.SH,600023,20251209,91709000,0,0,0,0,0,,,0,0,0,0,0,51200,51300,0,0,0,0,0,0,0,0,0,63300,3500,0,0,0,0,0,0,0,0,51300,0,0,0,0,0,0,0,0,0,63300,0,0,0,0,0,0,0,0,0,53450,50460,7427900,4894800,0,0,0,0,0,
600023.SH,600023,20251209,91712000,0,0,0,0,0,,,0,0,0,0,0,51200,51300,0,0,0,0,0,0,0,0,0,63300,3500,0,0,0,0,0,0,0,0,51300,0,0,0,0,0,0,0,0,0,63300,0,0,0,0,0,0,0,0,0,53450,50460,7431400,4894800,0,0,0,0,0,
600023.SH,600023,20251209,91718000,0,0,0,0,0,,,0,0,0,0,0,51200,51300,0,0,0,0,0,0,0,0,0,63300,3500,0,0,0,0,0,0,0,0,51300,0,0,0,0,0,0,0,0,0,63300,0,0,0,0,0,0,0,0,0,53440,50460,7489200,4894800,0,0,0,0,0,
600023.SH,600023,20251209,91721000,0,0,0,0,0,,,0,0,0,0,0,51200,51300,0,0,0,0,0,0,0,0,0,63300,4100,0,0,0,0,0,0,0,0,51300,0,0,0,0,0,0,0,0,0,63300,0,0,0,0,0,0,0,0,0,53440,50460,7489800,4894800,0,0,0,0,0,
600023.SH,600023,20251209,91724000,0,0,0,0,0,,,0,0,0,0,0,51200,51300,0,0,0,0,0,0,0,0,0,63300,4100,0,0,0,0,0,0,0,0,51300,0,0,0,0,0,0,0,0,0,63300,0,0,0,0,0,0,0,0,0,53440,50460,7490800,4894800,0,0,0,0,0,
600023.SH,600023,20251209,91727000,0,0,0,0,0,,,0,0,0,0,0,51200,51300,0,0,0,0,0,0,0,0,0,63300,4100,0,0,0,0,0,0,0,0,51300,0,0,0,0,0,0,0,0,0,63300,0,0,0,0,0,0,0,0,0,53440,50460,7499600,4894800,0,0,0,0,0,
600023.SH,600023,20251209,91730000,0,0,0,0,0,,,0,0,0,0,0,51200,51300,0,0,0,0,0,0,0,0,0,63300,4100,0,0,0,0,0,0,0,0,51300,0,0,0,0,0,0,0,0,0,63300,0,0,0,0,0,0,0,0,0,53430,50460,7501900,4894800,0,0,0,0,0,
600023.SH,600023,20251209,91733000,0,0,0,0,0,,,0,0,0,0,0,51200,51300,0,0,0,0,0,0,0,0,0,63300,4100,0,0,0,0,0,0,0,0,51300,0,0,0,0,0,0,0,0,0,63300,0,0,0,0,0,0,0,0,0,53430,50460,7505900,4894800,0,0,0,0,0,
600023.SH,600023,20251209,91739000,0,0,0,0,0,,,0,0,0,0,0,51200,51300,0,0,0,0,0,0,0,0,0,63300,4100,0,0,0,0,0,0,0,0,51300,0,0,0,0,0,0,0,0,0,63300,0,0,0,0,0,0,0,0,0,53430,50460,7521900,4925200,0,0,0,0,0,
600023.SH,600023,20251209,91742000,0,0,0,0,0,,,0,0,0,0,0,51200,51300,0,0,0,0,0,0,0,0,0,63300,5100,0,0,0,0,0,0,0,0,51300,0,0,0,0,0,0,0,0,0,63300,0,0,0,0,0,0,0,0,0,53430,50460,7522900,4927200,0,0,0,0,0,
600023.SH,600023,20251209,91745000,0,0,0,0,0,,,0,0,0,0,0,51200,51300,0,0,0,0,0,0,0,0,0,63300,5100,0,0,0,0,0,0,0,0,51300,0,0,0,0,0,0,0,0,0,63300,0,0,0,0,0,0,0,0,0,53440,50460,7527600,4957200,0,0,0,0,0,
600023.SH,600023,20251209,91748000,0,0,0,0,0,,,0,0,0,0,0,51200,51300,0,0,0,0,0,0,0,0,0,63300,5100,0,0,0,0,0,0,0,0,51300,0,0,0,0,0,0,0,0,0,63300,0,0,0,0,0,0,0,0,0,53440,50460,7529600,4958200,0,0,0,0,0,
600023.SH,600023,20251209,91751000,0,0,0,0,0,,,0,0,0,0,0,51200,51300,0,0,0,0,0,0,0,0,0,64100,4300,0,0,0,0,0,0,0,0,51300,0,0,0,0,0,0,0,0,0,64100,0,0,0,0,0,0,0,0,0,53440,50460,7529600,4961000,0,0,0,0,0,
600023.SH,600023,20251209,91754000,0,0,0,0,0,,,0,0,0,0,0,51200,51300,0,0,0,0,0,0,0,0,0,64100,4300,0,0,0,0,0,0,0,0,51300,0,0,0,0,0,0,0,0,0,64100,0,0,0,0,0,0,0,0,0,53430,50460,7553300,4961000,0,0,0,0,0,
600023.SH,600023,20251209,91757000,0,0,0,0,0,,,0,0,0,0,0,51200,51300,0,0,0,0,0,0,0,0,0,64100,4300,0,0,0,0,0,0,0,0,51300,0,0,0,0,0,0,0,0,0,64100,0,0,0,0,0,0,0,0,0,53430,50460,7546300,4993500,0,0,0,0,0,
600023.SH,600023,20251209,91800000,0,0,0,0,0,,,0,0,0,0,0,51200,51300,0,0,0,0,0,0,0,0,0,64100,4300,0,0,0,0,0,0,0,0,51300,0,0,0,0,0,0,0,0,0,64100,0,0,0,0,0,0,0,0,0,53430,50460,7548300,4995500,0,0,0,0,0,
600023.SH,600023,20251209,91803000,0,0,0,0,0,,,0,0,0,0,0,51200,51300,0,0,0,0,0,0,0,0,0,64100,4300,0,0,0,0,0,0,0,0,51300,0,0,0,0,0,0,0,0,0,64100,0,0,0,0,0,0,0,0,0,53430,50460,7548300,4996200,0,0,0,0,0,
600023.SH,600023,20251209,91806000,0,0,0,0,0,,,0,0,0,0,0,51200,51300,0,0,0,0,0,0,0,0,0,64100,4300,0,0,0,0,0,0,0,0,51300,0,0,0,0,0,0,0,0,0,64100,0,0,0,0,0,0,0,0,0,53430,50460,7549300,4996700,0,0,0,0,0,
600023.SH,600023,20251209,91812000,0,0,0,0,0,,,0,0,0,0,0,51200,51300,0,0,0,0,0,0,0,0,0,64100,4300,0,0,0,0,0,0,0,0,51300,0,0,0,0,0,0,0,0,0,64100,0,0,0,0,0,0,0,0,0,53430,50460,7560300,4996700,0,0,0,0,0,
600023.SH,600023,20251209,91815000,0,0,0,0,0,,,0,0,0,0,0,51200,51300,0,0,0,0,0,0,0,0,0,64100,4300,0,0,0,0,0,0,0,0,51300,0,0,0,0,0,0,0,0,0,64100,0,0,0,0,0,0,0,0,0,53430,50460,7600900,4996700,0,0,0,0,0,
600023.SH,600023,20251209,91818000,0,0,0,0,0,,,0,0,0,0,0,51200,51300,0,0,0,0,0,0,0,0,0,64100,4300,0,0,0,0,0,0,0,0,51300,0,0,0,0,0,0,0,0,0,64100,0,0,0,0,0,0,0,0,0,53430,50460,7600900,4993700,0,0,0,0,0,
600023.SH,600023,20251209,91821000,0,0,0,0,0,,,0,0,0,0,0,51200,51300,0,0,0,0,0,0,0,0,0,64100,4300,0,0,0,0,0,0,0,0,51300,0,0,0,0,0,0,0,0,0,64100,0,0,0,0,0,0,0,0,0,53430,50460,7601700,4993700,0,0,0,0,0,
600023.SH,600023,20251209,91824000,0,0,0,0,0,,,0,0,0,0,0,51200,51300,0,0,0,0,0,0,0,0,0,64100,4300,0,0,0,0,0,0,0,0,51300,0,0,0,0,0,0,0,0,0,64100,0,0,0,0,0,0,0,0,0,53430,50460,7623600,4994700,0,0,0,0,0,
600023.SH,600023,20251209,91827000,0,0,0,0,0,,,0,0,0,0,0,51200,51300,0,0,0,0,0,0,0,0,0,64100,4300,0,0,0,0,0,0,0,0,51300,0,0,0,0,0,0,0,0,0,64100,0,0,0,0,0,0,0,0,0,53430,50460,7633900,5005700,0,0,0,0,0,
600023.SH,600023,20251209,91830000,0,0,0,0,0,,,0,0,0,0,0,51200,51300,0,0,0,0,0,0,0,0,0,64100,4300,0,0,0,0,0,0,0,0,51300,0,0,0,0,0,0,0,0,0,64100,0,0,0,0,0,0,0,0,0,53410,50460,7738400,5012700,0,0,0,0,0,
600023.SH,600023,20251209,91833000,0,0,0,0,0,,,0,0,0,0,0,51200,51300,0,0,0,0,0,0,0,0,0,64100,4300,0,0,0,0,0,0,0,0,51300,0,0,0,0,0,0,0,0,0,64100,0,0,0,0,0,0,0,0,0,53410,50460,7739400,5017700,0,0,0,0,0,
600023.SH,600023,20251209,91839000,0,0,0,0,0,,,0,0,0,0,0,51200,51300,0,0,0,0,0,0,0,0,0,64100,4300,0,0,0,0,0,0,0,0,51300,0,0,0,0,0,0,0,0,0,64100,0,0,0,0,0,0,0,0,0,53400,50460,7750400,5018700,0,0,0,0,0,
600023.SH,600023,20251209,91845000,0,0,0,0,0,,,0,0,0,0,0,51200,51300,0,0,0,0,0,0,0,0,0,64100,4300,0,0,0,0,0,0,0,0,51300,0,0,0,0,0,0,0,0,0,64100,0,0,0,0,0,0,0,0,0,53410,50460,7756500,5021700,0,0,0,0,0,
600023.SH,600023,20251209,91848000,0,0,0,0,0,,,0,0,0,0,0,51200,51300,0,0,0,0,0,0,0,0,0,64100,4300,0,0,0,0,0,0,0,0,51300,0,0,0,0,0,0,0,0,0,64100,0,0,0,0,0,0,0,0,0,53410,50460,7760000,5021700,0,0,0,0,0,
600023.SH,600023,20251209,91851000,0,0,0,0,0,,,0,0,0,0,0,51200,51300,0,0,0,0,0,0,0,0,0,64100,4300,0,0,0,0,0,0,0,0,51300,0,0,0,0,0,0,0,0,0,64100,0,0,0,0,0,0,0,0,0,53410,50460,7760000,5031700,0,0,0,0,0,
600023.SH,600023,20251209,91854000,0,0,0,0,0,,,0,0,0,0,0,51200,51300,0,0,0,0,0,0,0,0,0,64100,4300,0,0,0,0,0,0,0,0,51300,0,0,0,0,0,0,0,0,0,64100,0,0,0,0,0,0,0,0,0,53400,50460,7780000,5031700,0,0,0,0,0,
600023.SH,600023,20251209,91857000,0,0,0,0,0,,,0,0,0,0,0,51200,51300,0,0,0,0,0,0,0,0,0,64100,4300,0,0,0,0,0,0,0,0,51300,0,0,0,0,0,0,0,0,0,64100,0,0,0,0,0,0,0,0,0,53400,50460,7784000,5037700,0,0,0,0,0,
600023.SH,600023,20251209,91900000,0,0,0,0,0,,,0,0,0,0,0,51200,51300,0,0,0,0,0,0,0,0,0,64100,4300,0,0,0,0,0,0,0,0,51300,0,0,0,0,0,0,0,0,0,64100,0,0,0,0,0,0,0,0,0,53400,50460,7785900,5037700,0,0,0,0,0,
600023.SH,600023,20251209,91903000,0,0,0,0,0,,,0,0,0,0,0,51200,51300,0,0,0,0,0,0,0,0,0,64100,6300,0,0,0,0,0,0,0,0,51300,0,0,0,0,0,0,0,0,0,64100,0,0,0,0,0,0,0,0,0,53400,50460,7807600,5038700,0,0,0,0,0,
600023.SH,600023,20251209,91906000,0,0,0,0,0,,,0,0,0,0,0,51200,51300,0,0,0,0,0,0,0,0,0,64100,6300,0,0,0,0,0,0,0,0,51300,0,0,0,0,0,0,0,0,0,64100,0,0,0,0,0,0,0,0,0,53400,50460,7816800,5038900,0,0,0,0,0,
600023.SH,600023,20251209,91909000,0,0,0,0,0,,,0,0,0,0,0,51200,51300,0,0,0,0,0,0,0,0,0,64200,6400,0,0,0,0,0,0,0,0,51300,0,0,0,0,0,0,0,0,0,64200,0,0,0,0,0,0,0,0,0,53400,50460,7817000,5040000,0,0,0,0,0,
600023.SH,600023,20251209,91912000,0,0,0,0,0,,,0,0,0,0,0,51200,51300,0,0,0,0,0,0,0,0,0,64200,15300,0,0,0,0,0,0,0,0,51300,0,0,0,0,0,0,0,0,0,64200,0,0,0,0,0,0,0,0,0,53400,50460,7862200,5041500,0,0,0,0,0,
600023.SH,600023,20251209,91915000,0,0,0,0,0,,,0,0,0,0,0,51200,51300,0,0,0,0,0,0,0,0,0,64200,15300,0,0,0,0,0,0,0,0,51300,0,0,0,0,0,0,0,0,0,64200,0,0,0,0,0,0,0,0,0,53410,50460,7876700,5051500,0,0,0,0,0,
600023.SH,600023,20251209,91918000,0,0,0,0,0,,,0,0,0,0,0,51200,51300,0,0,0,0,0,0,0,0,0,64200,17300,0,0,0,0,0,0,0,0,51300,0,0,0,0,0,0,0,0,0,64200,0,0,0,0,0,0,0,0,0,53410,50460,7885800,5052300,0,0,0,0,0,
600023.SH,600023,20251209,91921000,0,0,0,0,0,,,0,0,0,0,0,51200,51300,0,0,0,0,0,0,0,0,0,64200,17300,0,0,0,0,0,0,0,0,51300,0,0,0,0,0,0,0,0,0,64200,0,0,0,0,0,0,0,0,0,53400,50460,7899500,5052300,0,0,0,0,0,
600023.SH,600023,20251209,91924000,0,0,0,0,0,,,0,0,0,0,0,51200,51300,0,0,0,0,0,0,0,0,0,64200,17300,0,0,0,0,0,0,0,0,51300,0,0,0,0,0,0,0,0,0,64200,0,0,0,0,0,0,0,0,0,53400,50460,7903000,5065300,0,0,0,0,0,
600023.SH,600023,20251209,91927000,0,0,0,0,0,,,0,0,0,0,0,51200,51300,0,0,0,0,0,0,0,0,0,64200,17300,0,0,0,0,0,0,0,0,51300,0,0,0,0,0,0,0,0,0,64200,0,0,0,0,0,0,0,0,0,53400,50460,7908200,5065500,0,0,0,0,0,
600023.SH,600023,20251209,91930000,0,0,0,0,0,,,0,0,0,0,0,51200,51300,0,0,0,0,0,0,0,0,0,64200,17300,0,0,0,0,0,0,0,0,51300,0,0,0,0,0,0,0,0,0,64200,0,0,0,0,0,0,0,0,0,53410,50460,7910600,5065500,0,0,0,0,0,
600023.SH,600023,20251209,91933000,0,0,0,0,0,,,0,0,0,0,0,51200,51300,0,0,0,0,0,0,0,0,0,64200,17300,0,0,0,0,0,0,0,0,51300,0,0,0,0,0,0,0,0,0,64200,0,0,0,0,0,0,0,0,0,53410,50460,7912800,5070500,0,0,0,0,0,
600023.SH,600023,20251209,91936000,0,0,0,0,0,,,0,0,0,0,0,51200,51300,0,0,0,0,0,0,0,0,0,64200,17300,0,0,0,0,0,0,0,0,51300,0,0,0,0,0,0,0,0,0,64200,0,0,0,0,0,0,0,0,0,53410,50460,7916800,5071500,0,0,0,0,0,
600023.SH,600023,20251209,91939000,0,0,0,0,0,,,0,0,0,0,0,51200,51300,0,0,0,0,0,0,0,0,0,64200,17300,0,0,0,0,0,0,0,0,51300,0,0,0,0,0,0,0,0,0,64200,0,0,0,0,0,0,0,0,0,53410,50460,7916800,5077500,0,0,0,0,0,
600023.SH,600023,20251209,91942000,0,0,0,0,0,,,0,0,0,0,0,51200,51300,0,0,0,0,0,0,0,0,0,64200,17300,0,0,0,0,0,0,0,0,51300,0,0,0,0,0,0,0,0,0,64200,0,0,0,0,0,0,0,0,0,53400,50460,7926800,5087500,0,0,0,0,0,
600023.SH,600023,20251209,91945000,0,0,0,0,0,,,0,0,0,0,0,51200,51300,0,0,0,0,0,0,0,0,0,64200,17300,0,0,0,0,0,0,0,0,51300,0,0,0,0,0,0,0,0,0,64200,0,0,0,0,0,0,0,0,0,53400,50460,7930800,5087500,0,0,0,0,0,
600023.SH,600023,20251209,91948000,0,0,0,0,0,,,0,0,0,0,0,51200,51300,0,0,0,0,0,0,0,0,0,64200,17300,0,0,0,0,0,0,0,0,51300,0,0,0,0,0,0,0,0,0,64200,0,0,0,0,0,0,0,0,0,53400,50460,7930800,5088500,0,0,0,0,0,
600023.SH,600023,20251209,91951000,0,0,0,0,0,,,0,0,0,0,0,51200,51300,0,0,0,0,0,0,0,0,0,64200,17300,0,0,0,0,0,0,0,0,51300,0,0,0,0,0,0,0,0,0,64200,0,0,0,0,0,0,0,0,0,53400,50460,7932800,5088500,0,0,0,0,0,
600023.SH,600023,20251209,91954000,0,0,0,0,0,,,0,0,0,0,0,51200,51300,0,0,0,0,0,0,0,0,0,64200,17300,0,0,0,0,0,0,0,0,51300,0,0,0,0,0,0,0,0,0,64200,0,0,0,0,0,0,0,0,0,53400,50460,7934300,5089500,0,0,0,0,0,
600023.SH,600023,20251209,91957000,0,0,0,0,0,,,0,0,0,0,0,51200,51300,0,0,0,0,0,0,0,0,0,64200,17800,0,0,0,0,0,0,0,0,51300,0,0,0,0,0,0,0,0,0,64200,0,0,0,0,0,0,0,0,0,53410,50460,7918200,5089500,0,0,0,0,0,
600023.SH,600023,20251209,92000000,0,0,0,0,0,,,0,0,0,0,0,51200,51300,0,0,0,0,0,0,0,0,0,64200,17800,0,0,0,0,0,0,0,0,51300,0,0,0,0,0,0,0,0,0,64200,0,0,0,0,0,0,0,0,0,53400,50460,7933200,5089500,0,0,0,0,0,
600023.SH,600023,20251209,92003000,0,0,0,0,0,,,0,0,0,0,0,51200,51300,0,0,0,0,0,0,0,0,0,64200,20300,0,0,0,0,0,0,0,0,51300,0,0,0,0,0,0,0,0,0,64200,0,0,0,0,0,0,0,0,0,53400,50460,7936900,5099500,0,0,0,0,0,
600023.SH,600023,20251209,92006000,0,0,0,0,0,,,0,0,0,0,0,51200,51300,0,0,0,0,0,0,0,0,0,64200,20300,0,0,0,0,0,0,0,0,51300,0,0,0,0,0,0,0,0,0,64200,0,0,0,0,0,0,0,0,0,53400,50460,7964400,5103500,0,0,0,0,0,
600023.SH,600023,20251209,92009000,0,0,0,0,0,,,0,0,0,0,0,51200,51300,0,0,0,0,0,0,0,0,0,64200,20300,0,0,0,0,0,0,0,0,51300,0,0,0,0,0,0,0,0,0,64200,0,0,0,0,0,0,0,0,0,53400,50460,7964400,5104500,0,0,0,0,0,
600023.SH,600023,20251209,92012000,0,0,0,0,0,,,0,0,0,0,0,51200,51300,0,0,0,0,0,0,0,0,0,64200,20300,0,0,0,0,0,0,0,0,51300,0,0,0,0,0,0,0,0,0,64200,0,0,0,0,0,0,0,0,0,53390,50460,7969500,5115500,0,0,0,0,0,
600023.SH,600023,20251209,92015000,0,0,0,0,0,,,0,0,0,0,0,51200,51300,0,0,0,0,0,0,0,0,0,64200,20300,0,0,0,0,0,0,0,0,51300,0,0,0,0,0,0,0,0,0,64200,0,0,0,0,0,0,0,0,0,53400,50460,7971300,5115500,0,0,0,0,0,
600023.SH,600023,20251209,92018000,0,0,0,0,0,,,0,0,0,0,0,51200,51300,0,0,0,0,0,0,0,0,0,64200,20300,0,0,0,0,0,0,0,0,51300,0,0,0,0,0,0,0,0,0,64200,0,0,0,0,0,0,0,0,0,53430,50460,8075200,5115500,0,0,0,0,0,
600023.SH,600023,20251209,92021000,0,0,0,0,0,,,0,0,0,0,0,51200,51300,0,0,0,0,0,0,0,0,0,64200,20300,0,0,0,0,0,0,0,0,51300,0,0,0,0,0,0,0,0,0,64200,0,0,0,0,0,0,0,0,0,53430,50460,8077700,5117500,0,0,0,0,0,
600023.SH,600023,20251209,92024000,0,0,0,0,0,,,0,0,0,0,0,51200,51300,0,0,0,0,0,0,0,0,0,64200,20300,0,0,0,0,0,0,0,0,51300,0,0,0,0,0,0,0,0,0,64200,0,0,0,0,0,0,0,0,0,53430,50460,8078200,5117500,0,0,0,0,0,
600023.SH,600023,20251209,92027000,0,0,0,0,0,,,0,0,0,0,0,51200,51300,0,0,0,0,0,0,0,0,0,64200,20300,0,0,0,0,0,0,0,0,51300,0,0,0,0,0,0,0,0,0,64200,0,0,0,0,0,0,0,0,0,53430,50460,8081200,5138500,0,0,0,0,0,
600023.SH,600023,20251209,92030000,0,0,0,0,0,,,0,0,0,0,0,51200,51300,0,0,0,0,0,0,0,0,0,64200,20300,0,0,0,0,0,0,0,0,51300,0,0,0,0,0,0,0,0,0,64200,0,0,0,0,0,0,0,0,0,53440,50460,8121700,5138500,0,0,0,0,0,
600023.SH,600023,20251209,92036000,0,0,0,0,0,,,0,0,0,0,0,51200,51300,0,0,0,0,0,0,0,0,0,64200,20300,0,0,0,0,0,0,0,0,51300,0,0,0,0,0,0,0,0,0,64200,0,0,0,0,0,0,0,0,0,53440,50460,8121800,5189500,0,0,0,0,0,
600023.SH,600023,20251209,92039000,0,0,0,0,0,,,0,0,0,0,0,51200,51300,0,0,0,0,0,0,0,0,0,64200,20300,0,0,0,0,0,0,0,0,51300,0,0,0,0,0,0,0,0,0,64200,0,0,0,0,0,0,0,0,0,53440,50470,8121800,5197000,0,0,0,0,0,
600023.SH,600023,20251209,92042000,0,0,0,0,0,,,0,0,0,0,0,51200,51300,0,0,0,0,0,0,0,0,0,64200,20300,0,0,0,0,0,0,0,0,51300,0,0,0,0,0,0,0,0,0,64200,0,0,0,0,0,0,0,0,0,53440,50470,8123800,5197600,0,0,0,0,0,
600023.SH,600023,20251209,92045000,0,0,0,0,0,,,0,0,0,0,0,51200,51300,0,0,0,0,0,0,0,0,0,64200,20300,0,0,0,0,0,0,0,0,51300,0,0,0,0,0,0,0,0,0,64200,0,0,0,0,0,0,0,0,0,53440,50470,8123800,5200600,0,0,0,0,0,
600023.SH,600023,20251209,92048000,0,0,0,0,0,,,0,0,0,0,0,51200,51300,0,0,0,0,0,0,0,0,0,64200,20300,0,0,0,0,0,0,0,0,51300,0,0,0,0,0,0,0,0,0,64200,0,0,0,0,0,0,0,0,0,53440,50470,8131900,5214600,0,0,0,0,0,
600023.SH,600023,20251209,92051000,0,0,0,0,0,,,0,0,0,0,0,51200,51300,0,0,0,0,0,0,0,0,0,64200,20300,0,0,0,0,0,0,0,0,51300,0,0,0,0,0,0,0,0,0,64200,0,0,0,0,0,0,0,0,0,53440,50470,8132900,5214600,0,0,0,0,0,
600023.SH,600023,20251209,92054000,0,0,0,0,0,,,0,0,0,0,0,51200,51300,0,0,0,0,0,0,0,0,0,64200,20300,0,0,0,0,0,0,0,0,51300,0,0,0,0,0,0,0,0,0,64200,0,0,0,0,0,0,0,0,0,53440,50470,8143900,5217700,0,0,0,0,0,
600023.SH,600023,20251209,92057000,0,0,0,0,0,,,0,0,0,0,0,51200,51300,0,0,0,0,0,0,0,0,0,64200,20300,0,0,0,0,0,0,0,0,51300,0,0,0,0,0,0,0,0,0,64200,0,0,0,0,0,0,0,0,0,53440,50470,8147900,5218700,0,0,0,0,0,
600023.SH,600023,20251209,92100000,0,0,0,0,0,,,0,0,0,0,0,51200,51300,0,0,0,0,0,0,0,0,0,64200,20300,0,0,0,0,0,0,0,0,51300,0,0,0,0,0,0,0,0,0,64200,0,0,0,0,0,0,0,0,0,53440,50470,8151400,5223700,0,0,0,0,0,
600023.SH,600023,20251209,92103000,0,0,0,0,0,,,0,0,0,0,0,51200,51300,0,0,0,0,0,0,0,0,0,64200,20300,0,0,0,0,0,0,0,0,51300,0,0,0,0,0,0,0,0,0,64200,0,0,0,0,0,0,0,0,0,53440,50470,8151500,5225700,0,0,0,0,0,
600023.SH,600023,20251209,92106000,0,0,0,0,0,,,0,0,0,0,0,51200,51300,0,0,0,0,0,0,0,0,0,64200,20300,0,0,0,0,0,0,0,0,51300,0,0,0,0,0,0,0,0,0,64200,0,0,0,0,0,0,0,0,0,53440,50470,8166000,5226500,0,0,0,0,0,
600023.SH,600023,20251209,92109000,0,0,0,0,0,,,0,0,0,0,0,51200,51300,0,0,0,0,0,0,0,0,0,64200,20300,0,0,0,0,0,0,0,0,51300,0,0,0,0,0,0,0,0,0,64200,0,0,0,0,0,0,0,0,0,53450,50470,8197100,5228000,0,0,0,0,0,
600023.SH,600023,20251209,92112000,0,0,0,0,0,,,0,0,0,0,0,51200,51300,0,0,0,0,0,0,0,0,0,64200,20300,0,0,0,0,0,0,0,0,51300,0,0,0,0,0,0,0,0,0,64200,0,0,0,0,0,0,0,0,0,53440,50470,8216300,5228000,0,0,0,0,0,
600023.SH,600023,20251209,92115000,0,0,0,0,0,,,0,0,0,0,0,51200,51300,0,0,0,0,0,0,0,0,0,64200,20300,0,0,0,0,0,0,0,0,51300,0,0,0,0,0,0,0,0,0,64200,0,0,0,0,0,0,0,0,0,53440,50470,8227500,5229000,0,0,0,0,0,
600023.SH,600023,20251209,92118000,0,0,0,0,0,,,0,0,0,0,0,51200,51300,0,0,0,0,0,0,0,0,0,64200,20300,0,0,0,0,0,0,0,0,51300,0,0,0,0,0,0,0,0,0,64200,0,0,0,0,0,0,0,0,0,53440,50470,8229500,5229000,0,0,0,0,0,
600023.SH,600023,20251209,92121000,0,0,0,0,0,,,0,0,0,0,0,51200,51300,0,0,0,0,0,0,0,0,0,64200,20300,0,0,0,0,0,0,0,0,51300,0,0,0,0,0,0,0,0,0,64200,0,0,0,0,0,0,0,0,0,53440,50470,8230700,5229000,0,0,0,0,0,
600023.SH,600023,20251209,92124000,0,0,0,0,0,,,0,0,0,0,0,51200,51300,0,0,0,0,0,0,0,0,0,64200,20300,0,0,0,0,0,0,0,0,51300,0,0,0,0,0,0,0,0,0,64200,0,0,0,0,0,0,0,0,0,53440,50470,8235200,5229000,0,0,0,0,0,
600023.SH,600023,20251209,92127000,0,0,0,0,0,,,0,0,0,0,0,51200,51300,0,0,0,0,0,0,0,0,0,64200,20300,0,0,0,0,0,0,0,0,51300,0,0,0,0,0,0,0,0,0,64200,0,0,0,0,0,0,0,0,0,53440,50470,8240200,5231000,0,0,0,0,0,
600023.SH,600023,20251209,92130000,0,0,0,0,0,,,0,0,0,0,0,51200,51300,0,0,0,0,0,0,0,0,0,64200,20300,0,0,0,0,0,0,0,0,51300,0,0,0,0,0,0,0,0,0,64200,0,0,0,0,0,0,0,0,0,53440,50470,8250200,5231000,0,0,0,0,0,
600023.SH,600023,20251209,92133000,0,0,0,0,0,,,0,0,0,0,0,51200,51300,0,0,0,0,0,0,0,0,0,64200,20300,0,0,0,0,0,0,0,0,51300,0,0,0,0,0,0,0,0,0,64200,0,0,0,0,0,0,0,0,0,53440,50470,8250200,5233000,0,0,0,0,0,
600023.SH,600023,20251209,92136000,0,0,0,0,0,,,0,0,0,0,0,51200,51300,0,0,0,0,0,0,0,0,0,64200,20300,0,0,0,0,0,0,0,0,51300,0,0,0,0,0,0,0,0,0,64200,0,0,0,0,0,0,0,0,0,53440,50470,8255200,5233000,0,0,0,0,0,
600023.SH,600023,20251209,92139000,0,0,0,0,0,,,0,0,0,0,0,51200,51300,0,0,0,0,0,0,0,0,0,64200,20300,0,0,0,0,0,0,0,0,51300,0,0,0,0,0,0,0,0,0,64200,0,0,0,0,0,0,0,0,0,53440,50470,8258400,5233000,0,0,0,0,0,
600023.SH,600023,20251209,92142000,0,0,0,0,0,,,0,0,0,0,0,51200,51300,0,0,0,0,0,0,0,0,0,64200,20300,0,0,0,0,0,0,0,0,51300,0,0,0,0,0,0,0,0,0,64200,0,0,0,0,0,0,0,0,0,53440,50470,8259900,5236000,0,0,0,0,0,
600023.SH,600023,20251209,92145000,0,0,0,0,0,,,0,0,0,0,0,51200,51300,0,0,0,0,0,0,0,0,0,64200,20300,0,0,0,0,0,0,0,0,51300,0,0,0,0,0,0,0,0,0,64200,0,0,0,0,0,0,0,0,0,53440,50470,8269900,5236000,0,0,0,0,0,
600023.SH,600023,20251209,92148000,0,0,0,0,0,,,0,0,0,0,0,51200,51300,0,0,0,0,0,0,0,0,0,64200,20300,0,0,0,0,0,0,0,0,51300,0,0,0,0,0,0,0,0,0,64200,0,0,0,0,0,0,0,0,0,53440,50470,8274900,5241000,0,0,0,0,0,
600023.SH,600023,20251209,92151000,0,0,0,0,0,,,0,0,0,0,0,51200,51300,0,0,0,0,0,0,0,0,0,64200,24300,0,0,0,0,0,0,0,0,51300,0,0,0,0,0,0,0,0,0,64200,0,0,0,0,0,0,0,0,0,53440,50470,8293300,5241000,0,0,0,0,0,
600023.SH,600023,20251209,92154000,0,0,0,0,0,,,0,0,0,0,0,51200,51300,0,0,0,0,0,0,0,0,0,64200,24300,0,0,0,0,0,0,0,0,51300,0,0,0,0,0,0,0,0,0,64200,0,0,0,0,0,0,0,0,0,53440,50470,8295300,5241000,0,0,0,0,0,
600023.SH,600023,20251209,92157000,0,0,0,0,0,,,0,0,0,0,0,51200,51300,0,0,0,0,0,0,0,0,0,64200,36800,0,0,0,0,0,0,0,0,51300,0,0,0,0,0,0,0,0,0,64200,0,0,0,0,0,0,0,0,0,53430,50470,8311300,5242200,0,0,0,0,0,
600023.SH,600023,20251209,92200000,0,0,0,0,0,,,0,0,0,0,0,51200,51300,0,0,0,0,0,0,0,0,0,64200,36800,0,0,0,0,0,0,0,0,51300,0,0,0,0,0,0,0,0,0,64200,0,0,0,0,0,0,0,0,0,53430,50470,8313300,5242200,0,0,0,0,0,
600023.SH,600023,20251209,92206000,0,0,0,0,0,,,0,0,0,0,0,51200,51300,0,0,0,0,0,0,0,0,0,64200,36800,0,0,0,0,0,0,0,0,51300,0,0,0,0,0,0,0,0,0,64200,0,0,0,0,0,0,0,0,0,53430,50470,8317300,5242200,0,0,0,0,0,
600023.SH,600023,20251209,92209000,0,0,0,0,0,,,0,0,0,0,0,51200,51300,0,0,0,0,0,0,0,0,0,64200,36800,0,0,0,0,0,0,0,0,51300,0,0,0,0,0,0,0,0,0,64200,0,0,0,0,0,0,0,0,0,53430,50470,8330300,5248200,0,0,0,0,0,
600023.SH,600023,20251209,92212000,0,0,0,0,0,,,0,0,0,0,0,51200,51300,0,0,0,0,0,0,0,0,0,64200,36800,0,0,0,0,0,0,0,0,51300,0,0,0,0,0,0,0,0,0,64200,0,0,0,0,0,0,0,0,0,53430,50470,8350300,5249400,0,0,0,0,0,
600023.SH,600023,20251209,92215000,0,0,0,0,0,,,0,0,0,0,0,51200,51300,0,0,0,0,0,0,0,0,0,101000,0,0,0,0,0,0,0,0,0,51300,0,0,0,0,0,0,0,0,0,101000,43800,0,0,0,0,0,0,0,0,53430,50480,8350300,5335600,0,0,0,0,0,
600023.SH,600023,20251209,92218000,0,0,0,0,0,,,0,0,0,0,0,51200,51300,0,0,0,0,0,0,0,0,0,101900,0,0,0,0,0,0,0,0,0,51300,0,0,0,0,0,0,0,0,0,101900,42900,0,0,0,0,0,0,0,0,53430,50480,8363200,5335600,0,0,0,0,0,
600023.SH,600023,20251209,92221000,0,0,0,0,0,,,0,0,0,0,0,51200,51300,0,0,0,0,0,0,0,0,0,104400,0,0,0,0,0,0,0,0,0,51300,0,0,0,0,0,0,0,0,0,104400,40400,0,0,0,0,0,0,0,0,53420,50480,8370400,5340600,0,0,0,0,0,
600023.SH,600023,20251209,92224000,0,0,0,0,0,,,0,0,0,0,0,51200,51300,0,0,0,0,0,0,0,0,0,104400,0,0,0,0,0,0,0,0,0,51300,0,0,0,0,0,0,0,0,0,104400,40400,0,0,0,0,0,0,0,0,53420,50490,8374100,5361800,0,0,0,0,0,
600023.SH,600023,20251209,92227000,0,0,0,0,0,,,0,0,0,0,0,51200,51300,0,0,0,0,0,0,0,0,0,104400,0,0,0,0,0,0,0,0,0,51300,0,0,0,0,0,0,0,0,0,104400,40400,0,0,0,0,0,0,0,0,53420,50490,8375300,5361900,0,0,0,0,0,
600023.SH,600023,20251209,92230000,0,0,0,0,0,,,0,0,0,0,0,51200,51300,0,0,0,0,0,0,0,0,0,104400,0,0,0,0,0,0,0,0,0,51300,0,0,0,0,0,0,0,0,0,104400,40400,0,0,0,0,0,0,0,0,53420,50490,8381000,5363100,0,0,0,0,0,
600023.SH,600023,20251209,92233000,0,0,0,0,0,,,0,0,0,0,0,51200,51300,0,0,0,0,0,0,0,0,0,104400,0,0,0,0,0,0,0,0,0,51300,0,0,0,0,0,0,0,0,0,104400,40400,0,0,0,0,0,0,0,0,53420,50490,8381500,5374100,0,0,0,0,0,
600023.SH,600023,20251209,92236000,0,0,0,0,0,,,0,0,0,0,0,51200,51300,0,0,0,0,0,0,0,0,0,104400,0,0,0,0,0,0,0,0,0,51300,0,0,0,0,0,0,0,0,0,104400,40400,0,0,0,0,0,0,0,0,53420,50490,8386100,5374100,0,0,0,0,0,
600023.SH,600023,20251209,92242000,0,0,0,0,0,,,0,0,0,0,0,51200,51300,0,0,0,0,0,0,0,0,0,104400,0,0,0,0,0,0,0,0,0,51300,0,0,0,0,0,0,0,0,0,104400,40400,0,0,0,0,0,0,0,0,53430,50490,8395200,5374100,0,0,0,0,0,
600023.SH,600023,20251209,92245000,0,0,0,0,0,,,0,0,0,0,0,51200,51300,0,0,0,0,0,0,0,0,0,121200,0,0,0,0,0,0,0,0,0,51300,0,0,0,0,0,0,0,0,0,121200,23600,0,0,0,0,0,0,0,0,53420,50490,8456900,5374100,0,0,0,0,0,
600023.SH,600023,20251209,92248000,0,0,0,0,0,,,0,0,0,0,0,51200,51300,0,0,0,0,0,0,0,0,0,121700,0,0,0,0,0,0,0,0,0,51300,0,0,0,0,0,0,0,0,0,121700,23100,0,0,0,0,0,0,0,0,53420,50490,8457400,5374300,0,0,0,0,0,
600023.SH,600023,20251209,92251000,0,0,0,0,0,,,0,0,0,0,0,51200,51300,0,0,0,0,0,0,0,0,0,121700,0,0,0,0,0,0,0,0,0,51300,0,0,0,0,0,0,0,0,0,121700,23100,0,0,0,0,0,0,0,0,53410,50490,8519400,5375300,0,0,0,0,0,
600023.SH,600023,20251209,92254000,0,0,0,0,0,,,0,0,0,0,0,51200,51300,0,0,0,0,0,0,0,0,0,121700,0,0,0,0,0,0,0,0,0,51300,0,0,0,0,0,0,0,0,0,121700,23100,0,0,0,0,0,0,0,0,53420,50490,8551900,5405500,0,0,0,0,0,
600023.SH,600023,20251209,92257000,0,0,0,0,0,,,0,0,0,0,0,51200,51300,0,0,0,0,0,0,0,0,0,121700,0,0,0,0,0,0,0,0,0,51300,0,0,0,0,0,0,0,0,0,121700,23100,0,0,0,0,0,0,0,0,53420,50490,8551900,5415000,0,0,0,0,0,
600023.SH,600023,20251209,92300000,0,0,0,0,0,,,0,0,0,0,0,51200,51300,0,0,0,0,0,0,0,0,0,130000,0,0,0,0,0,0,0,0,0,51300,0,0,0,0,0,0,0,0,0,130000,29200,0,0,0,0,0,0,0,0,53420,50490,8566200,5429400,0,0,0,0,0,
600023.SH,600023,20251209,92303000,0,0,0,0,0,,,0,0,0,0,0,51200,51300,0,0,0,0,0,0,0,0,0,130200,0,0,0,0,0,0,0,0,0,51300,0,0,0,0,0,0,0,0,0,130200,29000,0,0,0,0,0,0,0,0,53420,50490,8566400,5440400,0,0,0,0,0,
600023.SH,600023,20251209,92306000,0,0,0,0,0,,,0,0,0,0,0,51200,51300,0,0,0,0,0,0,0,0,0,130200,0,0,0,0,0,0,0,0,0,51300,0,0,0,0,0,0,0,0,0,130200,29000,0,0,0,0,0,0,0,0,53420,50490,8568400,5442900,0,0,0,0,0,
600023.SH,600023,20251209,92312000,0,0,0,0,0,,,0,0,0,0,0,51200,51300,0,0,0,0,0,0,0,0,0,130200,0,0,0,0,0,0,0,0,0,51300,0,0,0,0,0,0,0,0,0,130200,29000,0,0,0,0,0,0,0,0,53410,50490,8613100,5442900,0,0,0,0,0,
600023.SH,600023,20251209,92315000,0,0,0,0,0,,,0,0,0,0,0,51200,51300,0,0,0,0,0,0,0,0,0,130200,0,0,0,0,0,0,0,0,0,51300,0,0,0,0,0,0,0,0,0,130200,29000,0,0,0,0,0,0,0,0,53410,50490,8615100,5442900,0,0,0,0,0,
600023.SH,600023,20251209,92321000,0,0,0,0,0,,,0,0,0,0,0,51200,51300,0,0,0,0,0,0,0,0,0,130200,0,0,0,0,0,0,0,0,0,51300,0,0,0,0,0,0,0,0,0,130200,29500,0,0,0,0,0,0,0,0,53410,50490,8629900,5443400,0,0,0,0,0,
600023.SH,600023,20251209,92324000,0,0,0,0,0,,,0,0,0,0,0,51200,51300,0,0,0,0,0,0,0,0,0,130200,0,0,0,0,0,0,0,0,0,51300,0,0,0,0,0,0,0,0,0,130200,29500,0,0,0,0,0,0,0,0,53410,50490,8630400,5443400,0,0,0,0,0,
600023.SH,600023,20251209,92327000,0,0,0,0,0,,,0,0,0,0,0,51200,51300,0,0,0,0,0,0,0,0,0,130200,0,0,0,0,0,0,0,0,0,51300,0,0,0,0,0,0,0,0,0,130200,29700,0,0,0,0,0,0,0,0,53410,50490,8640300,5449400,0,0,0,0,0,
600023.SH,600023,20251209,92330000,0,0,0,0,0,,,0,0,0,0,0,51200,51300,0,0,0,0,0,0,0,0,0,130200,0,0,0,0,0,0,0,0,0,51300,0,0,0,0,0,0,0,0,0,130200,29700,0,0,0,0,0,0,0,0,53410,50490,8641200,5452400,0,0,0,0,0,
600023.SH,600023,20251209,92333000,0,0,0,0,0,,,0,0,0,0,0,51200,51300,0,0,0,0,0,0,0,0,0,130200,0,0,0,0,0,0,0,0,0,51300,0,0,0,0,0,0,0,0,0,130200,29700,0,0,0,0,0,0,0,0,53410,50490,8646200,5452400,0,0,0,0,0,
600023.SH,600023,20251209,92336000,0,0,0,0,0,,,0,0,0,0,0,51200,51300,0,0,0,0,0,0,0,0,0,130200,0,0,0,0,0,0,0,0,0,51300,0,0,0,0,0,0,0,0,0,130200,29700,0,0,0,0,0,0,0,0,53410,50490,8656200,5452400,0,0,0,0,0,
600023.SH,600023,20251209,92339000,0,0,0,0,0,,,0,0,0,0,0,51200,51300,0,0,0,0,0,0,0,0,0,130200,0,0,0,0,0,0,0,0,0,51300,0,0,0,0,0,0,0,0,0,130200,29700,0,0,0,0,0,0,0,0,53410,50490,8656200,5452500,0,0,0,0,0,
600023.SH,600023,20251209,92345000,0,0,0,0,0,,,0,0,0,0,0,51200,51300,0,0,0,0,0,0,0,0,0,130200,0,0,0,0,0,0,0,0,0,51300,0,0,0,0,0,0,0,0,0,130200,29700,0,0,0,0,0,0,0,0,53400,50490,8681200,5452500,0,0,0,0,0,
600023.SH,600023,20251209,92348000,0,0,0,0,0,,,0,0,0,0,0,51200,51300,0,0,0,0,0,0,0,0,0,130200,0,0,0,0,0,0,0,0,0,51300,0,0,0,0,0,0,0,0,0,130200,29700,0,0,0,0,0,0,0,0,53400,50490,8686200,5452500,0,0,0,0,0,
600023.SH,600023,20251209,92354000,0,0,0,0,0,,,0,0,0,0,0,51200,51300,0,0,0,0,0,0,0,0,0,130200,0,0,0,0,0,0,0,0,0,51300,0,0,0,0,0,0,0,0,0,130200,29700,0,0,0,0,0,0,0,0,53400,50490,8687200,5452500,0,0,0,0,0,
600023.SH,600023,20251209,92357000,0,0,0,0,0,,,0,0,0,0,0,51200,51300,0,0,0,0,0,0,0,0,0,130200,0,0,0,0,0,0,0,0,0,51300,0,0,0,0,0,0,0,0,0,130200,29700,0,0,0,0,0,0,0,0,53400,50490,8694400,5457500,0,0,0,0,0,
600023.SH,600023,20251209,92400000,0,0,0,0,0,,,0,0,0,0,0,51200,51300,0,0,0,0,0,0,0,0,0,130200,0,0,0,0,0,0,0,0,0,51300,0,0,0,0,0,0,0,0,0,130200,31000,0,0,0,0,0,0,0,0,53400,50490,8704400,5458800,0,0,0,0,0,
600023.SH,600023,20251209,92403000,0,0,0,0,0,,,0,0,0,0,0,51200,51300,0,0,0,0,0,0,0,0,0,130200,0,0,0,0,0,0,0,0,0,51300,0,0,0,0,0,0,0,0,0,130200,31000,0,0,0,0,0,0,0,0,53400,50490,8706600,5458800,0,0,0,0,0,
600023.SH,600023,20251209,92406000,0,0,0,0,0,,,0,0,0,0,0,51200,51300,0,0,0,0,0,0,0,0,0,130200,0,0,0,0,0,0,0,0,0,51300,0,0,0,0,0,0,0,0,0,130200,31000,0,0,0,0,0,0,0,0,53400,50490,8706600,5460800,0,0,0,0,0,
600023.SH,600023,20251209,92409000,0,0,0,0,0,,,0,0,0,0,0,51200,51300,0,0,0,0,0,0,0,0,0,151000,0,0,0,0,0,0,0,0,0,51300,0,0,0,0,0,0,0,0,0,151000,10200,0,0,0,0,0,0,0,0,53390,50490,8733400,5461200,0,0,0,0,0,
600023.SH,600023,20251209,92412000,0,0,0,0,0,,,0,0,0,0,0,51200,51300,0,0,0,0,0,0,0,0,0,151600,0,0,0,0,0,0,0,0,0,51300,0,0,0,0,0,0,0,0,0,151600,9600,0,0,0,0,0,0,0,0,53390,50490,8735000,5461200,0,0,0,0,0,
600023.SH,600023,20251209,92415000,0,0,0,0,0,,,0,0,0,0,0,51200,51300,0,0,0,0,0,0,0,0,0,151600,0,0,0,0,0,0,0,0,0,51300,0,0,0,0,0,0,0,0,0,151600,9600,0,0,0,0,0,0,0,0,53390,50490,8740000,5461200,0,0,0,0,0,
600023.SH,600023,20251209,92418000,0,0,0,0,0,,,0,0,0,0,0,51200,51300,0,0,0,0,0,0,0,0,0,151600,0,0,0,0,0,0,0,0,0,51300,0,0,0,0,0,0,0,0,0,151600,9600,0,0,0,0,0,0,0,0,53390,50490,8740500,5461200,0,0,0,0,0,
600023.SH,600023,20251209,92421000,0,0,0,0,0,,,0,0,0,0,0,51200,51300,0,0,0,0,0,0,0,0,0,161200,10400,0,0,0,0,0,0,0,0,51300,0,0,0,0,0,0,0,0,0,161200,0,0,0,0,0,0,0,0,0,53390,50490,8763200,5463200,0,0,0,0,0,
600023.SH,600023,20251209,92424000,0,0,0,0,0,,,0,0,0,0,0,51200,51300,0,0,0,0,0,0,0,0,0,161200,10600,0,0,0,0,0,0,0,0,51300,0,0,0,0,0,0,0,0,0,161200,0,0,0,0,0,0,0,0,0,53370,50490,8863400,5463200,0,0,0,0,0,
600023.SH,600023,20251209,92427000,0,0,0,0,0,,,0,0,0,0,0,51200,51300,0,0,0,0,0,0,0,0,0,161200,10600,0,0,0,0,0,0,0,0,51300,0,0,0,0,0,0,0,0,0,161200,0,0,0,0,0,0,0,0,0,53370,50490,8864400,5463200,0,0,0,0,0,
600023.SH,600023,20251209,92430000,0,0,0,0,0,,,0,0,0,0,0,51200,51300,0,0,0,0,0,0,0,0,0,161200,10600,0,0,0,0,0,0,0,0,51300,0,0,0,0,0,0,0,0,0,161200,0,0,0,0,0,0,0,0,0,53370,50490,8865400,5464400,0,0,0,0,0,
600023.SH,600023,20251209,92436000,0,0,0,0,0,,,0,0,0,0,0,51200,51300,0,0,0,0,0,0,0,0,0,161200,10600,0,0,0,0,0,0,0,0,51300,0,0,0,0,0,0,0,0,0,161200,0,0,0,0,0,0,0,0,0,53370,50490,8881300,5464400,0,0,0,0,0,
600023.SH,600023,20251209,92439000,0,0,0,0,0,,,0,0,0,0,0,51200,51300,0,0,0,0,0,0,0,0,0,161200,19500,0,0,0,0,0,0,0,0,51300,0,0,0,0,0,0,0,0,0,161200,0,0,0,0,0,0,0,0,0,53370,50490,8891000,5464400,0,0,0,0,0,
600023.SH,600023,20251209,92442000,0,0,0,0,0,,,0,0,0,0,0,51200,51300,0,0,0,0,0,0,0,0,0,161200,19500,0,0,0,0,0,0,0,0,51300,0,0,0,0,0,0,0,0,0,161200,0,0,0,0,0,0,0,0,0,53370,50490,8896300,5466500,0,0,0,0,0,
600023.SH,600023,20251209,92445000,0,0,0,0,0,,,0,0,0,0,0,51200,51300,0,0,0,0,0,0,0,0,0,180700,0,0,0,0,0,0,0,0,0,51300,0,0,0,0,0,0,0,0,0,180700,5200,0,0,0,0,0,0,0,0,53370,50500,8906400,5496200,0,0,0,0,0,
600023.SH,600023,20251209,92448000,0,0,0,0,0,,,0,0,0,0,0,51200,51300,0,0,0,0,0,0,0,0,0,186100,100,0,0,0,0,0,0,0,0,51300,0,0,0,0,0,0,0,0,0,186100,0,0,0,0,0,0,0,0,0,53370,50500,8921500,5497400,0,0,0,0,0,
600023.SH,600023,20251209,92451000,0,0,0,0,0,,,0,0,0,0,0,51200,51300,0,0,0,0,0,0,0,0,0,186800,39900,0,0,0,0,0,0,0,0,51300,0,0,0,0,0,0,0,0,0,186800,0,0,0,0,0,0,0,0,0,53350,50500,8963800,5498100,0,0,0,0,0,
600023.SH,600023,20251209,92454000,0,0,0,0,0,,,0,0,0,0,0,51200,51300,0,0,0,0,0,0,0,0,0,202000,33800,0,0,0,0,0,0,0,0,51300,0,0,0,0,0,0,0,0,0,202000,0,0,0,0,0,0,0,0,0,53350,50510,8972900,5513300,0,0,0,0,0,
600023.SH,600023,20251209,92457000,0,0,0,0,0,,,0,0,0,0,0,51200,51300,0,0,0,0,0,0,0,0,0,203800,35300,0,0,0,0,0,0,0,0,51300,0,0,0,0,0,0,0,0,0,203800,0,0,0,0,0,0,0,0,0,53350,50510,8983400,5515600,0,0,0,0,0,
600023.SH,600023,20251209,92500000,0,0,0,0,0,,,0,0,0,0,0,51200,51300,0,0,0,0,0,0,0,0,0,239100,0,0,0,0,0,0,0,0,0,51300,0,0,0,0,0,0,0,0,0,239100,27400,0,0,0,0,0,0,0,0,53350,50520,8983400,5579300,0,0,0,0,0,
600023.SH,600023,20251209,92503000,51300,239100,1226583,107,0,,,239100,1226583,51300,51300,51300,51200,51400,51500,51600,51700,51800,51900,52000,52100,52200,52300,158400,505100,636500,390200,637600,466800,380900,252700,147300,196400,51300,51200,51100,51000,50900,50800,50700,50600,50500,50400,27400,18200,158200,343000,451000,350300,1109700,244200,849700,27100,53420,50430,8744300,5340200,0,0,0,0,0,
600023.SH,600023,20251209,93000000,51300,200,1026,108,0,,,239300,1227609,51300,51300,51300,51200,51400,51500,51600,51700,51800,51900,52000,52100,52200,52300,159600,505100,636500,390200,637600,466800,380900,252700,147300,196400,51300,51200,51100,51000,50900,50800,50700,50600,50500,50400,27200,18200,158200,343000,451000,350300,1109700,244200,849700,27100,53410,50430,8712500,5342500,0,0,0,0,0,
600023.SH,600023,20251209,93003000,51300,14700,75411,121,0,,,254000,1303020,51300,51300,51300,51200,51400,51500,51600,51700,51800,51900,52000,52100,52200,52300,189200,546400,640500,412200,649200,474800,382900,253700,148300,196400,51300,51200,51100,51000,50900,50800,50700,50600,50500,50400,14400,894200,165900,347100,452000,351300,1107700,254300,849900,27100,53400,50540,8873000,6237800,0,0,0,0,0,
600023.SH,600023,20251209,93006000,51300,28200,144728,152,0,,,282200,1447748,51400,51200,51300,51200,51300,51400,51500,51600,51700,51800,51900,52000,52100,52200,19100,210000,569800,643200,464600,655300,479300,388900,253900,148300,51200,51100,51000,50900,50800,50700,50600,50500,50400,50300,904600,180300,585200,449600,378300,1110700,256300,849900,27100,43100,53380,50560,9053300,6516900,0,0,0,0,0,
600023.SH,600023,20251209,93009000,51300,60400,309275,172,0,,,342600,1757023,51400,51200,51300,51200,51300,51400,51500,51600,51700,51800,51900,52000,52100,52200,633600,216600,677700,743200,536600,772600,479900,391800,253900,148300,51200,51100,51000,50900,50800,50700,50600,50500,50400,50300,851100,184000,592500,417800,388100,1110700,309200,849900,26600,43100,53200,50550,10158600,6504800,0,0,0,0,0,
600023.SH,600023,20251209,93012000,51300,11600,59508,191,0,,,354200,1816531,51400,51200,51300,51200,51300,51400,51500,51600,51700,51800,51900,52000,52100,52200,638700,359500,771500,743200,542600,792300,586800,399200,256400,157600,51200,51100,51000,50900,50800,50700,50600,50500,50400,50300,864300,184500,602700,419800,391600,1111100,313200,859900,27400,43100,53160,50550,10621700,6552500,0,0,0,0,0,
600023.SH,600023,20251209,93015000,51300,20600,105523,209,0,,,374800,1922054,51400,51200,51300,51200,51300,51400,51500,51600,51700,51800,51900,52000,52100,52200,658700,375400,781500,762200,563600,804300,610700,400200,262400,158900,51200,51100,51000,50900,50800,50700,50600,50500,50400,50300,858900,199600,1104100,433800,394800,1121100,316200,859900,27400,43100,53150,50590,10826300,7098300,0,0,0,0,0,
600023.SH,600023,20251209,93018000,51200,2200,11281,222,0,,,377000,1933335,51400,51200,51300,51200,51300,51400,51500,51600,51700,51800,51900,52000,52100,52200,652100,396100,782800,774200,712600,814300,638000,406200,262400,171500,51200,51100,51000,50900,50800,50700,50600,50500,50400,50300,862800,196600,1114100,433800,396900,1121100,316200,859900,27400,43100,53120,50590,11064900,7111300,0,0,0,0,0,
600023.SH,600023,20251209,93021000,51200,7800,40002,240,0,,,384800,1973337,51400,51200,51300,51200,51300,51400,51500,51600,51700,51800,51900,52000,52100,52200,652400,442100,782800,811500,727700,830900,640100,436200,262400,171500,51200,51100,51000,50900,50800,50700,50600,50500,50400,50300,870600,231000,1132100,433800,398800,1121100,322300,866000,27400,43100,53100,50590,11267400,7185900,0,0,0,0,0,
600023.SH,600023,20251209,93024000,51300,7000,35890,254,0,,,391800,2009227,51400,51200,51300,51200,51300,51400,51500,51600,51700,51800,51900,52000,52100,52200,648900,431000,782800,801500,727700,1320800,640100,440700,262400,171500,51200,51100,51000,50900,50800,50700,50600,50500,50400,50300,870000,231000,1132100,435800,399300,1126100,322300,866000,32400,43100,53050,50590,11786100,7198200,0,0,0,0,0,
600023.SH,600023,20251209,93027000,51200,2000,10256,259,0,,,393800,2019483,51400,51200,51300,51200,51300,51400,51500,51600,51700,51800,51900,52000,52100,52200,668300,426000,791600,824500,747700,1325800,642100,440700,262400,171500,51200,51100,51000,50900,50800,50700,50600,50500,50400,50300,58500,256300,1132400,435800,399300,1126100,322300,866000,32400,43100,53050,50510,11890500,6413300,0,0,0,0,0,
600023.SH,600023,20251209,93030000,51300,20200,103441,281,0,,,414000,2122924,51400,51200,51300,51200,51300,51400,51500,51600,51700,51800,51900,52000,52100,52200,685200,427600,793600,824500,747700,1325800,642600,444700,262400,171500,51200,51100,51000,50900,50800,50700,50600,50500,50400,50300,47200,256300,1132400,435800,399300,1126100,322300,866000,32400,46100,53050,50510,11917600,6405000,0,0,0,0,0,
600023.SH,600023,20251209,93033000,51200,66800,342016,330,0,,,480800,2464940,51400,51200,51300,51200,51200,51300,51400,51500,51600,51700,51800,51900,52000,52100,149800,672600,430000,793600,826400,750900,1326800,644600,444700,263400,51100,51000,50900,50800,50700,50600,50500,50400,50300,50200,267300,1132400,435800,399300,1126100,322300,866000,32400,46100,1017100,53030,50510,12085500,6368800,0,0,0,0,0,
600023.SH,600023,20251209,93036000,51200,9300,47616,350,0,,,490100,2512556,51400,51200,51300,51200,51200,51300,51400,51500,51600,51700,51800,51900,52000,52100,141900,674300,425200,791700,826400,742900,1326800,644600,444700,263400,51100,51000,50900,50800,50700,50600,50500,50400,50300,50200,277300,1133400,445800,399300,1126100,322300,866000,32400,46100,1017100,53030,50510,12078600,6389800,0,0,0,0,0,
600023.SH,600023,20251209,93039000,51100,14900,76146,364,0,,,505000,2588702,51400,51100,51300,51200,51200,51300,51400,51500,51600,51700,51800,51900,52000,52100,157600,684100,426900,801700,826400,742900,1326800,644600,444700,263400,51100,51000,50900,50800,50700,50600,50500,50400,50300,50200,535000,1133400,445800,399300,1126100,322300,866000,32400,46100,1017100,53030,50530,12119600,6647500,0,0,0,0,0,
600023.SH,600023,20251209,93042000,51200,900,4605,366,0,,,505900,2593307,51400,51100,51300,51200,51200,51300,51400,51500,51600,51700,51800,51900,52000,52100,192600,672800,436700,801700,826400,752900,1326800,644600,444700,263400,51100,51000,50900,50800,50700,50600,50500,50400,50300,50200,539400,1138200,449800,409300,1126100,322300,866000,32400,46100,1017100,53020,50540,12163100,6670700,0,0,0,0,0,
600023.SH,600023,20251209,93045000,51200,6900,35323,389,0,,,512800,2628630,51400,51100,51300,51200,51200,51300,51400,51500,51600,51700,51800,51900,52000,52100,250900,686000,436200,801700,826400,752900,1326800,644600,444700,263400,51100,51000,50900,50800,50700,50600,50500,50400,50300,50200,543100,1138200,449800,409300,1126100,322300,866000,32400,46100,1017100,53010,50530,12249100,6675200,0,0,0,0,0,
600023.SH,600023,20251209,93048000,51200,1500,7680,392,0,,,514300,2636310,51400,51100,51300,51200,51200,51300,51400,51500,51600,51700,51800,51900,52000,52100,295700,682200,355300,812600,826400,752900,1326800,645100,444700,263400,51100,51000,50900,50800,50700,50600,50500,50400,50300,50200,545100,1138200,449800,409300,1126100,322300,866000,32400,46100,1017100,53020,50540,12220600,6677200,0,0,0,0,0,
600023.SH,600023,20251209,93051000,51200,17100,87473,404,0,,,531400,2723783,51400,51100,51300,51200,51200,51300,51400,51500,51600,51700,51800,51900,52000,52100,287800,689900,353900,820600,826400,752900,1326800,645100,444700,263400,51100,51000,50900,50800,50700,50600,50500,50400,50300,50200,726000,1136200,449800,409300,1126100,322300,866000,32400,46100,1017100,53020,50550,12228200,6856100,0,0,0,0,0,
600023.SH,600023,20251209,93054000,51200,500,2560,405,0,,,531900,2726343,51400,51100,51300,51200,51200,51300,51400,51500,51600,51700,51800,51900,52000,52100,294400,683700,353900,820600,826400,752900,1326800,645100,444700,263400,51100,51000,50900,50800,50700,50600,50500,50400,50300,50200,731000,1136200,459800,409300,1126100,322300,866000,32400,46100,1017100,53020,50550,12228600,6874100,0,0,0,0,0,
600023.SH,600023,20251209,93057000,51200,0,0,405,0,,,531900,2726343,51400,51100,51300,51200,51200,51300,51400,51500,51600,51700,51800,51900,52000,52100,322500,702700,353900,820600,826400,752900,1326800,645100,444700,263400,51100,51000,50900,50800,50700,50600,50500,50400,50300,50200,728000,1135600,417100,409300,1126100,323300,866000,32400,46100,1017100,53010,50550,12275700,6828800,0,0,0,0,0,
600023.SH,600023,20251209,93100000,51200,100,512,406,0,,,532000,2726855,51400,51100,51300,51200,51200,51300,51400,51500,51600,51700,51800,51900,52000,52100,327900,695600,353900,820600,829400,752900,1312800,645100,444700,263400,51100,51000,50900,50800,50700,50600,50500,50400,50300,50200,733000,1138600,413100,414300,1126100,323300,866000,32400,46100,1017100,53010,50550,12278100,6837800,0,0,0,0,0,
600023.SH,600023,20251209,93103000,51100,300,1533,407,0,,,532300,2728388,51400,51100,51300,51200,51200,51300,51400,51500,51600,51700,51800,51900,52000,52100,333700,695600,353900,820600,829400,752900,1312800,645100,444700,263400,51100,51000,50900,50800,50700,50600,50500,50400,50300,50200,751500,1138600,413100,414300,1126100,323300,866000,32400,46100,1017100,53010,50550,12285200,6856300,0,0,0,0,0,
600023.SH,600023,20251209,93106000,51200,800,4096,409,0,,,533100,2732484,51400,51100,51300,51200,51200,51300,51400,51500,51600,51700,51800,51900,52000,52100,353400,695600,353900,820600,829400,752900,1312800,645100,445200,263400,51100,51000,50900,50800,50700,50600,50500,50400,50300,50200,754800,1139600,413100,414300,1126100,323300,866000,32400,46100,1023900,53030,50550,12400200,6867400,0,0,0,0,0,
600023.SH,600023,20251209,93109000,51200,11000,56319,429,0,,,544100,2788803,51400,51100,51300,51200,51200,51300,51400,51500,51600,51700,51800,51900,52000,52100,342500,695600,353900,822600,829400,752900,1312800,645100,445200,263400,51100,51000,50900,50800,50700,50600,50500,50400,50300,50200,795200,1141600,432400,414300,1126100,323300,866000,32400,46100,1023900,53030,50550,12391300,6929100,0,0,0,0,0,
600023.SH,600023,20251209,93112000,51200,7700,39423,461,0,,,551800,2828226,51400,51100,51300,51200,51200,51300,51400,51500,51600,51700,51800,51900,52000,52100,337000,694000,353900,822600,829400,755900,1312800,645100,445200,263400,51100,51000,50900,50800,50700,50600,50500,50400,50300,50200,839600,1141600,432400,414300,1126200,323300,866000,32400,46100,1023900,53030,50560,12388100,6973900,0,0,0,0,0,
600023.SH,600023,20251209,93115000,51200,400,2048,462,0,,,552200,2830274,51400,51100,51300,51200,51200,51300,51400,51500,51600,51700,51800,51900,52000,52100,336800,713600,353900,822600,829400,755900,1312800,645100,445200,263400,51100,51000,50900,50800,50700,50600,50500,50400,50300,50200,839700,1161600,438400,421300,1126200,323300,866000,32400,46100,1023900,53030,50560,12407500,7007000,0,0,0,0,0,
600023.SH,600023,20251209,93118000,51200,800,4096,465,0,,,553000,2834370,51400,51100,51300,51200,51200,51300,51400,51500,51600,51700,51800,51900,52000,52100,327800,716600,353900,822600,829400,755900,1312800,645600,445200,263400,51100,51000,50900,50800,50700,50600,50500,50400,50300,50200,854500,1161600,441400,421900,1131200,323300,866000,32400,44600,1023900,53030,50560,12408500,7028900,0,0,0,0,0,
600023.SH,600023,20251209,93121000,51200,4400,22521,476,0,,,557400,2856891,51400,51100,51300,51200,51200,51300,51400,51500,51600,51700,51800,51900,52000,52100,324100,716600,353900,822600,829400,755900,1312800,645600,445200,263400,51100,51000,50900,50800,50700,50600,50500,50400,50300,50200,864200,1156600,441400,421900,1131200,323300,866000,32400,44600,1023900,53030,50560,12404800,7033600,0,0,0,0,0,
600023.SH,600023,20251209,93124000,51200,11800,60348,493,0,,,569200,2917239,51400,51100,51300,51200,51200,51300,51400,51500,51600,51700,51800,51900,52000,52100,319200,716600,352300,822600,829400,755900,1312800,645600,445200,263400,51100,51000,50900,50800,50700,50600,50500,50400,50300,50200,999800,1155600,442400,447900,1131200,323300,866000,32400,44600,1023900,53030,50570,12398300,7200200,0,0,0,0,0,
600023.SH,600023,20251209,93127000,51100,14000,71541,496,0,,,583200,2988780,51400,51100,51300,51200,51200,51300,51400,51500,51600,51700,51800,51900,52000,52100,323100,708900,352300,822600,829400,755900,1312800,645600,445200,263400,51100,51000,50900,50800,50700,50600,50500,50400,50300,50200,1007500,1155600,442400,447900,1131200,323300,866000,32400,44600,1023900,53030,50570,12394500,7210600,0,0,0,0,0,
600023.SH,600023,20251209,93130000,51200,14200,72704,524,0,,,597400,3061484,51400,51100,51300,51200,51200,51300,51400,51500,51600,51700,51800,51900,52000,52100,308900,708900,352300,822600,829400,755900,1312800,645600,445200,263400,51100,51000,50900,50800,50700,50600,50500,50400,50300,50200,1007600,1155600,442400,450900,1131200,323300,866000,32400,44600,1023900,53030,50570,12380300,7213700,0,0,0,0,0,
600023.SH,600023,20251209,93133000,51200,4200,21504,534,0,,,601600,3082988,51400,51100,51300,51200,51200,51300,51400,51500,51600,51700,51800,51900,52000,52100,244700,708900,352300,815100,803400,758900,1313300,645600,445400,263400,51100,51000,50900,50800,50700,50600,50500,50400,50300,50200,1011100,1160600,442400,452900,1133300,330100,866000,32400,44600,1023900,53040,50570,12286300,7233100,0,0,0,0,0,
600023.SH,600023,20251209,93136000,51200,5800,29696,548,0,,,607400,3112684,51400,51100,51300,51200,51200,51300,51400,51500,51600,51700,51800,51900,52000,52100,241800,705800,352300,815100,803400,758900,1313300,645600,445400,263400,51100,51000,50900,50800,50700,50600,50500,50400,50300,50200,1012300,1160600,442400,452900,1133300,330100,866000,32400,44600,1023900,53050,50570,12280300,7234900,0,0,0,0,0,
600023.SH,600023,20251209,93139000,51200,700,3583,554,0,,,608100,3116267,51400,51100,51300,51200,51200,51300,51400,51500,51600,51700,51800,51900,52000,52100,272500,704200,360000,815100,803400,758900,1313300,645600,445400,263400,51100,51000,50900,50800,50700,50600,50500,50400,50300,50200,1064400,1160600,437400,452900,1138300,330100,866000,32400,44600,1023900,53040,50580,12319700,7286400,0,0,0,0,0,
600023.SH,600023,20251209,93142000,51200,1100,5632,557,0,,,609200,3121899,51400,51100,51300,51200,51200,51300,51400,51500,51600,51700,51800,51900,52000,52100,273700,700500,360000,815100,803400,758900,1313300,645600,445400,263400,51100,51000,50900,50800,50700,50600,50500,50400,50300,50200,1065700,1180600,437400,452900,1138300,330100,866000,32400,44600,1023900,53040,50580,12317200,7307700,0,0,0,0,0,
600023.SH,600023,20251209,93145000,51200,14600,74721,568,0,,,623800,3196620,51400,51100,51300,51200,51200,51300,51400,51500,51600,51700,51800,51900,52000,52100,262900,700500,360000,815100,803400,758900,1313300,645600,445400,263400,51100,51000,50900,50800,50700,50600,50500,50400,50300,50200,1073000,1180600,437400,472900,1138300,350100,866000,32400,44600,1023900,53040,50580,12306400,7355000,0,0,0,0,0,
600023.SH,600023,20251209,93148000,51200,2200,11264,570,0,,,626000,3207884,51400,51100,51300,51200,51200,51300,51400,51500,51600,51700,51800,51900,52000,52100,261700,700500,314000,815100,803400,758900,1319300,645600,445400,263400,51100,51000,50900,50800,50700,50600,50500,50400,50300,50200,1074100,1180600,438200,477900,1138300,350100,866000,32400,44600,1023900,53050,50580,12265200,7361900,0,0,0,0,0,
600023.SH,600023,20251209,93151000,51100,1300,6645,573,0,,,627300,3214529,51400,51100,51300,51200,51200,51300,51400,51500,51600,51700,51800,51900,52000,52100,263900,701500,314000,815100,803400,758900,1319300,645600,445400,263400,51100,51000,50900,50800,50700,50600,50500,50400,50300,50200,1085500,1180900,438200,479900,1138300,350100,866000,32400,44600,1023900,53050,50580,12268400,7377600,0,0,0,0,0,
600023.SH,600023,20251209,93154000,51100,4000,20470,575,0,,,631300,3234999,51400,51100,51300,51200,51200,51300,51400,51500,51600,51700,51800,51900,52000,52100,265800,701500,324000,815100,803400,758900,1319300,645600,445400,263400,51100,51000,50900,50800,50700,50600,50500,50400,50300,50200,1084500,1181900,438200,479900,1138300,350100,866000,32400,44600,1023900,53050,50580,12290300,7377600,0,0,0,0,0,
600023.SH,600023,20251209,93157000,51200,1800,9208,579,0,,,633100,3244207,51400,51100,51300,51200,51200,51300,51400,51500,51600,51700,51800,51900,52000,52100,264900,701500,324000,815100,803400,758900,1319300,645600,445400,263400,51100,51000,50900,50800,50700,50600,50500,50400,50300,50200,1111800,1186900,438200,479900,1138300,352200,886000,32400,44600,1023900,53050,50580,12289400,7432000,0,0,0,0,0,
600023.SH,600023,20251209,93200000,51100,3200,16363,582,0,,,636300,3260570,51400,51100,51300,51200,51200,51300,51400,51500,51600,51700,51800,51900,52000,52100,285100,704500,324000,815100,803400,758900,1319300,645600,445400,263400,51100,51000,50900,50800,50700,50600,50500,50400,50300,50200,1112300,1186900,438200,479900,1138300,352200,886000,32400,44600,1023900,53040,50580,12312600,7432500,0,0,0,0,0,
600023.SH,600023,20251209,93203000,51200,8400,42994,585,0,,,644700,3303564,51400,51100,51300,51200,51200,51300,51400,51500,51600,51700,51800,51900,52000,52100,236700,704500,324000,815100,803400,758900,1313300,645600,445400,263400,51100,51000,50900,50800,50700,50600,50500,50400,50300,50200,1136600,1186900,438200,499900,1138300,352200,886000,32400,44600,1023900,53050,50580,12258200,7476800,0,0,0,0,0,
600023.SH,600023,20251209,93206000,51200,16500,84466,606,0,,,661200,3388030,51400,51100,51300,51200,51200,51300,51400,51500,51600,51700,51800,51900,52000,52100,181300,704400,324000,815100,803400,758900,1313300,645600,445400,263400,51100,51000,50900,50800,50700,50600,50500,50400,50300,50200,1127200,1186900,438200,499900,1138700,352200,886000,32400,44600,1023900,53060,50580,12202700,7467800,0,0,0,0,0,
600023.SH,600023,20251209,93209000,51200,16900,86528,637,0,,,678100,3474558,51400,51100,51300,51200,51200,51300,51400,51500,51600,51700,51800,51900,52000,52100,165000,704400,324000,815100,813400,758900,1312800,645600,445400,263400,51100,51000,50900,50800,50700,50600,50500,50400,50300,50200,1115800,1194900,441000,499900,1138700,352200,886000,32400,44600,1023900,53060,50580,12195900,7467200,0,0,0,0,0,
600023.SH,600023,20251209,93212000,51200,15200,77824,656,0,,,693300,3552382,51400,51100,51300,51200,51200,51300,51400,51500,51600,51700,51800,51900,52000,52100,146500,701300,325900,815100,813400,767900,1312800,645600,445400,263400,51100,51000,50900,50800,50700,50600,50500,50400,50300,50200,1111900,1197200,444000,504900,1142100,352200,886000,32400,44600,1023900,53060,50580,12185200,7482000,0,0,0,0,0,
600023.SH,600023,20251209,93215000,51200,900,4608,661,0,,,694200,3556990,51400,51100,51300,51200,51200,51300,51400,51500,51600,51700,51800,51900,52000,52100,146400,701300,325900,815100,813400,767900,1312800,645600,445400,263400,51100,51000,50900,50800,50700,50600,50500,50400,50300,50200,1138400,1201200,444000,504900,1142100,352200,886000,32400,44600,1023900,53060,50580,12185100,7512500,0,0,0,0,0,
600023.SH,600023,20251209,93218000,51200,66800,341486,691,0,,,761000,3898476,51400,51100,51300,51200,51200,51300,51400,51500,51600,51700,51800,51900,52000,52100,139800,701300,325900,857600,823400,767900,1312800,645600,445400,263400,51100,51000,50900,50800,50700,50600,50500,50400,50300,50200,1085500,1201200,444000,504900,1142100,352200,886000,32400,44600,1023900,53060,50580,12233000,7459600,0,0,0,0,0,
600023.SH,600023,20251209,93221000,51200,0,0,691,0,,,761000,3898476,51400,51100,51300,51200,51200,51300,51400,51500,51600,51700,51800,51900,52000,52100,150500,701300,325900,857600,823400,767900,1312800,645600,447400,263400,51100,51000,50900,50800,50700,50600,50500,50400,50300,50200,1073900,1201200,444000,505500,1142100,352200,886000,32400,44600,1023900,53050,50580,12245700,7448600,0,0,0,0,0,
600023.SH,600023,20251209,93224000,51200,1300,6653,693,0,,,762300,3905129,51400,51100,51300,51200,51200,51300,51400,51500,51600,51700,51800,51900,52000,52100,152700,701300,325900,857600,823400,767900,1322800,645600,447400,263400,51100,51000,50900,50800,50700,50600,50500,50400,50300,50200,1073600,1201200,444000,505500,1142100,352200,886000,32400,44600,1023900,53050,50580,12257900,7448300,0,0,0,0,0,
600023.SH,600023,20251209,93227000,51200,2600,13306,699,0,,,764900,3918435,51400,51100,51300,51200,51200,51300,51400,51500,51600,51700,51800,51900,52000,52100,204100,701300,325900,855600,823400,767900,1322800,647100,447400,263400,51100,51000,50900,50800,50700,50600,50500,50400,50300,50200,1088800,1203400,444000,505500,1144100,352200,886000,32400,44600,1023900,53050,50580,12309300,7467700,0,0,0,0,0,
600023.SH,600023,20251209,93230000,51200,268400,1374268,838,0,,,1033300,5292703,51400,51100,51300,51200,51300,51400,51500,51600,51700,51800,51900,52000,52100,52200,686300,335900,855600,823400,767900,1322800,647100,447400,263400,172700,51200,51100,51000,50900,50800,50700,50600,50500,50400,50300,1000,1098600,1203400,444000,506100,1144100,352200,886000,39400,44600,53080,50580,12102200,7486100,0,0,0,0,0,
600023.SH,600023,20251209,93233000,51300,15900,81567,839,0,,,1049200,5374270,51400,51100,51300,51200,51300,51400,51500,51600,51700,51800,51900,52000,52100,52200,679900,335900,855600,823400,778900,1322800,647100,447600,263400,172700,51200,51100,51000,50900,50800,50700,50600,50500,50400,50300,50200,1011900,1203400,444000,506100,1144100,352200,886000,39400,44600,53080,50580,12107500,7448600,0,0,0,0,0,
600023.SH,600023,20251209,93236000,51300,100,513,840,0,,,1049300,5374783,51400,51100,51300,51200,51300,51400,51500,51600,51700,51800,51900,52000,52100,52200,680000,335900,855600,823400,824000,1322800,647100,447600,263400,172700,51200,51100,51000,50900,50800,50700,50600,50500,50400,50300,52000,1010900,1203400,444000,515300,1164300,355200,886000,39400,44600,53070,50580,12152700,7481800,0,0,0,0,0,
600023.SH,600023,20251209,93239000,51300,0,0,840,0,,,1049300,5374783,51400,51100,51300,51200,51300,51400,51500,51600,51700,51800,51900,52000,52100,52200,680000,335900,855600,823400,824000,1322800,647100,447800,263400,172700,51200,51100,51000,50900,50800,50700,50600,50500,50400,50300,109400,1017400,1209400,444000,515300,1164300,355200,886000,39400,44600,53070,50590,12152900,7551700,0,0,0,0,0,
600023.SH,600023,20251209,93242000,51200,2000,10240,851,0,,,1051300,5385023,51400,51100,51300,51200,51300,51400,51500,51600,51700,51800,51900,52000,52100,52200,680100,335900,855600,823400,824000,1322800,647100,447800,263400,172700,51200,51100,51000,50900,50800,50700,50600,50500,50400,50300,121700,1013800,1209400,444000,515300,1164300,355200,886000,39400,46600,53070,50590,12175000,7562400,0,0,0,0,0,
600023.SH,600023,20251209,93245000,51300,3700,18981,855,0,,,1055000,5404004,51400,51100,51300,51200,51300,51400,51500,51600,51700,51800,51900,52000,52100,52200,667500,335900,855600,823400,824000,1322800,647100,447800,263400,172700,51200,51100,51000,50900,50800,50700,50600,50500,50400,50300,107500,1013800,1205100,468700,515300,1164300,355200,886000,39400,46600,53070,50590,12162400,7568900,0,0,0,0,0,
600023.SH,600023,20251209,93248000,51300,12900,66156,868,0,,,1067900,5470160,51400,51100,51300,51200,51300,51400,51500,51600,51700,51800,51900,52000,52100,52200,656700,335900,836700,823400,824000,1322800,647100,447800,263400,172700,51200,51100,51000,50900,50800,50700,50600,50500,50400,50300,128500,1012800,1205100,468700,515300,1164300,355200,886000,39400,46600,53080,50590,12132700,7588900,0,0,0,0,0,
600023.SH,600023,20251209,93251000,51300,7800,40014,873,0,,,1075700,5510174,51400,51100,51300,51200,51300,51400,51500,51600,51700,51800,51900,52000,52100,52200,653400,336300,843100,823400,824000,1322800,647100,447800,263400,172700,51200,51100,51000,50900,50800,50700,50600,50500,50400,50300,164700,1047800,1205100,438600,515300,1164300,355200,886000,39400,46600,53080,50590,12136200,7630000,0,0,0,0,0,
600023.SH,600023,20251209,93254000,51300,643500,3301135,929,0,,,1719200,8811309,51400,51100,51300,51200,51400,51500,51600,51700,51800,51900,52000,52100,52200,52300,336300,843100,823400,824000,1322800,647100,447800,263400,172700,204000,51300,51200,51100,51000,50900,50800,50700,50600,50500,50400,75200,262500,1045300,1205100,438600,515300,1164400,355200,886000,39400,53180,50610,11482800,7800600,0,0,0,0,0,
600023.SH,600023,20251209,93257000,51400,93900,482433,951,0,,,1813100,9293742,51400,51100,51300,51200,51400,51500,51600,51700,51800,51900,52000,52100,52200,52300,293400,843100,823400,824000,1322800,647100,447800,263400,172700,194000,51300,51200,51100,51000,50900,50800,50700,50600,50500,50400,93700,215600,1041600,1215100,438600,515300,1164300,350200,886000,39400,53190,50600,11429900,7792700,0,0,0,0,0,
600023.SH,600023,20251209,93300000,51400,3800,19532,957,0,,,1816900,9313274,51400,51100,51300,51200,51400,51500,51600,51700,51800,51900,52000,52100,52200,52300,289900,843100,827200,826000,1322800,647100,447800,263400,172700,194000,51300,51200,51100,51000,50900,50800,50700,50600,50500,50400,139700,221900,1041600,729300,438600,515300,1164300,350200,886000,39400,53190,50580,11432600,7359200,0,0,0,0,0,
600023.SH,600023,20251209,93303000,51400,7300,37522,960,0,,,1824200,9350796,51400,51100,51300,51200,51400,51500,51600,51700,51800,51900,52000,52100,52200,52300,282600,843100,832200,830000,1322800,647300,447800,263400,172700,194000,51300,51200,51100,51000,50900,50800,50700,50600,50500,50400,145700,230700,1053900,727200,438600,515300,1164300,350200,888000,39400,53190,50580,11434500,7386200,0,0,0,0,0,
600023.SH,600023,20251209,93306000,51400,167600,861389,981,0,,,1991800,10212185,51400,51100,51300,51200,51400,51500,51600,51700,51800,51900,52000,52100,52200,52300,124600,843100,832200,830000,1322800,647300,447800,263400,172700,194000,51300,51200,51100,51000,50900,50800,50700,50600,50500,50400,219600,257800,1087100,727200,438600,514700,1164400,350200,888000,39400,53210,50600,11276500,7518900,0,0,0,0,0,
600023.SH,600023,20251209,93309000,51400,300,1542,984,0,,,1992100,10213727,51400,51100,51300,51200,51400,51500,51600,51700,51800,51900,52000,52100,52200,52300,129300,843100,832200,830000,1322800,647300,447800,263400,172700,194000,51300,51200,51100,51000,50900,50800,50700,50600,50500,50400,211100,755700,1087000,727200,438600,514700,1164400,350200,888000,39400,53210,50630,11283200,8008200,0,0,0,0,0,
600023.SH,600023,20251209,93312000,51400,155400,799019,1030,0,,,2147500,11012746,51500,51100,51300,51200,51500,51600,51700,51800,51900,52000,52100,52200,52300,52400,819000,832200,833000,1322800,647300,447800,263400,192700,194000,101600,51400,51300,51200,51100,51000,50900,50800,50700,50600,50500,49900,228600,747900,1096600,727200,438600,514700,1164400,350200,888000,53230,50640,11154600,8077400,0,0,0,0,0,
600023.SH,600023,20251209,93315000,51500,21300,109601,1043,0,,,2168800,11122347,51500,51100,51300,51200,51500,51600,51700,51800,51900,52000,52100,52200,52300,52400,765700,833200,833000,1322800,647300,447800,263400,192700,194000,101600,51400,51300,51200,51100,51000,50900,50800,50700,50600,50500,18000,194000,746800,1096600,727200,437600,514700,1164400,350200,888000,53240,50630,11107600,8008800,0,0,0,0,0,
600023.SH,600023,20251209,93318000,51400,8400,43196,1054,0,,,2177200,11165543,51500,51100,51300,51200,51500,51600,51700,51800,51900,52000,52100,52200,52300,52400,771800,841200,833800,1322800,646300,448200,263400,192700,194000,101600,51400,51300,51200,51100,51000,50900,50800,50700,50600,50500,54600,206700,747000,1096600,727000,447400,514700,1164400,350200,888000,53240,50640,11121900,8067900,0,0,0,0,0,
600023.SH,600023,20251209,93321000,51500,7300,37525,1061,0,,,2184500,11203068,51500,51100,51300,51200,51500,51600,51700,51800,51900,52000,52100,52200,52300,52400,771800,841400,834200,1322800,668100,448200,204600,192700,194000,101600,51400,51300,51200,51100,51000,50900,50800,50700,50600,50500,54500,167500,747000,1096600,727000,447400,514700,1164400,350200,888000,53240,50630,11113200,8028600,0,0,0,0,0,
600023.SH,600023,20251209,93324000,51400,15000,77130,1067,0,,,2199500,11280198,51500,51100,51300,51200,51500,51600,51700,51800,51900,52000,52100,52200,52300,52400,778000,841400,834200,1320800,668100,448200,204600,192700,194000,101600,51400,51300,51200,51100,51000,50900,50800,50700,50600,50500,59200,168500,747000,1089800,727000,452400,512700,1164400,350200,888000,53240,50630,11117400,8030500,0,0,0,0,0,
600023.SH,600023,20251209,93327000,51500,2400,12340,1070,0,,,2201900,11292538,51500,51100,51300,51200,51500,51600,51700,51800,51900,52000,52100,52200,52300,52400,782000,841400,850000,1326200,668100,449400,204600,192700,194000,101600,51400,51300,51200,51100,51000,50900,50800,50700,50600,50500,71900,411400,747000,1084100,727000,452400,512700,1164400,350200,888000,53240,50650,11215000,8280400,0,0,0,0,0,
600023.SH,600023,20251209,93330000,51400,7200,37008,1072,0,,,2209100,11329546,51500,51100,51300,51200,51500,51600,51700,51800,51900,52000,52100,52200,52300,52400,794900,842100,852000,1327200,726900,447400,204600,192700,194000,101600,51400,51300,51200,51100,51000,50900,50800,50700,50600,50500,65800,548500,685900,1084100,729000,452400,512700,1164400,350200,881900,53230,50660,11330400,8346800,0,0,0,0,0,
600023.SH,600023,20251209,93333000,51400,5100,26263,1075,0,,,2214200,11355809,51500,51100,51300,51200,51500,51600,51700,51800,51900,52000,52100,52200,52300,52400,819000,847100,853500,1328200,731900,447400,204600,192700,194000,101600,51400,51300,51200,51100,51000,50900,50800,50700,50600,50500,97400,537100,687900,1084100,728200,452400,512700,1164400,348200,881900,53220,50660,11372000,8369200,0,0,0,0,0,
600023.SH,600023,20251209,93336000,51500,4300,22132,1077,0,,,2218500,11377941,51500,51100,51300,51200,51500,51600,51700,51800,51900,52000,52100,52200,52300,52400,820000,847700,853500,1328200,738100,447400,204600,192700,194000,101600,51400,51300,51200,51100,51000,50900,50800,50700,50600,50500,94600,545200,697900,1084100,728200,452400,512700,1164400,348200,881900,53220,50660,11382800,8384500,0,0,0,0,0,
600023.SH,600023,20251209,93339000,51500,0,0,1077,0,,,2218500,11377941,51500,51100,51300,51200,51500,51600,51700,51800,51900,52000,52100,52200,52300,52400,820000,847700,876500,1328200,738600,447400,204600,192700,194000,107300,51400,51300,51200,51100,51000,50900,50800,50700,50600,50500,109000,545700,707900,520000,723200,452400,512700,1164400,348200,881900,53220,50630,11418000,7840300,0,0,0,0,0,
600023.SH,600023,20251209,93342000,51500,100,515,1078,0,,,2218600,11378456,51500,51100,51300,51200,51500,51600,51700,51800,51900,52000,52100,52200,52300,52400,821900,856700,884500,1328200,743600,448400,204600,192700,194000,107300,51400,51300,51200,51100,51000,50900,50800,50700,50600,50500,138700,537600,707900,519800,725300,452400,512700,1164400,348200,881900,53220,50640,11444600,7863800,0,0,0,0,0,
600023.SH,600023,20251209,93345000,51500,300,1545,1079,0,,,2218900,11380001,51500,51100,51300,51200,51500,51600,51700,51800,51900,52000,52100,52200,52300,52400,823600,857000,886500,1328200,743600,448900,208600,192700,194000,107300,51400,51300,51200,51100,51000,50900,50800,50700,50600,50500,139000,545800,707900,519600,725300,452400,512700,1164400,348200,881900,53220,50640,11453100,7872100,0,0,0,0,0,
600023.SH,600023,20251209,93348000,51400,5300,27294,1082,0,,,2224200,11407295,51500,51100,51300,51200,51500,51600,51700,51800,51900,52000,52100,52200,52300,52400,820200,860500,886500,1328200,743600,448900,208600,192700,194000,107300,51400,51300,51200,51100,51000,50900,50800,50700,50600,50500,151200,407700,707900,519600,725300,452400,512700,1164400,348200,881900,53220,50630,11455300,7746700,0,0,0,0,0,
600023.SH,600023,20251209,93351000,51500,524400,2700660,1157,0,,,2748600,14107955,51500,51100,51300,51200,51500,51600,51700,51800,51900,52000,52100,52200,52300,52400,289500,861500,888500,1339200,743600,448900,208600,192700,194000,107300,51400,51300,51200,51100,51000,50900,50800,50700,50600,50500,167400,426400,708900,519600,725300,441400,512700,1164400,348200,881900,53300,50630,10938600,7771600,0,0,0,0,0,
600023.SH,600023,20251209,93354000,51500,17200,88530,1165,0,,,2765800,14196485,51500,51100,51300,51200,51500,51600,51700,51800,51900,52000,52100,52200,52300,52400,275900,861500,888500,1339200,743600,450900,208600,192700,194000,107300,51400,51300,51200,51100,51000,50900,50800,50700,50600,50500,194600,430300,708900,517900,725600,441400,512700,1164400,348200,881900,53300,50630,10927800,7801300,0,0,0,0,0,
600023.SH,600023,20251209,93357000,51400,700,3600,1167,0,,,2766500,14200085,51500,51100,51300,51200,51500,51600,51700,51800,51900,52000,52100,52200,52300,52400,275700,868500,888500,1389200,743600,453900,208600,192700,194000,107300,51400,51300,51200,51100,51000,50900,50800,50700,50600,50500,195700,430300,710300,517900,725600,441400,512700,1164400,348200,881900,53290,50630,10998000,7803800,0,0,0,0,0,
600023.SH,600023,20251209,93400000,51500,7400,38110,1170,0,,,2773900,14238195,51500,51100,51300,51200,51500,51600,51700,51800,51900,52000,52100,52200,52300,52400,301300,868500,888500,1389200,747000,453900,208600,192700,194000,107300,51400,51300,51200,51100,51000,50900,50800,50700,50600,50500,209500,419800,710300,517900,725600,441400,512700,1164400,348200,881900,53290,50630,11032600,7812100,0,0,0,0,0,
600023.SH,600023,20251209,93403000,51500,571400,2945261,1343,0,,,3345300,17183456,51600,51100,51300,51200,51600,51700,51800,51900,52000,52100,52200,52300,52400,52500,581000,889500,1392500,752000,453900,208600,192700,194000,107300,239400,51500,51400,51300,51200,51100,51000,50900,50800,50700,50600,113600,246200,405200,706700,524900,725600,441400,512700,1164400,348200,53390,50650,10454100,7951700,0,0,0,0,0,
600023.SH,600023,20251209,93406000,51500,2000,10300,1344,0,,,3347300,17193756,51600,51100,51300,51200,51600,51700,51800,51900,52000,52100,52200,52300,52400,52500,601000,909500,1395200,762000,453900,208600,193700,194000,107300,239400,51500,51400,51300,51200,51100,51000,50900,50800,50700,50600,162900,193200,593900,706700,486700,715600,441400,512700,1164400,348200,53380,50660,10507800,8088500,0,0,0,0,0,
600023.SH,600023,20251209,93409000,51600,60300,310645,1359,0,,,3407600,17504401,51600,51100,51300,51200,51600,51700,51800,51900,52000,52100,52200,52300,52400,52500,614000,914500,1447200,956500,453900,208600,193700,194000,107300,241000,51500,51400,51300,51200,51100,51000,50900,50800,50700,50600,143500,175000,587100,709900,485700,715600,441400,512700,1164400,348200,53340,50660,10780300,8046300,0,0,0,0,0,
600023.SH,600023,20251209,93412000,51500,3300,16997,1362,0,,,3410900,17521398,51600,51100,51300,51200,51600,51700,51800,51900,52000,52100,52200,52300,52400,52500,627400,919200,1458200,958500,453900,208600,195700,194000,107300,241000,51500,51400,51300,51200,51100,51000,50900,50800,50700,50600,160100,220800,587100,689900,485700,715600,441400,512700,1164400,348200,53340,50660,10813400,8090200,0,0,0,0,0,
600023.SH,600023,20251209,93415000,51500,3600,18545,1364,0,,,3414500,17539943,51600,51100,51300,51200,51600,51700,51800,51900,52000,52100,52200,52300,52400,52500,652400,917700,1457500,956500,454800,208600,195700,194000,107300,241000,51500,51400,51300,51200,51100,51000,50900,50800,50700,50600,160000,225800,587700,690000,491700,481100,441400,512700,1164400,348200,53340,50650,10840300,7867300,0,0,0,0,0,
600023.SH,600023,20251209,93418000,51500,0,0,1364,0,,,3414500,17539943,51600,51100,51300,51200,51600,51700,51800,51900,52000,52100,52200,52300,52400,52500,665500,907700,1465900,956500,459800,208600,195700,194000,107300,241000,51500,51400,51300,51200,51100,51000,50900,50800,50700,50600,170400,235800,587700,690000,451400,481100,441400,512700,1164400,348200,53340,50650,10861900,7847400,0,0,0,0,0,
600023.SH,600023,20251209,93421000,51500,230800,1188650,1426,0,,,3645300,18728593,51600,51100,51300,51200,51500,51600,51700,51800,51900,52000,52100,52200,52300,52400,24100,700600,920800,1465900,961500,479800,208600,195700,194000,107300,51400,51300,51200,51100,51000,50900,50800,50700,50600,50500,232500,597700,690000,451400,483100,441400,512700,1164400,348200,881900,53320,50630,10976100,7685700,0,0,0,0,0,
600023.SH,600023,20251209,93424000,51600,42400,218370,1443,0,,,3687700,18946963,51600,51100,51300,51200,51600,51700,51800,51900,52000,52100,52200,52300,52400,52500,711600,923800,1473400,961500,479800,209200,195700,194000,107300,258000,51500,51400,51300,51200,51100,51000,50900,50800,50700,50600,137400,234100,601100,763400,451400,483100,441400,512700,1164400,348200,53320,50650,10987000,7901900,0,0,0,0,0,
600023.SH,600023,20251209,93427000,51500,155200,799280,1462,0,,,3842900,19746243,51600,51100,51300,51200,51600,51700,51800,51900,52000,52100,52200,52300,52400,52500,726800,923800,1475600,970800,481700,209200,195700,194000,107300,266000,51500,51400,51300,51200,51100,51000,50900,50800,50700,50600,1400,237000,601100,773400,451400,483100,441400,512700,1164400,348200,53320,50640,11023600,7778800,0,0,0,0,0,
600023.SH,600023,20251209,93430000,51500,8400,43251,1485,0,,,3851300,19789494,51600,51100,51300,51200,51500,51600,51700,51800,51900,52000,52100,52200,52300,52400,6200,779000,927800,1485600,976800,481700,209200,195700,194000,107300,51400,51300,51200,51100,51000,50900,50800,50700,50600,50500,239900,600700,773400,445200,483100,441400,512700,1164400,348200,881900,53300,50640,11104000,7773700,0,0,0,0,0,
600023.SH,600023,20251209,93433000,51500,1000,5150,1488,0,,,3852300,19794644,51600,51100,51300,51200,51500,51600,51700,51800,51900,52000,52100,52200,52300,52400,9700,781000,941800,1485600,986800,497700,209200,195700,194000,107300,51400,51300,51200,51100,51000,50900,50800,50700,50600,50500,264300,600700,783400,445200,483100,441400,513200,1164400,348200,881900,53300,50640,11150500,7808600,0,0,0,0,0,
600023.SH,600023,20251209,93436000,51500,10400,53560,1504,0,,,3862700,19848204,51600,51100,51300,51200,51500,51600,51700,51800,51900,52000,52100,52200,52300,52400,5100,786000,941800,1485600,986800,499700,209200,195700,194000,107300,51400,51300,51200,51100,51000,50900,50800,50700,50600,50500,265000,610700,783400,446700,483100,441400,513200,1164400,348200,881900,53300,50640,11165000,7820800,0,0,0,0,0,
600023.SH,600023,20251209,93439000,51500,13800,71093,1512,0,,,3876500,19919297,51600,51100,51300,51200,51600,51700,51800,51900,52000,52100,52200,52300,52400,52500,850100,956800,1487600,988500,500300,209200,195700,194000,107300,270000,51500,51400,51300,51200,51100,51000,50900,50800,50700,50600,3900,267300,610700,790600,446700,483100,441400,513200,1164400,348200,53290,50640,11247800,7834200,0,0,0,0,0,
600023.SH,600023,20251209,93442000,51500,13400,69010,1536,0,,,3889900,19988307,51600,51100,51300,51200,51500,51600,51700,51800,51900,52000,52100,52200,52300,52400,100,1061500,969300,1487600,988500,502300,209200,195700,194000,107300,51400,51300,51200,51100,51000,50900,50800,50700,50600,50500,267300,610700,793900,447400,485100,441400,513200,1164400,348200,881900,53250,50640,11473800,7836300,0,0,0,0,0,
600023.SH,600023,20251209,93445000,51500,0,0,1536,0,,,3889900,19988307,51600,51100,51300,51200,51500,51600,51700,51800,51900,52000,52100,52200,52300,52400,35000,1096300,972500,1495600,1014500,502300,209200,195700,194000,107300,51400,51300,51200,51100,51000,50900,50800,50700,50600,50500,267800,610700,793900,447400,485100,441400,513200,1164400,348200,881900,53240,50640,11586500,7837000,0,0,0,0,0,
600023.SH,600023,20251209,93448000,51500,11800,60770,1543,0,,,3901700,20049077,51600,51100,51300,51200,51500,51600,51700,51800,51900,52000,52100,52200,52300,52400,42100,1108600,974500,1497000,1014500,572300,209200,195700,194000,107300,51400,51300,51200,51100,51000,50900,50800,50700,50600,50500,290200,610700,792300,447400,485100,441400,513200,1164400,348200,881900,53230,50650,11679500,7857800,0,0,0,0,0,
600023.SH,600023,20251209,93451000,51400,500,2570,1544,0,,,3902200,20051647,51600,51100,51300,51200,51500,51600,51700,51800,51900,52000,52100,52200,52300,52400,43400,1108600,974500,1497000,1018700,572300,209200,195700,194000,107300,51400,51300,51200,51100,51000,50900,50800,50700,50600,50500,295900,620700,793300,500300,485100,441400,513200,1164400,348200,881900,53230,50650,11686000,7927400,0,0,0,0,0,
600023.SH,600023,20251209,93454000,51500,3400,17510,1546,0,,,3905600,20069157,51600,51100,51300,51200,51500,51600,51700,51800,51900,52000,52100,52200,52300,52400,61400,1108600,974500,1497000,1021700,572300,209200,195700,194000,107300,51400,51300,51200,51100,51000,50900,50800,50700,50600,50500,298400,628500,790300,500300,485100,441400,513200,1164400,348200,881900,53220,50650,11712800,7935100,0,0,0,0,0,
600023.SH,600023,20251209,93457000,51500,1000,5150,1554,0,,,3906600,20074307,51600,51100,51300,51200,51500,51600,51700,51800,51900,52000,52100,52200,52300,52400,74600,1108600,1008500,1501000,1021700,572300,209200,195700,194000,107300,51400,51300,51200,51100,51000,50900,50800,50700,50600,50500,308400,628500,790300,495300,485100,441400,513200,1164400,348200,881900,53220,50650,11764000,7940100,0,0,0,0,0,
600023.SH,600023,20251209,93500000,51500,500,2575,1555,0,,,3907100,20076882,51600,51100,51300,51200,51500,51600,51700,51800,51900,52000,52100,52200,52300,52400,81900,1108800,1013500,1501000,1021700,572300,209200,195700,194000,109800,51400,51300,51200,51100,51000,50900,50800,50700,50600,50500,320600,628500,790300,495300,490900,441400,513200,1164400,348200,881900,53220,50650,11780000,7958100,0,0,0,0,0,
600023.SH,600023,20251209,93503000,51500,0,0,1555,0,,,3907100,20076882,51600,51100,51300,51200,51500,51600,51700,51800,51900,52000,52100,52200,52300,52400,98000,1103800,1013500,1520400,1026700,575300,209200,195700,194000,109800,51400,51300,51200,51100,51000,50900,50800,50700,50600,50500,318700,629100,792300,500300,485900,441400,513200,1164400,348200,881900,53210,50650,11820500,7958800,0,0,0,0,0,
600023.SH,600023,20251209,93506000,51400,100,514,1556,0,,,3907200,20077396,51600,51100,51300,51200,51500,51600,51700,51800,51900,52000,52100,52200,52300,52400,109800,1103800,1013500,1522400,1026700,580300,209400,195700,194000,109800,51400,51300,51200,51100,51000,50900,50800,50700,50600,50500,318600,629100,795300,520300,485900,441400,513200,1164400,348200,881900,53210,50660,11851290,7981700,0,0,0,0,0,
600023.SH,600023,20251209,93509000,51500,5900,30385,1559,0,,,3913100,20107781,51600,51100,51300,51200,51500,51600,51700,51800,51900,52000,52100,52200,52300,52400,120100,1103800,1026500,1522400,1026700,582300,209400,195700,194000,109800,51400,51300,51200,51100,51000,50900,50800,50700,50600,50500,319800,611100,796300,520300,485900,441400,513200,1159400,348200,881900,53210,50650,11881690,7960900,0,0,0,0,0,
600023.SH,600023,20251209,93512000,51500,0,0,1559,0,,,3913100,20107781,51600,51100,51300,51200,51500,51600,51700,51800,51900,52000,52100,52200,52300,52400,138100,1101800,1026500,1522400,1046700,582300,209400,195700,194000,109800,51400,51300,51200,51100,51000,50900,50800,50700,50600,50500,334700,619100,795300,519800,485900,441400,513200,1159400,348200,881900,53210,50660,11923690,7982300,0,0,0,0,0,
600023.SH,600023,20251209,93515000,51400,200,1028,1560,0,,,3913300,20108809,51600,51100,51300,51200,51500,51600,51700,51800,51900,52000,52100,52200,52300,52400,153000,1101800,1026900,1523400,1046700,582300,209400,195700,194000,109800,51400,51300,51200,51100,51000,50900,50800,50700,50600,50500,334500,620100,795300,519800,485900,441400,513200,1159400,348200,881900,53200,50660,11939990,7983100,0,0,0,0,0,
600023.SH,600023,20251209,93518000,51500,28500,146766,1569,0,,,3941800,20255575,51600,51100,51300,51200,51500,51600,51700,51800,51900,52000,52100,52200,52300,52400,132000,1111800,1026900,1524900,1046700,582300,209400,195700,194000,109800,51400,51300,51200,51100,51000,50900,50800,50700,50600,50500,333600,620100,795300,519800,485300,441400,513200,1159400,348200,881900,53210,50660,11936490,7991600,0,0,0,0,0,
600023.SH,600023,20251209,93521000,51500,4500,23175,1577,0,,,3946300,20278750,51600,51100,51300,51200,51500,51600,51700,51800,51900,52000,52100,52200,52300,52400,137600,1111800,1026900,1529900,1054400,587300,209400,195700,199000,109800,51400,51300,51200,51100,51000,50900,50800,50700,50600,50500,405300,620100,795300,519800,485300,441400,513200,1158800,348200,881900,53200,50660,11967090,8063500,0,0,0,0,0,
600023.SH,600023,20251209,93524000,51500,0,0,1577,0,,,3946300,20278750,51600,51100,51300,51200,51500,51600,51700,51800,51900,52000,52100,52200,52300,52400,138400,1113300,1032900,1533400,1052300,587300,209400,196400,199000,119800,51400,51300,51200,51100,51000,50900,50800,50700,50600,50500,406500,620100,795300,508700,485300,444400,513200,1158800,348200,879600,53200,50660,11992490,8054800,0,0,0,0,0,
600023.SH,600023,20251209,93527000,51500,0,0,1577,0,,,3946300,20278750,51600,51100,51300,51200,51500,51600,51700,51800,51900,52000,52100,52200,52300,52400,138400,1120300,1032900,1533400,1052300,587300,209400,196400,199000,119800,51400,51300,51200,51100,51000,50900,50800,50700,50600,50500,498000,620100,796900,508700,485800,444400,513200,1158800,348200,879600,53200,50670,12032190,8148400,0,0,0,0,0,
600023.SH,600023,20251209,93530000,51400,100,514,1578,0,,,3946400,20279264,51600,51100,51300,51200,51500,51600,51700,51800,51900,52000,52100,52200,52300,52400,141400,1121000,1034900,1530000,1057300,592700,209400,196400,199000,119800,51400,51300,51200,51100,51000,50900,50800,50700,50600,50500,500200,620100,796900,506200,485800,444800,513200,1158800,348200,879600,53210,50670,12067690,8145500,0,0,0,0,0,
600023.SH,600023,20251209,93533000,51500,24100,124115,1584,0,,,3970500,20403379,51600,51100,51300,51200,51500,51600,51700,51800,51900,52000,52100,52200,52300,52400,117300,1121000,1034900,1530000,1057300,592700,209400,196400,199000,119800,51400,51300,51200,51100,51000,50900,50800,50700,50600,50500,593000,620100,796900,543300,485800,444800,513200,1168600,348200,879600,53210,50680,12048590,8285200,0,0,0,0,0,
600023.SH,600023,20251209,93536000,51500,0,0,1584,0,,,3970500,20403379,51600,51100,51300,51200,51500,51600,51700,51800,51900,52000,52100,52200,52300,52400,126900,1121000,1106900,1530000,1057300,592700,209400,196400,199000,119800,51400,51300,51200,51100,51000,50900,50800,50700,50600,50500,604600,620100,796900,555300,485800,444800,513200,1168600,348200,879600,53200,50680,12152190,8315300,0,0,0,0,0,
600023.SH,600023,20251209,93539000,51500,200,1030,1585,0,,,3970700,20404409,51600,51100,51300,51200,51500,51600,51700,51800,51900,52000,52100,52200,52300,52400,129000,1140100,1106900,1530000,1059300,592700,209400,196400,199000,119800,51400,51300,51200,51100,51000,50900,50800,50700,50600,50500,604800,620100,796900,555300,495800,444800,513200,1168600,348200,879600,53200,50680,12192690,8325500,0,0,0,0,0,
600023.SH,600023,20251209,93542000,51500,8900,45835,1612,0,,,3979600,20450244,51600,51100,51300,51200,51500,51600,51700,51800,51900,52000,52100,52200,52300,52400,122800,1140100,1104900,1530000,1059300,592700,209900,196400,199000,119800,51400,51300,51200,51100,51000,50900,50800,50700,50600,50500,614800,620700,796900,555300,495800,444800,512900,1168600,348200,879600,53200,50680,12191590,8335800,0,0,0,0,0,
600023.SH,600023,20251209,93545000,51500,0,0,1612,0,,,3979600,20450244,51600,51100,51300,51200,51500,51600,51700,51800,51900,52000,52100,52200,52300,52400,217500,1145700,1104900,1528000,1059300,592700,209900,198400,199000,119800,51400,51300,51200,51100,51000,50900,50800,50700,50600,50500,621000,630700,796900,555300,495800,444800,512900,1168600,348200,879600,53190,50680,12291890,8352000,0,0,0,0,0,
600023.SH,600023,20251209,93548000,51400,200,1028,1614,0,,,3979800,20451272,51600,51100,51300,51200,51500,51600,51700,51800,51900,52000,52100,52200,52300,52400,307200,1145700,1124900,1528000,1059300,592700,209900,198400,199000,119800,51400,51300,51200,51100,51000,50900,50800,50700,50600,50500,558900,630700,796900,557300,495800,444800,512900,1168600,348200,879600,53170,50680,12401590,8291900,0,0,0,0,0,
600023.SH,600023,20251209,93551000,51500,18500,95275,1630,0,,,3998300,20546547,51600,51100,51300,51200,51500,51600,51700,51800,51900,52000,52100,52200,52300,52400,302800,1203700,1124900,1528000,1059300,592700,209900,198400,199000,119800,51400,51300,51200,51100,51000,50900,50800,50700,50600,50500,559000,630700,804300,557600,495800,444800,512900,1168600,348200,879600,53170,50680,12455190,8299700,0,0,0,0,0,
600023.SH,600023,20251209,93554000,51500,0,0,1630,0,,,3998300,20546547,51600,51100,51300,51200,51500,51600,51700,51800,51900,52000,52100,52200,52300,52400,322800,1252500,1124900,1528000,1059300,592700,218800,198400,199000,119800,51400,51300,51200,51100,51000,50900,50800,50700,50600,50500,580600,630700,804300,557600,495800,448800,512900,1168600,349200,879600,53180,50680,12622690,8326300,0,0,0,0,0,
600023.SH,600023,20251209,93557000,51500,0,0,1630,0,,,3998300,20546547,51600,51100,51300,51200,51500,51600,51700,51800,51900,52000,52100,52200,52300,52400,286900,1252500,1124900,1528000,1059300,592700,218800,198400,199000,119800,51400,51300,51200,51100,51000,50900,50800,50700,50600,50500,644300,635700,804300,587600,497800,448800,512900,1169000,349200,879600,53190,50690,12598790,8427400,0,0,0,0,0,
600023.SH,600023,20251209,93600000,51500,198400,1021760,1716,0,,,4196700,21568307,51600,51100,51300,51200,51500,51600,51700,51800,51900,52000,52100,52200,52300,52400,91700,1252500,1126600,1528000,1059300,592700,219100,198400,199000,119800,51400,51300,51200,51100,51000,50900,50800,50700,50600,50500,685600,635700,804200,587600,495800,448800,512900,1169000,349200,879600,53220,50690,12423290,8466600,0,0,0,0,0,
600023.SH,600023,20251209,93603000,51500,27400,141110,1738,0,,,4224100,21709417,51600,51100,51300,51200,51500,51600,51700,51800,51900,52000,52100,52200,52300,52400,74300,1254200,1126600,1528000,1059300,592700,219100,198400,199000,119800,51400,51300,51200,51100,51000,50900,50800,50700,50600,50500,699200,635700,807200,572200,495800,448800,512900,1169000,349200,879600,53220,50690,12408890,8467800,0,0,0,0,0,
600023.SH,600023,20251209,93606000,51500,17500,90125,1753,0,,,4241600,21799542,51600,51100,51300,51200,51500,51600,51700,51800,51900,52000,52100,52200,52300,52400,55300,1256000,1133600,1528000,1059300,592700,219100,198400,199000,119800,51400,51300,51200,51100,51000,50900,50800,50700,50600,50500,704100,635400,807200,568300,495800,448800,512900,1169000,349200,879600,53220,50690,12398690,8468500,0,0,0,0,0,
600023.SH,600023,20251209,93609000,51500,2300,11845,1759,0,,,4243900,21811387,51600,51100,51300,51200,51500,51600,51700,51800,51900,52000,52100,52200,52300,52400,52500,1256000,1134400,1528000,1059300,592700,219100,198400,199000,119800,51400,51300,51200,51100,51000,50900,50800,50700,50600,50500,684100,637900,807200,564400,495800,448800,512900,1169000,349200,879600,53220,50690,12407090,8447100,0,0,0,0,0,
600023.SH,600023,20251209,93612000,51500,200,1030,1760,0,,,4244100,21812417,51600,51100,51300,51200,51500,51600,51700,51800,51900,52000,52100,52200,52300,52400,52300,1256500,1134400,1533000,1059300,592700,219100,198400,199000,119800,51400,51300,51200,51100,51000,50900,50800,50700,50600,50500,692600,637900,807200,533800,495800,448800,512900,1169000,349200,879600,53220,50690,12412390,8425000,0,0,0,0,0,
600023.SH,600023,20251209,93615000,51500,33500,172525,1781,0,,,4277600,21984942,51600,51100,51300,51200,51500,51600,51700,51800,51900,52000,52100,52200,52300,52400,35900,1256500,1174400,1534900,1059300,592700,220600,218400,199000,119800,51400,51300,51200,51100,51000,50900,50800,50700,50600,50500,697100,641900,803300,533800,495800,448800,512900,1169000,349200,879600,53220,50690,12459390,8429600,0,0,0,0,0,
600023.SH,600023,20251209,93618000,51500,5700,29355,1788,0,,,4283300,22014297,51600,51100,51300,51200,51500,51600,51700,51800,51900,52000,52100,52200,52300,52400,30200,1256500,1312200,1537400,1060300,592700,220600,218400,199000,119800,51400,51300,51200,51100,51000,50900,50800,50700,50600,50500,698100,641900,803300,538800,495800,448800,512900,1169000,349200,889600,53200,50690,12594990,8445600,0,0,0,0,0,
600023.SH,600023,20251209,93621000,51500,28800,148320,1794,0,,,4312100,22162617,51600,51100,51300,51200,51500,51600,51700,51800,51900,52000,52100,52200,52300,52400,55300,1261500,1312200,1537400,1067800,592700,220600,218400,199000,119800,51400,51300,51200,51100,51000,50900,50800,50700,50600,50500,698100,641900,803600,538800,495800,450800,512900,1169000,349200,889600,53200,50690,12632590,8447900,0,0,0,0,0,
600023.SH,600023,20251209,93624000,51500,11200,57680,1799,0,,,4323300,22220297,51600,51100,51300,51200,51500,51600,51700,51800,51900,52000,52100,52200,52300,52400,54400,1260400,1312200,1537400,1067800,592700,220600,218400,199000,119800,51400,51300,51200,51100,51000,50900,50800,50700,50600,50500,698100,641900,805600,538800,495800,450800,512900,1169000,349200,889600,53200,50690,12652390,8449900,0,0,0,0,0,
600023.SH,600023,20251209,93627000,51500,5000,25750,1800,0,,,4328300,22246047,51600,51100,51300,51200,51500,51600,51700,51800,51900,52000,52100,52200,52300,52400,60000,1332900,1314200,1540400,1067800,592700,220600,218400,199000,119800,51400,51300,51200,51100,51000,50900,50800,50700,50600,50500,700900,641900,805600,548800,495800,450800,512900,1169000,349200,889600,53190,50690,12749890,8462700,0,0,0,0,0,
600023.SH,600023,20251209,93630000,51500,37700,194155,1806,0,,,4366000,22440202,51600,51100,51300,51200,51500,51600,51700,51800,51900,52000,52100,52200,52300,52400,26000,1332900,1314200,1550400,1067800,592700,220600,218400,199000,119800,51400,51300,51200,51100,51000,50900,50800,50700,50600,50500,701000,642600,805800,548900,495900,450800,512900,1169000,349200,889600,53190,50690,12725890,8463900,0,0,0,0,0,
600023.SH,600023,20251209,93633000,51400,10000,51400,1817,0,,,4376000,22491602,51600,51100,51300,51200,51500,51600,51700,51800,51900,52000,52100,52200,52300,52400,26000,1336600,1317700,1570400,1071800,602700,220600,218400,199000,119800,51400,51300,51200,51100,51000,50900,50800,50700,50600,50500,711100,643100,805800,548900,495900,450300,512900,1169000,349200,889600,53190,50690,12778390,8474000,0,0,0,0,0,
600023.SH,600023,20251209,93636000,51500,13300,68495,1825,0,,,4389300,22560097,51600,51100,51300,51200,51500,51600,51700,51800,51900,52000,52100,52200,52300,52400,279700,1337600,1317700,1570400,1072800,602700,120600,218400,199000,119800,51400,51300,51200,51100,51000,50900,50800,50700,50600,50500,711100,643100,805800,543900,495900,450300,512900,1169000,349200,889600,53170,50690,12937390,8469000,0,0,0,0,0,
600023.SH,600023,20251209,93639000,51500,0,0,1825,0,,,4389300,22560097,51600,51100,51300,51200,51500,51600,51700,51800,51900,52000,52100,52200,52300,52400,282200,1337600,1317700,1570400,1072800,627800,120600,218400,199200,119800,51400,51300,51200,51100,51000,50900,50800,50700,50600,50500,718500,643100,805800,543900,495900,450300,512900,1169000,349200,889600,53160,50690,12965190,8477000,0,0,0,0,0,
600023.SH,600023,20251209,93642000,51500,500,2575,1826,0,,,4389800,22562672,51600,51100,51300,51200,51500,51600,51700,51800,51900,52000,52100,52200,52300,52400,281700,1437600,1317700,1575400,1072800,627800,120600,218400,199200,120100,51400,51300,51200,51100,51000,50900,50800,50700,50600,50500,718800,643100,805800,543900,495900,450300,512900,1169000,349200,889600,53150,50690,13069990,8477300,0,0,0,0,0,
600023.SH,600023,20251209,93645000,51500,0,0,1826,0,,,4389800,22562672,51600,51100,51300,51200,51500,51600,51700,51800,51900,52000,52100,52200,52300,52400,283700,1437600,1317700,1575900,1072800,627800,120600,218400,199200,120100,51400,51300,51200,51100,51000,50900,50800,50700,50600,50500,710900,643100,805800,543900,495900,450300,512900,1169000,349200,889600,53150,50690,13089890,8469400,0,0,0,0,0,
600023.SH,600023,20251209,93648000,51500,0,0,1826,0,,,4389800,22562672,51600,51100,51300,51200,51500,51600,51700,51800,51900,52000,52100,52200,52300,52400,294800,1437600,1320700,1579400,1072800,627800,120600,218400,199200,120100,51400,51300,51200,51100,51000,50900,50800,50700,50600,50500,713900,643100,805800,541900,495900,450300,512900,1169000,349200,889600,53150,50690,13107990,8470400,0,0,0,0,0,
600023.SH,600023,20251209,93651000,51500,0,0,1826,0,,,4389800,22562672,51600,51100,51300,51200,51500,51600,51700,51800,51900,52000,52100,52200,52300,52400,320300,1447600,1321100,1581400,1075200,627800,120600,218400,199200,120100,51400,51300,51200,51100,51000,50900,50800,50700,50600,50500,713900,642400,806600,541900,495900,450300,512900,1169000,349200,889600,53140,50690,13159190,8470500,0,0,0,0,0,
600023.SH,600023,20251209,93654000,51500,0,0,1826,0,,,4389800,22562672,51600,51100,51300,51200,51500,51600,51700,51800,51900,52000,52100,52200,52300,52400,371300,1447600,1331600,1581400,1075200,627800,120600,218400,199200,120100,51400,51300,51200,51100,51000,50900,50800,50700,50600,50500,674900,642400,806600,541900,495900,450300,512900,1169000,349200,889600,53140,50690,13220690,8432100,0,0,0,0,0,
600023.SH,600023,20251209,93657000,51500,2500,12875,1828,0,,,4392300,22575547,51600,51100,51300,51200,51500,51600,51700,51800,51900,52000,52100,52200,52300,52400,374800,1447600,1327600,1582400,1075200,627800,120600,218400,199200,120100,51400,51300,51200,51100,51000,50900,50800,50700,50600,50500,674900,642400,816600,541900,495900,450300,512900,1169000,349200,889600,53140,50690,13229490,8442100,0,0,0,0,0,
600023.SH,600023,20251209,93700000,51400,4000,20560,1829,0,,,4396300,22596107,51600,51100,51300,51200,51500,51600,51700,51800,51900,52000,52100,52200,52300,52400,429100,1447600,1333400,1582800,1075200,627800,120600,218400,199200,120100,51400,51300,51200,51100,51000,50900,50800,50700,50600,50500,603800,642400,816600,541900,495900,450300,512900,1169000,349200,889600,53130,50680,13290190,8371000,0,0,0,0,0,
600023.SH,600023,20251209,93703000,51400,5700,29298,1833,0,,,4402000,22625405,51600,51100,51300,51200,51500,51600,51700,51800,51900,52000,52100,52200,52300,52400,517300,1458900,1333400,1595000,1047300,628300,120600,218400,199200,120100,51400,51300,51200,51100,51000,50900,50800,50700,50600,50500,598200,642400,846600,541900,495900,450300,512900,1169000,349200,889600,53120,50680,13376490,8395400,0,0,0,0,0,
600023.SH,600023,20251209,93706000,51400,400,2056,1835,0,,,4402400,22627461,51600,51100,51300,51200,51500,51600,51700,51800,51900,52000,52100,52200,52300,52400,521600,1459100,1333400,1595000,1047300,661400,120600,218400,199200,120100,51400,51300,51200,51100,51000,50900,50800,50700,50600,50500,597900,642400,846600,541900,495900,450300,512900,1169000,349200,889600,53120,50680,13414490,8395100,0,0,0,0,0,
600023.SH,600023,20251209,93709000,51400,15000,77100,1838,0,,,4417400,22704561,51600,51100,51300,51200,51500,51600,51700,51800,51900,52000,52100,52200,52300,52400,526600,1452600,1333400,1675500,1047300,672400,120600,218400,196200,120100,51400,51300,51200,51100,51000,50900,50800,50700,50600,50500,583200,644400,846600,540200,495900,450300,509900,1169000,349200,889600,53110,50680,13511990,8377700,0,0,0,0,0,
600023.SH,600023,20251209,93712000,51500,2500,12870,1842,0,,,4419900,22717431,51600,51100,51300,51200,51500,51600,51700,51800,51900,52000,52100,52200,52300,52400,536400,1452600,1362300,1675500,1047300,672400,120600,218400,196200,120400,51400,51300,51200,51100,51000,50900,50800,50700,50600,50500,582700,644400,846600,540200,495900,450300,509900,1169000,349200,890600,53110,50680,13553490,8378200,0,0,0,0,0,
600023.SH,600023,20251209,93715000,51400,900,4626,1844,0,,,4420800,22722057,51600,51100,51300,51200,51500,51600,51700,51800,51900,52000,52100,52200,52300,52400,538600,1459600,1362300,1675500,1047300,672400,120600,218400,196200,120400,51400,51300,51200,51100,51000,50900,50800,50700,50600,50500,563700,644400,846600,550200,495900,450300,509900,1169000,349200,890600,53100,50680,13562690,8369200,0,0,0,0,0,
600023.SH,600023,20251209,93718000,51400,400,2056,1845,0,,,4421200,22724113,51600,51100,51300,51200,51500,51600,51700,51800,51900,52000,52100,52200,52300,52400,571500,1461600,1362300,1675500,1047300,672400,120600,218400,196200,120400,51400,51300,51200,51100,51000,50900,50800,50700,50600,50500,550000,644400,846600,560200,495900,450300,509900,1169000,349200,890600,53100,50680,13598190,8365500,0,0,0,0,0,
600023.SH,600023,20251209,93721000,51400,200,1028,1846,0,,,4421400,22725141,51600,51100,51300,51200,51500,51600,51700,51800,51900,52000,52100,52200,52300,52400,617600,1462000,1394000,1675500,1047300,672400,122200,221100,196200,120400,51400,51300,51200,51100,51000,50900,50800,50700,50600,50500,549800,646400,846600,560200,495900,450300,509900,1169000,349200,890600,53080,50680,13638290,8367300,0,0,0,0,0,
600023.SH,600023,20251209,93724000,51500,50500,260070,1862,0,,,4471900,22985211,51600,51100,51300,51200,51500,51600,51700,51800,51900,52000,52100,52200,52300,52400,582700,1424000,1388000,1675500,1052300,672400,122200,221100,196200,120400,51400,51300,51200,51100,51000,50900,50800,50700,50600,50500,549700,646400,846600,559900,495900,450300,509900,1169000,349200,890600,53090,50680,13572890,8366900,0,0,0,0,0,
600023.SH,600023,20251209,93727000,51400,100,514,1863,0,,,4472000,22985725,51600,51100,51300,51200,51500,51600,51700,51800,51900,52000,52100,52200,52300,52400,677600,1412700,1388000,1675500,1054300,672400,122200,221100,196200,120400,51400,51300,51200,51100,51000,50900,50800,50700,50600,50500,530700,646400,846600,559900,496900,450300,509900,1169000,349200,890600,53080,50680,13658490,8348900,0,0,0,0,0,
600023.SH,600023,20251209,93730000,51400,0,0,1863,0,,,4472000,22985725,51600,51100,51300,51200,51500,51600,51700,51800,51900,52000,52100,52200,52300,52400,733600,1413700,1388000,1675500,1054300,672400,122200,223100,196200,120400,51400,51300,51200,51100,51000,50900,50800,50700,50600,50500,530500,646400,856600,559900,496900,450300,509900,1169000,349200,890600,53070,50680,13717490,8358700,0,0,0,0,0,
600023.SH,600023,20251209,93733000,51500,4400,22620,1866,0,,,4476400,23008345,51600,51100,51300,51200,51500,51600,51700,51800,51900,52000,52100,52200,52300,52400,739100,1413700,1392000,1679500,1044300,672400,122200,223100,196200,120400,51400,51300,51200,51100,51000,50900,50800,50700,50600,50500,527500,646400,856300,564900,499900,450300,508500,1169000,349200,890600,53070,50680,13728990,8364500,0,0,0,0,0,
600023.SH,600023,20251209,93736000,51400,5200,26728,1868,0,,,4481600,23035073,51600,51100,51300,51200,51500,51600,51700,51800,51900,52000,52100,52200,52300,52400,725600,1417700,1393300,1679500,1044300,672400,122200,223100,196200,120400,51400,51300,51200,51100,51000,50900,50800,50700,50600,50500,524700,645800,856600,564900,499900,450300,508500,1169000,349200,890600,53080,50680,13730790,8361400,0,0,0,0,0,
600023.SH,600023,20251209,93739000,51400,0,0,1868,0,,,4481600,23035073,51600,51100,51300,51200,51500,51600,51700,51800,51900,52000,52100,52200,52300,52400,795600,1417700,1393300,1679500,1044300,672400,122200,223100,196200,120400,51400,51300,51200,51100,51000,50900,50800,50700,50600,50500,526700,645800,856600,575900,499900,450300,508500,1169000,349200,890600,53090,50680,13880790,8374400,0,0,0,0,0,
600023.SH,600023,20251209,93742000,51500,500,2575,1869,0,,,4482100,23037648,51600,51100,51300,51200,51500,51600,51700,51800,51900,52000,52100,52200,52300,52400,825200,1417700,1394300,1679500,1044300,672400,122200,223100,196200,120400,51400,51300,51200,51100,51000,50900,50800,50700,50600,50500,532400,664700,856600,575900,501000,450300,518500,1169000,349200,890600,53080,50680,13951390,8410100,0,0,0,0,0,
