万得代码,交易所代码,自然日,时间,委托编号,交易所委托号,委托类型,委托代码,委托价格,委托数量,
600023.SH,600023,20251209,91400510,0,0,S,I,0,0,
600023.SH,600023,20251209,91500070,0,370,A,S,51500,100000,
600023.SH,600023,20251209,91500290,0,1451,A,S,51600,100000,
600023.SH,600023,20251209,91500290,0,1492,A,S,51700,12800,
600023.SH,600023,20251209,91500360,0,2085,A,S,51700,100000,
600023.SH,600023,20251209,91500360,0,2090,A,S,51800,100000,
600023.SH,600023,20251209,91500360,0,2092,A,S,51900,100000,
600023.SH,600023,20251209,91500390,0,2437,A,S,56000,2000,
600023.SH,600023,20251209,91500390,0,2750,A,S,51600,20000,
600023.SH,600023,20251209,91500440,0,3038,A,B,50700,5000,
600023.SH,600023,20251209,91500440,0,3078,A,S,51900,3000,
600023.SH,600023,20251209,91500520,0,3694,A,B,50600,2000,
600023.SH,600023,20251209,91500520,0,3704,A,S,52300,100,
600023.SH,600023,20251209,91501220,0,4215,A,S,52800,1000,
600023.SH,600023,20251209,91501220,0,4216,A,S,56300,2000,
600023.SH,600023,20251209,91501220,0,4245,A,S,54400,600,
600023.SH,600023,20251209,91501290,0,4398,A,S,56300,600,
600023.SH,600023,20251209,91501290,0,4399,A,S,56000,600,
600023.SH,600023,20251209,91501410,0,4427,A,S,55700,500,
600023.SH,600023,20251209,91501410,0,4457,A,S,55400,500,
600023.SH,600023,20251209,91501410,0,4458,A,S,55100,500,
600023.SH,600023,20251209,91501410,0,4485,A,S,54800,400,
600023.SH,600023,20251209,91501410,0,4486,A,S,54500,400,
600023.SH,600023,20251209,91501410,0,4487,A,S,54200,400,
600023.SH,600023,20251209,91501410,0,4513,A,S,53900,300,
600023.SH,600023,20251209,91501410,0,4514,A,S,53600,300,
600023.SH,600023,20251209,91501410,0,4515,A,S,53300,300,
600023.SH,600023,20251209,91501410,0,4546,A,S,53000,300,
600023.SH,600023,20251209,91501410,0,4576,A,S,52700,300,
600023.SH,600023,20251209,91501410,0,4577,A,S,52000,2000,
600023.SH,600023,20251209,91501410,0,4606,A,S,52400,300,
600023.SH,600023,20251209,91501420,0,4632,A,B,51000,100,
600023.SH,600023,20251209,91501420,0,4633,A,B,50800,100,
600023.SH,600023,20251209,91501420,0,4661,A,B,50600,100,
600023.SH,600023,20251209,91501420,0,4662,A,B,50400,100,
600023.SH,600023,20251209,91501420,0,4663,A,B,50200,100,
600023.SH,600023,20251209,91501420,0,4691,A,B,50000,100,
600023.SH,600023,20251209,91501450,0,5192,A,B,46100,100,
600023.SH,600023,20251209,91501450,0,5319,A,B,53700,100,
600023.SH,600023,20251209,91501450,0,5374,A,B,50900,10200,
600023.SH,600023,20251209,91501450,0,5464,A,S,55500,10000,
600023.SH,600023,20251209,91501620,0,6141,A,B,50800,200,
600023.SH,600023,20251209,91501650,0,6302,A,B,50800,1400,
600023.SH,600023,20251209,91501650,0,6743,A,S,51400,100,
600023.SH,600023,20251209,91501650,0,6764,A,S,51800,200,
600023.SH,600023,20251209,91501680,0,6876,A,S,52000,1000,
600023.SH,600023,20251209,91501680,0,6877,A,B,50100,1000,
600023.SH,600023,20251209,91501720,0,7770,A,S,52000,8200,
600023.SH,600023,20251209,91501760,0,8099,A,B,50300,1000,
600023.SH,600023,20251209,91501760,0,8130,A,B,48000,600,
600023.SH,600023,20251209,91501760,0,8183,A,S,51900,20000,
600023.SH,600023,20251209,91501760,0,8242,A,B,50700,3600,
600023.SH,600023,20251209,91501760,0,8415,A,B,50600,4000,
600023.SH,600023,20251209,91501790,0,8816,A,S,56000,4000,
600023.SH,600023,20251209,91501790,0,8926,A,S,51200,1000,
600023.SH,600023,20251209,91501790,0,9078,A,S,55000,1000,
600023.SH,600023,20251209,91501790,0,9269,A,B,50000,1000,
600023.SH,600023,20251209,91501790,0,9312,A,B,49500,1000,
600023.SH,600023,20251209,91501850,0,9499,A,B,50100,400,
600023.SH,600023,20251209,91501850,0,9530,A,S,56300,3000,
600023.SH,600023,20251209,91501850,0,9680,A,B,46100,10000,
600023.SH,600023,20251209,91501850,0,9726,A,S,51900,13500,
600023.SH,600023,20251209,91501850,0,10058,A,S,56300,200,
600023.SH,600023,20251209,91501850,0,10139,A,S,55800,4000,
600023.SH,600023,20251209,91501850,0,10363,A,S,51800,1000,
600023.SH,600023,20251209,91501850,0,10376,A,S,52000,1000,
600023.SH,600023,20251209,91501850,0,10391,A,S,52200,1000,
600023.SH,600023,20251209,91501850,0,10409,A,S,52400,1000,
600023.SH,600023,20251209,91501960,0,11753,A,S,52000,600,
600023.SH,600023,20251209,91501960,0,11783,A,B,50600,600,
600023.SH,600023,20251209,91501960,0,11831,A,S,53200,5000,
600023.SH,600023,20251209,91501960,0,11873,A,S,51800,13500,
600023.SH,600023,20251209,91501960,0,12142,A,S,51500,10000,
600023.SH,600023,20251209,91501960,0,12153,A,S,51600,10000,
600023.SH,600023,20251209,91501960,0,12173,A,B,51100,10000,
600023.SH,600023,20251209,91501960,0,12199,A,B,46200,4400,
600023.SH,600023,20251209,91501960,0,12765,A,S,51800,3100,
600023.SH,600023,20251209,91501960,0,12835,A,S,51900,300,
600023.SH,600023,20251209,91501960,0,12850,A,B,50900,10000,
600023.SH,600023,20251209,91501960,0,12851,A,B,51000,10000,
600023.SH,600023,20251209,91501960,0,12927,A,S,52000,5000,
600023.SH,600023,20251209,91501960,0,12947,A,S,52500,5000,
600023.SH,600023,20251209,91501960,0,12956,A,S,53000,5000,
600023.SH,600023,20251209,91501960,0,13183,A,S,51400,10000,
600023.SH,600023,20251209,91501960,0,13204,A,S,51500,10000,
600023.SH,600023,20251209,91501960,0,13205,A,S,51600,5000,
600023.SH,600023,20251209,91502080,0,13317,A,S,54800,3200,
600023.SH,600023,20251209,91502080,0,13436,A,S,54500,1000,
600023.SH,600023,20251209,91502080,0,13451,A,S,54500,200,
600023.SH,600023,20251209,91502080,0,13522,A,B,46700,700,
600023.SH,600023,20251209,91502080,0,13603,A,S,52000,100000,
600023.SH,600023,20251209,91502140,0,14698,A,S,52200,18200,
600023.SH,600023,20251209,91502330,0,14980,A,B,49900,2000,
600023.SH,600023,20251209,91502360,0,15166,A,S,51100,5900,
600023.SH,600023,20251209,91502360,0,15176,A,S,51200,8500,
600023.SH,600023,20251209,91502410,0,15381,A,B,51000,2000,
600023.SH,600023,20251209,91502420,0,15473,A,S,51800,17000,
600023.SH,600023,20251209,91502420,0,15510,A,S,51600,17100,
600023.SH,600023,20251209,91502420,0,15520,A,S,53000,17100,
600023.SH,600023,20251209,91502420,0,15937,A,S,52300,1500,
600023.SH,600023,20251209,91502420,0,15938,A,S,52500,1500,
600023.SH,600023,20251209,91502420,0,15939,A,B,50800,1500,
600023.SH,600023,20251209,91502420,0,15956,A,B,50600,1500,
600023.SH,600023,20251209,91502420,0,16283,A,S,51800,1000,
600023.SH,600023,20251209,91502420,0,16355,A,S,56200,6600,
600023.SH,600023,20251209,91502420,0,16387,A,S,54100,200,
600023.SH,600023,20251209,91502490,0,16621,A,B,50800,1100,
600023.SH,600023,20251209,91502490,0,16717,A,B,50200,20000,
600023.SH,600023,20251209,91502490,0,16723,A,B,49700,20000,
600023.SH,600023,20251209,91502490,0,16724,A,B,48500,5000,
600023.SH,600023,20251209,91502490,0,17171,A,B,51000,1000,
600023.SH,600023,20251209,91502490,0,17295,A,B,50600,1000,
600023.SH,600023,20251209,91502490,0,17343,A,B,51000,10000,
600023.SH,600023,20251209,91502490,0,17366,A,B,50900,4000,
600023.SH,600023,20251209,91502490,0,17468,A,B,50100,10000,
600023.SH,600023,20251209,91502490,0,17722,A,S,52300,100,
600023.SH,600023,20251209,91502490,0,17727,A,S,53300,100,
600023.SH,600023,20251209,91502490,0,17774,A,S,54500,1900,
600023.SH,600023,20251209,91502490,0,17804,A,S,52600,9600,
600023.SH,600023,20251209,91502490,0,18133,A,B,50800,4000,
600023.SH,600023,20251209,91502490,0,18249,A,S,52600,6900,
600023.SH,600023,20251209,91502490,0,18300,A,S,54300,100,
600023.SH,600023,20251209,91502490,0,18500,A,S,56000,10000,
600023.SH,600023,20251209,91502620,0,18567,A,S,56200,7800,
600023.SH,600023,20251209,91502620,0,18723,A,S,51600,2000,
600023.SH,600023,20251209,91502620,0,18733,A,S,51800,2000,
600023.SH,600023,20251209,91502620,0,18734,A,S,52000,2000,
600023.SH,600023,20251209,91502620,0,18797,A,S,51800,5000,
600023.SH,600023,20251209,91502620,0,18826,A,S,52200,10000,
600023.SH,600023,20251209,91502620,0,18884,A,S,51700,2000,
600023.SH,600023,20251209,91502620,0,18885,A,S,52200,2000,
600023.SH,600023,20251209,91502620,0,18895,A,S,52700,2000,
600023.SH,600023,20251209,91502620,0,18896,A,S,52900,2000,
600023.SH,600023,20251209,91502620,0,18912,A,S,55500,500,
600023.SH,600023,20251209,91502620,0,19202,A,S,55500,72800,
600023.SH,600023,20251209,91502620,0,19209,A,B,50900,30000,
600023.SH,600023,20251209,91502620,0,19262,A,B,50600,2000,
600023.SH,600023,20251209,91502620,0,19274,A,B,50100,2000,
600023.SH,600023,20251209,91502620,0,19525,A,B,50900,5900,
600023.SH,600023,20251209,91502620,0,20042,A,S,52000,4000,
600023.SH,600023,20251209,91502620,0,20089,A,B,49000,100,
600023.SH,600023,20251209,91502620,0,20103,A,S,53200,500,
600023.SH,600023,20251209,91502620,0,20109,A,B,47700,100,
600023.SH,600023,20251209,91502620,0,20305,A,S,52000,3000,
600023.SH,600023,20251209,91502620,0,20311,A,S,52500,3000,
600023.SH,600023,20251209,91502620,0,20316,A,S,53000,3000,
600023.SH,600023,20251209,91502620,0,20320,A,S,53500,3000,
600023.SH,600023,20251209,91502620,0,20327,A,S,54000,3000,
600023.SH,600023,20251209,91502620,0,20337,A,S,54500,3300,
600023.SH,600023,20251209,91502730,0,20535,A,S,54300,2000,
600023.SH,600023,20251209,91502730,0,20536,A,S,54700,2000,
600023.SH,600023,20251209,91502730,0,20542,A,S,55100,2000,
600023.SH,600023,20251209,91502730,0,20543,A,S,55500,2000,
600023.SH,600023,20251209,91502730,0,20544,A,S,55900,2000,
600023.SH,600023,20251209,91502730,0,20686,A,S,51600,32000,
600023.SH,600023,20251209,91502730,0,21023,A,B,50100,3000,
600023.SH,600023,20251209,91502730,0,21085,A,S,55700,900,
600023.SH,600023,20251209,91502730,0,21093,A,S,54000,1500,
600023.SH,600023,20251209,91502730,0,21498,A,S,56300,300,
600023.SH,600023,20251209,91502730,0,21608,A,S,56300,200,
600023.SH,600023,20251209,91502730,0,21673,A,S,53000,1100,
600023.SH,600023,20251209,91502730,0,21684,A,S,55000,2000,
600023.SH,600023,20251209,91502730,0,21752,A,S,52900,24000,
600023.SH,600023,20251209,91502730,0,21755,A,S,53200,25000,
600023.SH,600023,20251209,91502730,0,22011,A,S,53900,10000,
600023.SH,600023,20251209,91502730,0,22128,A,S,51800,1000,
600023.SH,600023,20251209,91502730,0,22138,A,S,56300,60000,
600023.SH,600023,20251209,91502860,0,22648,A,S,53500,200,
600023.SH,600023,20251209,91502860,0,22776,A,B,50000,3000,
600023.SH,600023,20251209,91502860,0,23034,A,B,48200,500,
600023.SH,600023,20251209,91502860,0,23043,A,S,54000,200,
600023.SH,600023,20251209,91502860,0,23485,A,S,55000,1500,
600023.SH,600023,20251209,91502860,0,23580,A,B,49900,500,
600023.SH,600023,20251209,91502860,0,23805,A,S,56300,500,
600023.SH,600023,20251209,91502860,0,23914,A,B,48800,1000,
600023.SH,600023,20251209,91502860,0,24066,A,S,52200,1000,
600023.SH,600023,20251209,91503020,0,25545,A,S,51300,500,
600023.SH,600023,20251209,91503020,0,25561,A,S,51500,300,
600023.SH,600023,20251209,91503020,0,25603,A,B,50600,3000,
600023.SH,600023,20251209,91503020,0,25628,A,B,51100,400,
600023.SH,600023,20251209,91503020,0,25645,A,B,50800,400,
600023.SH,600023,20251209,91503020,0,25739,A,S,53800,5000,
600023.SH,600023,20251209,91503020,0,25747,A,S,51500,7500,
600023.SH,600023,20251209,91503020,0,25865,A,B,46700,500,
600023.SH,600023,20251209,91503020,0,26099,A,S,52800,5100,
600023.SH,600023,20251209,91503020,0,26118,A,S,53400,5100,
600023.SH,600023,20251209,91503020,0,26131,A,S,53800,5100,
600023.SH,600023,20251209,91503020,0,26135,A,S,54400,5100,
600023.SH,600023,20251209,91503020,0,26139,A,S,54800,5100,
600023.SH,600023,20251209,91503020,0,26159,A,S,55400,5100,
600023.SH,600023,20251209,91503020,0,26167,A,S,55800,5100,
600023.SH,600023,20251209,91503020,0,26179,A,S,56300,5100,
600023.SH,600023,20251209,91503160,0,26835,A,S,52800,4000,
600023.SH,600023,20251209,91503160,0,26858,A,S,53400,4000,
600023.SH,600023,20251209,91503160,0,26875,A,S,53800,4000,
600023.SH,600023,20251209,91503160,0,26889,A,S,54400,4000,
600023.SH,600023,20251209,91503160,0,26899,A,S,54800,4000,
600023.SH,600023,20251209,91503160,0,27684,A,S,52000,6000,
600023.SH,600023,20251209,91503160,0,28219,A,S,51700,2000,
600023.SH,600023,20251209,91503160,0,28341,A,S,56300,300,
600023.SH,600023,20251209,91503160,0,28401,A,S,55500,3300,
600023.SH,600023,20251209,91503280,0,28987,A,S,55000,3000,
600023.SH,600023,20251209,91503280,0,29257,A,S,51700,4300,
600023.SH,600023,20251209,91503280,0,29314,A,B,48200,100,
600023.SH,600023,20251209,91503280,0,29320,A,B,46700,100,
600023.SH,600023,20251209,91503280,0,29373,A,S,53500,500,
600023.SH,600023,20251209,91503280,0,29379,A,B,50300,500,
600023.SH,600023,20251209,91503280,0,29693,A,B,47000,1000,
600023.SH,600023,20251209,91503280,0,29846,A,S,54300,100,
600023.SH,600023,20251209,91503280,0,29854,A,S,52700,100,
600023.SH,600023,20251209,91503280,0,29874,A,S,55500,1000,
600023.SH,600023,20251209,91503280,0,29987,A,S,53000,10000,
600023.SH,600023,20251209,91503420,0,30493,A,S,52200,2000,
600023.SH,600023,20251209,91503420,0,30660,A,S,52900,36200,
600023.SH,600023,20251209,91503420,0,30661,A,S,54100,36200,
600023.SH,600023,20251209,91503420,0,30662,A,S,55100,36300,
600023.SH,600023,20251209,91503420,0,31422,A,S,52000,4000,
600023.SH,600023,20251209,91503420,0,31430,A,S,52600,4000,
600023.SH,600023,20251209,91503420,0,31640,A,S,51700,10000,
600023.SH,600023,20251209,91503420,0,31882,A,B,51100,2000,
600023.SH,600023,20251209,91503420,0,31889,A,B,50400,2000,
600023.SH,600023,20251209,91503420,0,31921,A,S,56300,5400,
600023.SH,600023,20251209,91503420,0,31989,A,B,50800,4500,
600023.SH,600023,20251209,91503420,0,31991,A,B,51100,1000,
600023.SH,600023,20251209,91503420,0,32015,A,B,51000,1000,
600023.SH,600023,20251209,91503420,0,32016,A,B,50900,1000,
600023.SH,600023,20251209,91503420,0,32028,A,B,50800,1000,
600023.SH,600023,20251209,91503420,0,32037,A,B,50700,1000,
600023.SH,600023,20251209,91503420,0,32078,A,S,51600,1000,
600023.SH,600023,20251209,91503420,0,32090,A,S,51700,1000,
600023.SH,600023,20251209,91503420,0,32092,A,S,51800,1000,
600023.SH,600023,20251209,91503420,0,32102,A,S,51900,1000,
600023.SH,600023,20251209,91503420,0,32129,A,S,52000,1000,
600023.SH,600023,20251209,91503420,0,32177,A,S,56300,700,
600023.SH,600023,20251209,91503570,0,32405,A,S,51800,5000,
600023.SH,600023,20251209,91503570,0,32406,A,S,52300,5000,
600023.SH,600023,20251209,91503570,0,32414,A,S,52800,5000,
600023.SH,600023,20251209,91503570,0,32483,A,S,51800,200,
600023.SH,600023,20251209,91503570,0,32494,A,S,52000,200,
600023.SH,600023,20251209,91503570,0,32524,A,B,50900,1000,
600023.SH,600023,20251209,91503570,0,32667,A,B,51000,2000,
600023.SH,600023,20251209,91503570,0,32673,A,B,50800,2000,
600023.SH,600023,20251209,91503570,0,32679,A,B,50600,2000,
600023.SH,600023,20251209,91503570,0,32680,A,S,51500,2000,
600023.SH,600023,20251209,91503570,0,32688,A,S,51900,2000,
600023.SH,600023,20251209,91503570,0,32689,A,B,50700,2000,
600023.SH,600023,20251209,91503570,0,33069,A,B,51000,9000,
600023.SH,600023,20251209,91503570,0,33316,A,B,50700,5000,
600023.SH,600023,20251209,91503570,0,33317,A,B,50600,2000,
600023.SH,600023,20251209,91503570,0,33631,A,S,51900,2000,
600023.SH,600023,20251209,91503570,0,33661,A,S,52600,2000,
600023.SH,600023,20251209,91503570,0,33803,A,S,53800,1000,
600023.SH,600023,20251209,91503570,0,33882,A,S,56300,10000,
600023.SH,600023,20251209,91503570,0,34055,A,B,49000,1000,
600023.SH,600023,20251209,91503570,0,34128,A,S,51400,10000,
600023.SH,600023,20251209,91503570,0,34129,A,S,51600,10000,
600023.SH,600023,20251209,91503570,0,34169,A,S,51800,10000,
600023.SH,600023,20251209,91503570,0,34170,A,S,52000,15000,
600023.SH,600023,20251209,91503570,0,34171,A,S,52100,15000,
600023.SH,600023,20251209,91503570,0,34201,A,S,52200,5000,
600023.SH,600023,20251209,91503570,0,34202,A,S,52400,5000,
600023.SH,600023,20251209,91503570,0,34203,A,S,52600,15000,
600023.SH,600023,20251209,91503570,0,34204,A,S,52800,5000,
600023.SH,600023,20251209,91503570,0,34234,A,S,53200,5000,
600023.SH,600023,20251209,91503570,0,34258,A,S,53500,5000,
600023.SH,600023,20251209,91503570,0,34285,A,S,53700,5000,
600023.SH,600023,20251209,91503570,0,34286,A,S,53900,5000,
600023.SH,600023,20251209,91503570,0,34287,A,S,54100,15000,
600023.SH,600023,20251209,91503570,0,34288,A,S,54300,5000,
600023.SH,600023,20251209,91503570,0,34317,A,S,54400,5000,
600023.SH,600023,20251209,91503570,0,34318,A,S,54600,5000,
600023.SH,600023,20251209,91503570,0,34319,A,S,54700,15000,
600023.SH,600023,20251209,91503570,0,34320,A,S,54900,5000,
600023.SH,600023,20251209,91503730,0,34373,A,S,55400,5000,
600023.SH,600023,20251209,91503730,0,34374,A,S,55600,5000,
600023.SH,600023,20251209,91503730,0,34375,A,S,55900,5000,
600023.SH,600023,20251209,91503730,0,34392,A,S,56000,5000,
600023.SH,600023,20251209,91503730,0,34410,A,S,56200,5000,
600023.SH,600023,20251209,91503730,0,34428,A,B,51000,10000,
600023.SH,600023,20251209,91503730,0,34697,A,S,52900,600,
600023.SH,600023,20251209,91503730,0,34949,A,B,49100,1000,
600023.SH,600023,20251209,91503730,0,35272,A,S,51700,4000,
600023.SH,600023,20251209,91503730,0,35284,A,S,52300,4000,
600023.SH,600023,20251209,91503730,0,35400,A,B,50200,200,
600023.SH,600023,20251209,91503730,0,35726,A,S,51700,9800,
600023.SH,600023,20251209,91503730,0,35760,A,S,54700,4000,
600023.SH,600023,20251209,91503730,0,35906,A,S,53500,1000,
600023.SH,600023,20251209,91503730,0,36103,A,B,50700,1100,
600023.SH,600023,20251209,91503730,0,36201,A,B,50800,2000,
600023.SH,600023,20251209,91503870,0,36379,A,S,51400,2200,
600023.SH,600023,20251209,91503870,0,36463,A,S,55100,200,
600023.SH,600023,20251209,91503870,0,36855,A,S,56300,10000,
600023.SH,600023,20251209,91503870,0,37223,A,B,51000,100,
600023.SH,600023,20251209,91503870,0,37317,A,B,50800,5000,
600023.SH,600023,20251209,91503870,0,37318,A,B,50600,5000,
600023.SH,600023,20251209,91503870,0,37771,A,S,53000,3800,
600023.SH,600023,20251209,91503870,0,38111,A,B,50600,2000,
600023.SH,600023,20251209,91504000,0,38442,A,B,50200,500,
600023.SH,600023,20251209,91504000,0,38846,A,S,51200,200,
600023.SH,600023,20251209,91504000,0,39032,A,S,51400,6800,
600023.SH,600023,20251209,91504000,0,39068,A,S,51300,6800,
600023.SH,600023,20251209,91504000,0,39119,A,B,50800,1000,
600023.SH,600023,20251209,91504000,0,39364,A,S,55500,1500,
600023.SH,600023,20251209,91504000,0,39365,A,S,54500,1500,
600023.SH,600023,20251209,91504000,0,39447,A,S,51800,30100,
600023.SH,600023,20251209,91504000,0,39467,A,B,51100,30100,
600023.SH,600023,20251209,91504000,0,39721,A,S,51600,200,
600023.SH,600023,20251209,91504000,0,39739,A,S,51900,200,
600023.SH,600023,20251209,91504000,0,39792,A,B,50300,1000,
600023.SH,600023,20251209,91504140,0,40383,A,S,55000,500,
600023.SH,600023,20251209,91504140,0,40551,A,S,52400,10000,
600023.SH,600023,20251209,91504140,0,40718,A,S,56300,2000,
600023.SH,600023,20251209,91504140,0,41098,A,S,51600,1000,
600023.SH,600023,20251209,91504140,0,41099,A,S,51700,1000,
600023.SH,600023,20251209,91504140,0,41100,A,S,51900,1000,
600023.SH,600023,20251209,91504140,0,41108,A,S,52100,1000,
600023.SH,600023,20251209,91504140,0,41117,A,S,52300,1000,
600023.SH,600023,20251209,91504140,0,41125,A,S,52500,1000,
600023.SH,600023,20251209,91504140,0,41329,A,S,55800,2500,
600023.SH,600023,20251209,91504140,0,41744,A,S,54200,20000,
600023.SH,600023,20251209,91504140,0,41748,A,S,56300,100,
600023.SH,600023,20251209,91504140,0,41749,A,S,53800,100,
600023.SH,600023,20251209,91504260,0,42336,A,S,51400,3000,
600023.SH,600023,20251209,91504260,0,42337,A,S,51800,3000,
600023.SH,600023,20251209,91504260,0,42338,A,S,52200,2000,
600023.SH,600023,20251209,91504260,0,42503,A,S,52100,58800,
600023.SH,600023,20251209,91504310,0,42854,A,S,56300,6000,
600023.SH,600023,20251209,91504310,0,43254,A,S,52000,1000,
600023.SH,600023,20251209,91504310,0,43269,A,B,49600,1000,
600023.SH,600023,20251209,91504310,0,43530,A,S,56300,1000,
600023.SH,600023,20251209,91504310,0,43545,A,S,55000,1000,
600023.SH,600023,20251209,91504310,0,43744,A,S,53200,7400,
600023.SH,600023,20251209,91504310,0,43883,A,B,50500,2300,
600023.SH,600023,20251209,91504310,0,43895,A,S,54500,1500,
600023.SH,600023,20251209,91504310,0,44314,A,S,53900,900,
600023.SH,600023,20251209,91504310,0,44520,A,S,56200,3300,
600023.SH,600023,20251209,91504310,0,44674,A,B,51100,3000,
600023.SH,600023,20251209,91504310,0,44706,A,B,50600,3000,
600023.SH,600023,20251209,91504310,0,44720,A,B,50300,3000,
600023.SH,600023,20251209,91504310,0,44781,A,B,50000,3000,
600023.SH,600023,20251209,91504460,0,44910,A,S,51900,3000,
600023.SH,600023,20251209,91504460,0,44916,A,S,53000,3000,
600023.SH,600023,20251209,91504460,0,44972,A,S,53000,2000,
600023.SH,600023,20251209,91504460,0,45043,A,B,50700,1000,
600023.SH,600023,20251209,91504460,0,45052,A,S,51900,1000,
600023.SH,600023,20251209,91504460,0,45250,A,S,54700,500,
600023.SH,600023,20251209,91504460,0,45349,A,S,52000,1000,
600023.SH,600023,20251209,91504460,0,45712,A,S,56300,2000,
600023.SH,600023,20251209,91504460,0,45842,A,S,56200,500,
600023.SH,600023,20251209,91504460,0,45956,A,B,48100,1000,
600023.SH,600023,20251209,91504460,0,45967,A,S,54000,1000,
600023.SH,600023,20251209,91504460,0,46126,A,S,56300,2000,
600023.SH,600023,20251209,91504460,0,46127,A,S,55000,1500,
600023.SH,600023,20251209,91504460,0,46276,A,S,53000,5000,
600023.SH,600023,20251209,91504460,0,46325,A,S,51500,2000,
600023.SH,600023,20251209,91504460,0,46341,A,S,51600,2000,
600023.SH,600023,20251209,91504460,0,46406,A,S,51700,2000,
600023.SH,600023,20251209,91504460,0,46407,A,S,51800,2000,
600023.SH,600023,20251209,91504460,0,46431,A,S,51900,2000,
600023.SH,600023,20251209,91504460,0,46439,A,S,52000,2000,
600023.SH,600023,20251209,91504460,0,46448,A,S,52100,2000,
600023.SH,600023,20251209,91504460,0,46457,A,S,52200,2000,
600023.SH,600023,20251209,91504460,0,46467,A,S,52300,2000,
600023.SH,600023,20251209,91504460,0,46482,A,S,52400,2000,
600023.SH,600023,20251209,91504460,0,46519,A,S,52500,2000,
600023.SH,600023,20251209,91504460,0,46568,A,B,51100,2000,
600023.SH,600023,20251209,91504460,0,46571,A,B,51000,2000,
600023.SH,600023,20251209,91504460,0,46577,A,B,50900,2000,
600023.SH,600023,20251209,91504460,0,46591,A,B,50800,2000,
600023.SH,600023,20251209,91504460,0,46594,A,B,46200,3000,
600023.SH,600023,20251209,91504460,0,46607,A,B,50700,2000,
600023.SH,600023,20251209,91504460,0,46620,A,B,50600,2000,
600023.SH,600023,20251209,91504610,0,46918,A,S,56300,500,
600023.SH,600023,20251209,91504610,0,47114,A,S,52900,10000,
600023.SH,600023,20251209,91504610,0,48407,A,B,50600,300,
600023.SH,600023,20251209,91504610,0,48427,A,S,52100,300,
600023.SH,600023,20251209,91504610,0,48662,A,S,51900,3500,
600023.SH,600023,20251209,91504610,0,48678,A,S,51900,3500,
600023.SH,600023,20251209,91504610,0,48757,A,S,51500,3000,
600023.SH,600023,20251209,91504750,0,48783,A,S,52000,3000,
600023.SH,600023,20251209,91504750,0,48836,A,S,56300,2000,
600023.SH,600023,20251209,91504750,0,49050,A,B,50500,2400,
600023.SH,600023,20251209,91504750,0,49061,A,B,50000,1000,
600023.SH,600023,20251209,91504750,0,49071,A,B,50000,2500,
600023.SH,600023,20251209,91504750,0,49111,A,S,52000,2000,
600023.SH,600023,20251209,91504750,0,49140,A,S,53000,2000,
600023.SH,600023,20251209,91504750,0,49141,A,S,54000,2000,
600023.SH,600023,20251209,91504750,0,49172,A,B,50800,2000,
600023.SH,600023,20251209,91504750,0,49177,A,S,55000,2000,
600023.SH,600023,20251209,91504750,0,49216,A,S,56300,2000,
600023.SH,600023,20251209,91504750,0,49223,A,S,51900,100000,
600023.SH,600023,20251209,91504750,0,49317,A,S,54000,100,
600023.SH,600023,20251209,91504750,0,49328,A,S,56000,100,
600023.SH,600023,20251209,91504750,0,49423,A,S,56200,1500,
600023.SH,600023,20251209,91504750,0,49697,A,S,52800,1000,
600023.SH,600023,20251209,91504750,0,49709,A,S,51800,1000,
600023.SH,600023,20251209,91504750,0,50110,A,S,52200,600,
600023.SH,600023,20251209,91504750,0,50172,A,S,54000,2500,
600023.SH,600023,20251209,91504750,0,50173,A,S,56000,3000,
600023.SH,600023,20251209,91504750,0,50204,A,S,52000,2000,
600023.SH,600023,20251209,91504750,0,50205,A,S,52500,2000,
600023.SH,600023,20251209,91504750,0,50206,A,S,53000,2000,
600023.SH,600023,20251209,91504750,0,50207,A,S,53500,2000,
600023.SH,600023,20251209,91504750,0,50267,A,S,53500,5000,
600023.SH,600023,20251209,91504750,0,50287,A,B,50900,400,
600023.SH,600023,20251209,91504750,0,50290,A,S,56300,5000,
600023.SH,600023,20251209,91504750,0,50315,A,S,56000,150000,
600023.SH,600023,20251209,91504750,0,50416,A,S,54000,1500,
600023.SH,600023,20251209,91504750,0,50452,A,B,51000,3000,
600023.SH,600023,20251209,91504750,0,50453,A,B,50800,3000,
600023.SH,600023,20251209,91504750,0,50466,A,B,50500,3000,
600023.SH,600023,20251209,91504750,0,50467,A,B,50200,3000,
600023.SH,600023,20251209,91504750,0,50657,A,B,50800,2000,
600023.SH,600023,20251209,91504900,0,50761,A,S,56200,500,
600023.SH,600023,20251209,91504900,0,50935,A,S,54200,100,
600023.SH,600023,20251209,91504900,0,50980,A,S,56200,1000,
600023.SH,600023,20251209,91504900,0,51181,A,B,50700,1000,
600023.SH,600023,20251209,91504900,0,51204,A,B,50500,1000,
600023.SH,600023,20251209,91504900,0,51253,A,S,51700,1000,
600023.SH,600023,20251209,91504900,0,51260,A,S,51900,3000,
600023.SH,600023,20251209,91504900,0,51266,A,S,52100,3000,
600023.SH,600023,20251209,91504900,0,51322,A,S,53800,900,
600023.SH,600023,20251209,91504900,0,52078,A,S,51600,3000,
600023.SH,600023,20251209,91504900,0,52163,A,B,50900,2000,
600023.SH,600023,20251209,91504900,0,52164,A,B,50700,2000,
600023.SH,600023,20251209,91504900,0,52165,A,B,50600,2000,
600023.SH,600023,20251209,91504900,0,52166,A,B,50500,2000,
600023.SH,600023,20251209,91504900,0,52167,A,B,50300,2000,
600023.SH,600023,20251209,91504900,0,52646,A,S,51800,3900,
600023.SH,600023,20251209,91504900,0,52725,A,S,53300,2200,
600023.SH,600023,20251209,91505050,0,52821,A,S,56000,200,
600023.SH,600023,20251209,91505050,0,53413,A,S,56000,4000,
600023.SH,600023,20251209,91505050,0,53642,A,B,48600,2300,
600023.SH,600023,20251209,91505050,0,53683,A,B,51000,37900,
600023.SH,600023,20251209,91505050,0,53700,A,B,50800,2000,
600023.SH,600023,20251209,91505050,0,53701,A,B,50500,2000,
600023.SH,600023,20251209,91505050,0,53783,A,S,56300,100,
600023.SH,600023,20251209,91505050,0,53824,A,B,51000,1100,
600023.SH,600023,20251209,91505050,0,53849,A,B,50200,3000,
600023.SH,600023,20251209,91505050,0,53866,A,S,52000,13500,
600023.SH,600023,20251209,91505050,0,54038,A,S,51500,1200,
600023.SH,600023,20251209,91505050,0,54077,A,B,50000,3000,
600023.SH,600023,20251209,91505050,0,54644,A,S,52000,5000,
600023.SH,600023,20251209,91505050,0,54716,A,B,50100,200,
600023.SH,600023,20251209,91505190,0,54729,A,S,56300,44000,
600023.SH,600023,20251209,91505190,0,55443,A,B,50300,1500,
600023.SH,600023,20251209,91505190,0,55563,A,S,52200,3000,
600023.SH,600023,20251209,91505190,0,55780,A,S,51600,1600,
600023.SH,600023,20251209,91505190,0,56128,A,S,56300,2000,
600023.SH,600023,20251209,91505190,0,56138,A,S,52000,5000,
600023.SH,600023,20251209,91505190,0,56177,A,S,53700,16200,
600023.SH,600023,20251209,91505190,0,56304,A,S,56300,8200,
600023.SH,600023,20251209,91505190,0,56581,A,S,56300,2000,
600023.SH,600023,20251209,91505190,0,56599,A,S,51500,15800,
600023.SH,600023,20251209,91505320,0,57070,A,B,50800,6000,
600023.SH,600023,20251209,91505320,0,57310,A,B,50900,3000,
600023.SH,600023,20251209,91505320,0,57329,A,S,52600,3000,
600023.SH,600023,20251209,91505320,0,57342,A,S,53200,3000,
600023.SH,600023,20251209,91505320,0,57480,A,S,54300,300,
600023.SH,600023,20251209,91505320,0,57632,A,S,54000,1800,
600023.SH,600023,20251209,91505320,0,57846,A,S,56300,100,
600023.SH,600023,20251209,91505400,0,58006,A,S,52400,20000,
600023.SH,600023,20251209,91505400,0,58061,A,B,51100,10000,
600023.SH,600023,20251209,91505400,0,58107,A,S,56200,1000,
600023.SH,600023,20251209,91505400,0,58273,A,S,52100,600,
600023.SH,600023,20251209,91505400,0,59103,A,S,52500,3400,
600023.SH,600023,20251209,91505400,0,59112,A,B,51000,4000,
600023.SH,600023,20251209,91505570,0,60132,A,B,50700,10200,
600023.SH,600023,20251209,91505570,0,60140,A,S,51900,10200,
600023.SH,600023,20251209,91505570,0,60487,A,S,51300,10000,
600023.SH,600023,20251209,91505570,0,60490,A,B,50600,6000,
600023.SH,600023,20251209,91505570,0,60499,A,B,50900,3000,
600023.SH,600023,20251209,91505570,0,60738,A,S,52900,800,
600023.SH,600023,20251209,91505570,0,60739,A,S,56300,1800,
600023.SH,600023,20251209,91505570,0,60941,A,S,53200,4500,
600023.SH,600023,20251209,91505570,0,60999,A,B,50300,3000,
600023.SH,600023,20251209,91505570,0,61540,A,S,51700,2600,
600023.SH,600023,20251209,91505570,0,61789,A,S,56300,1000,
600023.SH,600023,20251209,91505570,0,61790,A,B,50800,1000,
600023.SH,600023,20251209,91505570,0,61874,A,S,54000,1000,
600023.SH,600023,20251209,91505710,0,62132,A,B,46700,1000,
600023.SH,600023,20251209,91505710,0,62203,A,B,46100,2000,
600023.SH,600023,20251209,91505710,0,62497,A,S,56300,1300,
600023.SH,600023,20251209,91505710,0,62562,A,B,51200,100,
600023.SH,600023,20251209,91505710,0,62563,A,B,51100,100,
600023.SH,600023,20251209,91505710,0,62584,A,S,51600,20000,
600023.SH,600023,20251209,91505710,0,62694,A,B,50600,6000,
600023.SH,600023,20251209,91505710,0,62754,A,S,55500,1000,
600023.SH,600023,20251209,91505710,0,62779,A,S,54500,1000,
600023.SH,600023,20251209,91505710,0,62786,A,B,50500,5000,
600023.SH,600023,20251209,91505710,0,62843,A,S,53600,5000,
600023.SH,600023,20251209,91505710,0,62854,A,S,55500,1500,
600023.SH,600023,20251209,91505710,0,62855,A,S,54000,1500,
600023.SH,600023,20251209,91505710,0,63040,A,S,53100,1900,
600023.SH,600023,20251209,91505710,0,63046,A,S,55500,500,
600023.SH,600023,20251209,91505710,0,63128,A,S,53000,700,
600023.SH,600023,20251209,91505710,0,63347,A,S,52100,2000,
600023.SH,600023,20251209,91505710,0,63591,A,S,52000,1000,
600023.SH,600023,20251209,91505710,0,63592,A,S,53000,1000,
600023.SH,600023,20251209,91505710,0,63626,A,S,52000,17000,
600023.SH,600023,20251209,91505710,0,63629,A,S,52000,10000,
600023.SH,600023,20251209,91505860,0,64137,A,B,50600,300,
600023.SH,600023,20251209,91505860,0,64705,A,S,53000,2000,
600023.SH,600023,20251209,91505860,0,64737,A,S,51800,1000,
600023.SH,600023,20251209,91505860,0,64923,A,S,54400,1900,
600023.SH,600023,20251209,91505860,0,65067,A,B,48400,600,
600023.SH,600023,20251209,91505860,0,65107,A,S,51400,1000,
600023.SH,600023,20251209,91505860,0,65112,A,S,54700,500,
600023.SH,600023,20251209,91505860,0,65281,A,S,53300,3000,
600023.SH,600023,20251209,91505860,0,65637,A,S,53900,3000,
600023.SH,600023,20251209,91505860,0,65643,A,S,54600,3000,
600023.SH,600023,20251209,91505860,0,65681,A,B,48200,500,
600023.SH,600023,20251209,91505860,0,65788,A,B,50000,50000,
600023.SH,600023,20251209,91505990,0,65945,A,S,51800,2000,
600023.SH,600023,20251209,91505990,0,66005,A,S,53000,500,
600023.SH,600023,20251209,91505990,0,66044,A,S,53700,500,
600023.SH,600023,20251209,91505990,0,66051,A,S,54700,500,
600023.SH,600023,20251209,91505990,0,66059,A,S,56300,500,
600023.SH,600023,20251209,91505990,0,66278,A,B,49900,2000,
600023.SH,600023,20251209,91505990,0,66282,A,B,49600,2000,
600023.SH,600023,20251209,91505990,0,66386,A,B,50200,1000,
600023.SH,600023,20251209,91505990,0,66387,A,B,50100,1500,
600023.SH,600023,20251209,91505990,0,66465,A,B,51000,500,
600023.SH,600023,20251209,91505990,0,66467,A,B,50600,500,
600023.SH,600023,20251209,91505990,0,66468,A,B,50400,500,
600023.SH,600023,20251209,91505990,0,66470,A,B,50200,500,
600023.SH,600023,20251209,91505990,0,66489,A,B,50100,10000,
600023.SH,600023,20251209,91505990,0,66655,A,S,51900,500,
600023.SH,600023,20251209,91505990,0,66892,A,B,50900,1500,
600023.SH,600023,20251209,91505990,0,67167,A,B,50800,12500,
600023.SH,600023,20251209,91505990,0,67198,A,S,56300,500,
600023.SH,600023,20251209,91505990,0,67199,A,S,56300,500,
600023.SH,600023,20251209,91505990,0,67200,A,S,56000,100,
600023.SH,600023,20251209,91505990,0,67201,A,S,55500,100,
600023.SH,600023,20251209,91505990,0,67202,A,S,55000,100,
600023.SH,600023,20251209,91505990,0,67466,A,S,51600,1000,
600023.SH,600023,20251209,91505990,0,67472,A,S,51700,1000,
600023.SH,600023,20251209,91505990,0,67507,A,S,53500,1000,
600023.SH,600023,20251209,91505990,0,67508,A,S,55000,2000,
600023.SH,600023,20251209,91505990,0,67509,A,S,56300,2000,
600023.SH,600023,20251209,91505990,0,67510,A,B,50000,2000,
600023.SH,600023,20251209,91505990,0,67630,A,S,55800,1000,
600023.SH,600023,20251209,91505990,0,67708,A,S,52000,9800,
600023.SH,600023,20251209,91506130,0,67851,A,S,52200,5000,
600023.SH,600023,20251209,91506130,0,67908,A,S,52900,6600,
600023.SH,600023,20251209,91506130,0,68186,A,S,53600,300,
600023.SH,600023,20251209,91506130,0,68446,A,S,51700,2000,
600023.SH,600023,20251209,91506130,0,68447,A,S,51900,2000,
600023.SH,600023,20251209,91506130,0,68499,A,B,50800,5000,
600023.SH,600023,20251209,91506130,0,69695,A,S,51400,500,
600023.SH,600023,20251209,91506130,0,69721,A,B,51000,400,
600023.SH,600023,20251209,91506260,0,70081,A,S,56200,2000,
600023.SH,600023,20251209,91506260,0,70356,A,S,51800,19100,
600023.SH,600023,20251209,91506260,0,70365,A,S,51700,13500,
600023.SH,600023,20251209,91506260,0,70535,A,B,50900,1100,
600023.SH,600023,20251209,91506260,0,70561,A,B,50000,10000,
600023.SH,600023,20251209,91506260,0,70887,A,S,52200,1000,
600023.SH,600023,20251209,91506260,0,70888,A,S,56300,500,
600023.SH,600023,20251209,91506260,0,71252,A,S,52000,1000,
600023.SH,600023,20251209,91506260,0,71324,A,S,52200,1000,
600023.SH,600023,20251209,91506260,0,71437,A,S,52000,100,
600023.SH,600023,20251209,91506420,0,72146,A,S,56200,1000,
600023.SH,600023,20251209,91506420,0,72294,A,B,51000,3600,
600023.SH,600023,20251209,91506420,0,72444,A,S,51800,2000,
600023.SH,600023,20251209,91506420,0,72586,A,B,50900,2000,
600023.SH,600023,20251209,91506420,0,72642,A,S,51500,10000,
600023.SH,600023,20251209,91506420,0,72643,A,S,51700,10000,
600023.SH,600023,20251209,91506420,0,72644,A,S,51900,10000,
600023.SH,600023,20251209,91506420,0,72657,A,S,52300,5000,
600023.SH,600023,20251209,91506420,0,72658,A,S,52500,5000,
600023.SH,600023,20251209,91506420,0,72659,A,S,52700,5000,
600023.SH,600023,20251209,91506420,0,72660,A,S,52900,5000,
600023.SH,600023,20251209,91506420,0,72661,A,S,53000,5000,
600023.SH,600023,20251209,91506420,0,72662,A,S,53100,15000,
600023.SH,600023,20251209,91506420,0,72663,A,S,53300,5000,
600023.SH,600023,20251209,91506420,0,72678,A,S,52000,10000,
600023.SH,600023,20251209,91506420,0,72680,A,S,53400,5000,
600023.SH,600023,20251209,91506420,0,72681,A,S,53600,15000,
600023.SH,600023,20251209,91506420,0,72682,A,S,53800,5000,
600023.SH,600023,20251209,91506420,0,72683,A,S,54000,5000,
600023.SH,600023,20251209,91506420,0,72684,A,S,54200,5000,
600023.SH,600023,20251209,91506420,0,72686,A,S,54500,5000,
600023.SH,600023,20251209,91506420,0,72713,A,S,54800,5000,
600023.SH,600023,20251209,91506420,0,72714,A,S,55000,5000,
600023.SH,600023,20251209,91506420,0,72715,A,S,55100,5000,
600023.SH,600023,20251209,91506420,0,72716,A,S,55200,15000,
600023.SH,600023,20251209,91506420,0,72717,A,S,55300,5000,
600023.SH,600023,20251209,91506420,0,72720,A,S,55500,5000,
600023.SH,600023,20251209,91506420,0,72721,A,S,55700,15000,
600023.SH,600023,20251209,91506420,0,72723,A,S,55800,5000,
600023.SH,600023,20251209,91506420,0,72725,A,S,56100,5000,
600023.SH,600023,20251209,91506420,0,72726,A,S,56300,15000,
600023.SH,600023,20251209,91506420,0,72728,A,B,51100,10000,
600023.SH,600023,20251209,91506420,0,72735,A,B,50900,10000,
600023.SH,600023,20251209,91506420,0,72740,A,B,49500,3000,
600023.SH,600023,20251209,91506420,0,72744,A,S,52500,11000,
600023.SH,600023,20251209,91506420,0,72771,A,S,56200,2500,
600023.SH,600023,20251209,91506420,0,72873,A,S,53200,200000,
600023.SH,600023,20251209,91506420,0,73104,A,B,50800,400,
600023.SH,600023,20251209,91506420,0,73165,A,B,50800,500,
600023.SH,600023,20251209,91506420,0,73586,A,B,50700,2000,
600023.SH,600023,20251209,91506420,0,73587,A,B,50500,2000,
600023.SH,600023,20251209,91506420,0,73588,A,B,50200,2000,
600023.SH,600023,20251209,91506570,0,74161,A,S,55500,200,
600023.SH,600023,20251209,91506570,0,74878,A,B,50900,33900,
600023.SH,600023,20251209,91506570,0,75164,A,B,51000,900,
600023.SH,600023,20251209,91506570,0,75251,A,S,56000,4000,
600023.SH,600023,20251209,91506720,0,75867,A,S,51400,1000,
600023.SH,600023,20251209,91506720,0,75869,A,S,51500,1000,
600023.SH,600023,20251209,91506720,0,75871,A,S,51600,1000,
600023.SH,600023,20251209,91506720,0,75875,A,S,51700,1000,
600023.SH,600023,20251209,91506720,0,75880,A,S,51800,1000,
600023.SH,600023,20251209,91506720,0,75882,A,S,51900,1000,
600023.SH,600023,20251209,91506720,0,75885,A,S,52000,1000,
600023.SH,600023,20251209,91506720,0,75890,A,B,51100,1000,
600023.SH,600023,20251209,91506720,0,75934,A,B,51000,1000,
600023.SH,600023,20251209,91506720,0,75938,A,B,50900,1000,
600023.SH,600023,20251209,91506720,0,75953,A,S,56300,3300,
600023.SH,600023,20251209,91506720,0,75959,A,B,50800,1000,
600023.SH,600023,20251209,91506720,0,75977,A,B,50700,1000,
600023.SH,600023,20251209,91506720,0,76071,A,B,51000,1500,
600023.SH,600023,20251209,91506720,0,76131,A,S,56300,2000,
600023.SH,600023,20251209,91506720,0,76312,A,B,51100,1500,
600023.SH,600023,20251209,91506720,0,76477,A,S,55000,1500,
600023.SH,600023,20251209,91506720,0,76731,A,B,50900,1500,
600023.SH,600023,20251209,91506720,0,76746,A,B,50800,1500,
600023.SH,600023,20251209,91506720,0,76785,A,B,50900,5000,
600023.SH,600023,20251209,91506720,0,76875,A,S,54200,1000,
600023.SH,600023,20251209,91506720,0,76915,A,S,52600,1000,
600023.SH,600023,20251209,91506720,0,77430,A,S,55400,4000,
600023.SH,600023,20251209,91506720,0,77433,A,S,55800,2500,
600023.SH,600023,20251209,91506720,0,77516,A,B,50800,3000,
600023.SH,600023,20251209,91506860,0,77999,A,S,56300,3400,
600023.SH,600023,20251209,91506860,0,78217,A,S,51600,1000,
600023.SH,600023,20251209,91506860,0,78218,A,S,51800,1000,
600023.SH,600023,20251209,91506860,0,78236,A,S,52000,3000,
600023.SH,600023,20251209,91506860,0,78324,A,B,51000,30100,
600023.SH,600023,20251209,91506860,0,78341,A,B,50900,30100,
600023.SH,600023,20251209,91506860,0,78463,A,S,52200,15000,
600023.SH,600023,20251209,91506860,0,78643,A,B,51000,2000,
600023.SH,600023,20251209,91506860,0,78717,A,S,52200,4000,
600023.SH,600023,20251209,91506860,0,78718,A,S,52800,4000,
600023.SH,600023,20251209,91506860,0,78921,A,S,51700,8400,
600023.SH,600023,20251209,91506860,0,78929,A,S,53600,15000,
600023.SH,600023,20251209,91506860,0,78986,A,B,50200,4000,
600023.SH,600023,20251209,91506860,0,79293,A,S,52000,4900,
600023.SH,600023,20251209,91506860,0,79388,A,S,55000,40600,
600023.SH,600023,20251209,91506860,0,79537,A,S,51800,1000,
600023.SH,600023,20251209,91507010,0,79968,A,B,51000,200,
600023.SH,600023,20251209,91507010,0,79989,A,S,53200,300,
600023.SH,600023,20251209,91507010,0,80031,A,S,55000,1000,
600023.SH,600023,20251209,91507010,0,80600,A,B,51000,2000,
600023.SH,600023,20251209,91507010,0,80617,A,B,50800,2000,
600023.SH,600023,20251209,91507010,0,80639,A,B,50400,2000,
600023.SH,600023,20251209,91507010,0,80829,A,B,49100,100,
600023.SH,600023,20251209,91507010,0,81168,A,S,53200,4000,
600023.SH,600023,20251209,91507010,0,81275,A,S,52600,1900,
600023.SH,600023,20251209,91507150,0,81829,A,S,56300,3000,
600023.SH,600023,20251209,91507150,0,82200,A,B,51100,1000,
600023.SH,600023,20251209,91507150,0,82201,A,B,50900,1500,
600023.SH,600023,20251209,91507150,0,82202,A,S,51700,1000,
600023.SH,600023,20251209,91507150,0,82659,A,S,53900,4000,
600023.SH,600023,20251209,91507150,0,82665,A,S,52200,6000,
600023.SH,600023,20251209,91507150,0,82909,A,S,56300,2000,
600023.SH,600023,20251209,91507150,0,82912,A,S,55500,2000,
600023.SH,600023,20251209,91507150,0,82929,A,S,54500,2000,
600023.SH,600023,20251209,91507150,0,82935,A,S,53500,200,
600023.SH,600023,20251209,91507150,0,83163,A,S,55300,100,
600023.SH,600023,20251209,91507150,0,83463,A,B,50500,300,
600023.SH,600023,20251209,91507150,0,83483,A,S,51800,2000,
600023.SH,600023,20251209,91507300,0,83929,A,S,52000,11300,
600023.SH,600023,20251209,91507300,0,84124,A,S,52300,1000,
600023.SH,600023,20251209,91507300,0,84131,A,S,52500,1000,
600023.SH,600023,20251209,91507300,0,84179,A,S,51800,3000,
600023.SH,600023,20251209,91507300,0,84184,A,B,50700,3000,
600023.SH,600023,20251209,91507300,0,84213,A,B,50900,100,
600023.SH,600023,20251209,91507300,0,84217,A,B,50800,100,
600023.SH,600023,20251209,91507300,0,84505,A,S,51700,3000,
600023.SH,600023,20251209,91507300,0,84506,A,S,51900,3000,
600023.SH,600023,20251209,91507300,0,84507,A,S,52100,2000,
600023.SH,600023,20251209,91507300,0,84516,A,B,50900,3000,
600023.SH,600023,20251209,91507300,0,84529,A,S,51900,2000,
600023.SH,600023,20251209,91507300,0,84530,A,S,52200,2000,
600023.SH,600023,20251209,91507300,0,84701,A,S,52600,4000,
600023.SH,600023,20251209,91507300,0,85050,A,B,50900,3000,
600023.SH,600023,20251209,91507300,0,85053,A,S,56300,1000,
600023.SH,600023,20251209,91507300,0,85064,A,B,50400,3000,
600023.SH,600023,20251209,91507300,0,85174,A,S,56300,4300,
600023.SH,600023,20251209,91507300,0,85241,A,B,50800,2000,
600023.SH,600023,20251209,91507450,0,85977,A,S,52900,300,
600023.SH,600023,20251209,91507450,0,85978,A,S,53900,300,
600023.SH,600023,20251209,91507450,0,85979,A,S,54900,300,
600023.SH,600023,20251209,91507450,0,85981,A,S,55900,300,
600023.SH,600023,20251209,91507450,0,86071,A,B,51000,4000,
600023.SH,600023,20251209,91507450,0,86144,A,B,50900,900,
600023.SH,600023,20251209,91507450,0,86173,A,S,51500,5000,
600023.SH,600023,20251209,91507450,0,86174,A,S,51600,5000,
600023.SH,600023,20251209,91507450,0,86176,A,S,51700,5000,
600023.SH,600023,20251209,91507450,0,86322,A,B,50500,556800,
600023.SH,600023,20251209,91507450,0,86353,A,B,50800,5200,
600023.SH,600023,20251209,91507450,0,86477,A,B,46100,800,
600023.SH,600023,20251209,91507450,0,86657,A,S,53200,1600,
600023.SH,600023,20251209,91507450,0,86761,A,S,53600,300,
600023.SH,600023,20251209,91507450,0,86762,A,S,56200,200,
600023.SH,600023,20251209,91507450,0,87076,A,S,53900,600,
600023.SH,600023,20251209,91507450,0,87293,A,B,50600,9900,
600023.SH,600023,20251209,91507450,0,87456,A,S,51700,200,
600023.SH,600023,20251209,91507450,0,87461,A,S,51600,3000,
600023.SH,600023,20251209,91507450,0,87462,A,S,51900,6000,
600023.SH,600023,20251209,91507450,0,87463,A,S,52100,2000,
600023.SH,600023,20251209,91507450,0,87464,A,S,52300,3000,
600023.SH,600023,20251209,91507450,0,87465,A,S,52600,3000,
600023.SH,600023,20251209,91507450,0,87466,A,B,51000,2000,
600023.SH,600023,20251209,91507450,0,87467,A,B,50800,2000,
600023.SH,600023,20251209,91507450,0,87507,A,B,50200,56400,
600023.SH,600023,20251209,91507600,0,88377,A,B,51000,2000,
600023.SH,600023,20251209,91507600,0,88394,A,B,50700,9900,
600023.SH,600023,20251209,91507600,0,88464,A,B,50800,2000,
600023.SH,600023,20251209,91507600,0,88614,A,S,51900,1000,
600023.SH,600023,20251209,91507600,0,88748,A,B,50900,42700,
600023.SH,600023,20251209,91507600,0,89231,A,S,51500,6000,
600023.SH,600023,20251209,91507600,0,89232,A,S,51700,6000,
600023.SH,600023,20251209,91507740,0,89955,A,B,51000,5000,
600023.SH,600023,20251209,91507740,0,90201,A,S,52800,5000,
600023.SH,600023,20251209,91507800,0,90668,A,S,56000,2000,
600023.SH,600023,20251209,91507800,0,90785,A,B,50200,1200,
600023.SH,600023,20251209,91507800,0,90908,A,S,53800,9400,
600023.SH,600023,20251209,91507860,0,91181,A,B,50500,400,
600023.SH,600023,20251209,91507860,0,91458,A,S,53500,100,
600023.SH,600023,20251209,91507860,0,91543,A,S,56300,500,
600023.SH,600023,20251209,91507860,0,91591,A,S,52000,5800,
600023.SH,600023,20251209,91507860,0,91633,A,B,50100,500,
600023.SH,600023,20251209,91507860,0,91644,A,B,50900,2000,
600023.SH,600023,20251209,91507860,0,91666,A,B,48600,2100,
600023.SH,600023,20251209,91507860,0,92165,A,S,51800,29000,
600023.SH,600023,20251209,91507860,0,92523,A,S,56000,700,
600023.SH,600023,20251209,91507860,0,92866,A,B,50200,500,
600023.SH,600023,20251209,91508020,0,93171,A,B,49800,500,
600023.SH,600023,20251209,91508020,0,93172,A,B,49300,500,
600023.SH,600023,20251209,91508020,0,93173,A,S,56300,3000,
600023.SH,600023,20251209,91508020,0,93219,A,S,52700,1000,
600023.SH,600023,20251209,91508020,0,93247,A,S,51800,5800,
600023.SH,600023,20251209,91508020,0,93542,A,S,51800,300,
600023.SH,600023,20251209,91508020,0,93543,A,B,50200,300,
600023.SH,600023,20251209,91508020,0,93850,A,S,51800,2000,
600023.SH,600023,20251209,91508020,0,94058,A,B,50800,3000,
600023.SH,600023,20251209,91508020,0,94059,A,B,50900,3000,
600023.SH,600023,20251209,91508020,0,94111,A,S,52500,3000,
600023.SH,600023,20251209,91508020,0,94150,A,S,54500,3000,
600023.SH,600023,20251209,91508020,0,94151,A,S,56300,3000,
600023.SH,600023,20251209,91508020,0,94356,A,B,51200,100,
600023.SH,600023,20251209,91508020,0,94433,A,B,50500,1500,
600023.SH,600023,20251209,91508020,0,94852,A,B,50900,5000,
600023.SH,600023,20251209,91508020,0,94873,A,B,49700,200,
600023.SH,600023,20251209,91508180,0,95070,A,S,56300,100,
600023.SH,600023,20251209,91508180,0,95071,A,S,55500,100,
600023.SH,600023,20251209,91508180,0,95072,A,S,54500,100,
600023.SH,600023,20251209,91508180,0,95260,A,S,56200,11400,
600023.SH,600023,20251209,91508180,0,95271,A,B,50800,900,
600023.SH,600023,20251209,91508180,0,95489,A,S,56300,1300,
600023.SH,600023,20251209,91508180,0,95577,A,B,56300,39000,
600023.SH,600023,20251209,91508180,0,95647,A,S,51600,1000,
600023.SH,600023,20251209,91508180,0,95652,A,B,50800,1000,
600023.SH,600023,20251209,91508180,0,95779,A,B,50900,10100,
600023.SH,600023,20251209,91508180,0,95783,A,B,50700,10100,
600023.SH,600023,20251209,91508180,0,95796,A,S,51900,10100,
600023.SH,600023,20251209,91508180,0,95870,A,B,50800,5000,
600023.SH,600023,20251209,91508180,0,95871,A,B,50700,5000,
600023.SH,600023,20251209,91508180,0,95872,A,B,50500,6000,
600023.SH,600023,20251209,91508180,0,96059,A,S,53500,100,
600023.SH,600023,20251209,91508180,0,96060,A,S,52500,100,
600023.SH,600023,20251209,91508180,0,96061,A,S,51500,100,
600023.SH,600023,20251209,91508180,0,96287,A,S,52500,5000,
600023.SH,600023,20251209,91508330,0,97056,A,B,48600,100,
600023.SH,600023,20251209,91508330,0,97199,A,B,50000,6000,
600023.SH,600023,20251209,91508330,0,97949,A,S,53900,2000,
600023.SH,600023,20251209,91508330,0,97953,A,S,54700,100,
600023.SH,600023,20251209,91508330,0,97954,A,S,52200,100,
600023.SH,600023,20251209,91508330,0,98037,A,S,52400,1000,
600023.SH,600023,20251209,91508330,0,98102,A,B,50600,1000,
600023.SH,600023,20251209,91508330,0,98205,A,S,51600,11600,
600023.SH,600023,20251209,91508330,0,98206,A,B,50800,12000,
600023.SH,600023,20251209,91508330,0,98316,A,S,51900,5000,
600023.SH,600023,20251209,91508330,0,98318,A,B,50200,20000,
600023.SH,600023,20251209,91508330,0,98402,A,S,51900,4800,
600023.SH,600023,20251209,91508330,0,98424,A,B,50600,3000,
600023.SH,600023,20251209,91508330,0,98494,A,S,51600,82000,
600023.SH,600023,20251209,91508330,0,98527,A,B,49800,500,
600023.SH,600023,20251209,91508490,0,99025,A,B,50600,5000,
600023.SH,600023,20251209,91508490,0,99514,A,B,50700,3300,
600023.SH,600023,20251209,91508490,0,99599,A,S,53500,5000,
600023.SH,600023,20251209,91508490,0,99600,A,S,53700,5000,
600023.SH,600023,20251209,91508490,0,99633,A,S,53900,5000,
600023.SH,600023,20251209,91508490,0,100215,A,S,55000,100,
600023.SH,600023,20251209,91508490,0,100216,A,S,52500,200,
600023.SH,600023,20251209,91508490,0,100264,A,S,52000,500,
600023.SH,600023,20251209,91508490,0,100551,A,B,50800,2000,
600023.SH,600023,20251209,91508490,0,100751,A,S,52000,1600,
600023.SH,600023,20251209,91508490,0,100787,A,S,54000,5800,
600023.SH,600023,20251209,91508650,0,101279,A,S,54500,3300,
600023.SH,600023,20251209,91508650,0,101364,A,S,48600,500,
600023.SH,600023,20251209,91508650,0,101366,A,S,54000,10000,
600023.SH,600023,20251209,91508650,0,101446,A,S,53800,700,
600023.SH,600023,20251209,91508650,0,101593,A,B,50800,1000,
600023.SH,600023,20251209,91508650,0,101652,A,S,56200,2000,
600023.SH,600023,20251209,91508650,0,101677,A,S,51800,4500,
600023.SH,600023,20251209,91508650,0,101679,A,S,52100,4500,
600023.SH,600023,20251209,91508650,0,101770,A,S,52400,4500,
600023.SH,600023,20251209,91508650,0,101793,A,B,50900,2800,
600023.SH,600023,20251209,91508650,0,101811,A,S,56000,100,
600023.SH,600023,20251209,91508650,0,101844,A,S,55700,4600,
600023.SH,600023,20251209,91508650,0,102276,A,S,53000,1000,
600023.SH,600023,20251209,91508650,0,102352,A,S,55500,20000,
600023.SH,600023,20251209,91508650,0,102353,A,S,54000,5000,
600023.SH,600023,20251209,91508650,0,102355,A,S,52500,5000,
600023.SH,600023,20251209,91508650,0,102398,A,S,51900,2500,
600023.SH,600023,20251209,91508650,0,102400,A,S,52200,2500,
600023.SH,600023,20251209,91508650,0,102401,A,S,52500,2500,
600023.SH,600023,20251209,91508650,0,102405,A,S,51800,5000,
600023.SH,600023,20251209,91508650,0,102413,A,S,56300,400,
600023.SH,600023,20251209,91508650,0,102581,A,S,52100,5000,
600023.SH,600023,20251209,91508650,0,102582,A,S,52400,5000,
600023.SH,600023,20251209,91508650,0,102583,A,S,51800,4000,
600023.SH,600023,20251209,91508650,0,102584,A,S,52100,4000,
600023.SH,600023,20251209,91508650,0,102615,A,S,51800,10000,
600023.SH,600023,20251209,91508820,0,102817,A,S,52400,4000,
600023.SH,600023,20251209,91508820,0,102919,A,S,54900,800,
600023.SH,600023,20251209,91508820,0,103747,A,B,51200,6000,
600023.SH,600023,20251209,91508820,0,103919,A,B,50600,16000,
600023.SH,600023,20251209,91508820,0,104239,A,S,51800,1000,
600023.SH,600023,20251209,91508820,0,104240,A,B,50500,1000,
600023.SH,600023,20251209,91508820,0,104241,A,B,50900,1000,
600023.SH,600023,20251209,91508820,0,104242,A,B,50800,1000,
600023.SH,600023,20251209,91508820,0,104245,A,B,49000,1700,
600023.SH,600023,20251209,91508820,0,104608,A,B,51100,4000,
600023.SH,600023,20251209,91508980,0,104779,A,B,50800,700,
600023.SH,600023,20251209,91508980,0,105035,A,S,52100,6000,
600023.SH,600023,20251209,91508980,0,105036,A,S,52200,6000,
600023.SH,600023,20251209,91508980,0,105037,A,S,52300,6000,
600023.SH,600023,20251209,91508980,0,105038,A,S,52400,6000,
600023.SH,600023,20251209,91508980,0,105039,A,S,52500,6000,
600023.SH,600023,20251209,91508980,0,105040,A,S,52600,6000,
600023.SH,600023,20251209,91508980,0,105041,A,S,52700,6000,
600023.SH,600023,20251209,91508980,0,105042,A,S,52800,6000,
600023.SH,600023,20251209,91508980,0,105043,A,S,52900,6000,
600023.SH,600023,20251209,91508980,0,105044,A,S,53000,6000,
600023.SH,600023,20251209,91508980,0,105049,A,B,50600,1000,
600023.SH,600023,20251209,91508980,0,105351,A,S,52500,1000,
600023.SH,600023,20251209,91508980,0,105856,A,S,53000,4300,
600023.SH,600023,20251209,91508980,0,105874,A,S,51400,400,
600023.SH,600023,20251209,91508980,0,105875,A,B,50900,600,
600023.SH,600023,20251209,91508980,0,106168,A,S,51900,1000,
600023.SH,600023,20251209,91508980,0,106220,A,S,51500,5000,
600023.SH,600023,20251209,91508980,0,106484,A,S,51700,10000,
600023.SH,600023,20251209,91508980,0,106526,A,B,51000,2000,
600023.SH,600023,20251209,91508980,0,106661,A,S,51700,6000,
600023.SH,600023,20251209,91508980,0,106672,A,S,52000,6000,
600023.SH,600023,20251209,91508980,0,106677,A,S,52300,6000,
600023.SH,600023,20251209,91508980,0,106679,A,S,52600,6000,
600023.SH,600023,20251209,91509130,0,106846,A,B,50600,2000,
600023.SH,600023,20251209,91509130,0,106849,A,B,50400,2000,
600023.SH,600023,20251209,91509130,0,106850,A,B,50300,2000,
600023.SH,600023,20251209,91509130,0,106935,A,B,50700,1200,
600023.SH,600023,20251209,91509130,0,107013,A,B,50700,3000,
600023.SH,600023,20251209,91509130,0,107060,A,B,51300,300,
600023.SH,600023,20251209,91509130,0,107360,A,S,56100,4800,
600023.SH,600023,20251209,91509130,0,107381,A,S,51600,5000,
600023.SH,600023,20251209,91509130,0,107540,A,B,50800,5000,
600023.SH,600023,20251209,91509130,0,107569,A,S,55800,1900,
600023.SH,600023,20251209,91509130,0,107579,A,B,50000,1500,
600023.SH,600023,20251209,91509130,0,107580,A,B,49800,2000,
600023.SH,600023,20251209,91509130,0,107775,A,S,51700,9000,
600023.SH,600023,20251209,91509130,0,107778,A,S,52000,9000,
600023.SH,600023,20251209,91509130,0,107779,A,S,52300,9000,
600023.SH,600023,20251209,91509130,0,107780,A,S,52600,9000,
600023.SH,600023,20251209,91509130,0,108111,A,S,54900,1900,
600023.SH,600023,20251209,91509130,0,108183,A,S,51700,5000,
600023.SH,600023,20251209,91509130,0,108184,A,S,52000,5000,
600023.SH,600023,20251209,91509130,0,108187,A,S,52300,5000,
600023.SH,600023,20251209,91509130,0,108189,A,S,52600,5000,
600023.SH,600023,20251209,91509270,0,108993,A,S,55900,4000,
600023.SH,600023,20251209,91509270,0,109688,A,S,51900,4000,
600023.SH,600023,20251209,91509270,0,109690,A,S,52200,4000,
600023.SH,600023,20251209,91509270,0,109691,A,S,52500,4000,
600023.SH,600023,20251209,91509270,0,109708,A,S,53200,5000,
600023.SH,600023,20251209,91509270,0,109793,A,S,54100,200,
600023.SH,600023,20251209,91509270,0,109831,A,B,48400,100,
600023.SH,600023,20251209,91509270,0,110042,A,S,52300,2000,
600023.SH,600023,20251209,91509270,0,110604,A,S,53800,100,
600023.SH,600023,20251209,91509430,0,110864,A,S,51600,3000,
600023.SH,600023,20251209,91509430,0,110889,A,S,56300,700,
600023.SH,600023,20251209,91509430,0,111030,A,S,56300,3000,
600023.SH,600023,20251209,91509430,0,111066,A,B,50700,3000,
600023.SH,600023,20251209,91509430,0,111070,A,B,50100,3000,
600023.SH,600023,20251209,91509430,0,111443,A,B,49600,5000,
600023.SH,600023,20251209,91509430,0,111446,A,S,52500,200,
600023.SH,600023,20251209,91509430,0,111465,A,B,50700,10000,
600023.SH,600023,20251209,91509430,0,111553,A,S,51000,2100,
600023.SH,600023,20251209,91509430,0,111559,A,B,50500,6000,
600023.SH,600023,20251209,91509430,0,111702,A,S,51300,2800,
600023.SH,600023,20251209,91509430,0,111709,A,S,56300,1000,
600023.SH,600023,20251209,91509430,0,111710,A,S,53800,500,
600023.SH,600023,20251209,91509430,0,111732,A,S,51800,2000,
600023.SH,600023,20251209,91509430,0,111940,A,S,56300,1000,
600023.SH,600023,20251209,91509430,0,111941,A,S,53800,500,
600023.SH,600023,20251209,91509430,0,112063,A,S,53200,34100,
600023.SH,600023,20251209,91509430,0,112135,A,S,55900,100,
600023.SH,600023,20251209,91509430,0,112236,A,S,56300,900,
600023.SH,600023,20251209,91509600,0,112743,A,S,51200,100,
600023.SH,600023,20251209,91509600,0,112973,A,B,46200,300,
600023.SH,600023,20251209,91509600,0,112974,A,B,48200,200,
600023.SH,600023,20251209,91509600,0,112976,A,B,50200,100,
600023.SH,600023,20251209,91509600,0,113061,A,B,51000,4200,
600023.SH,600023,20251209,91509600,0,113074,A,S,51700,8000,
600023.SH,600023,20251209,91509650,0,113249,A,B,51000,1100,
600023.SH,600023,20251209,91509650,0,113410,A,S,55800,1300,
600023.SH,600023,20251209,91509650,0,113518,A,B,50700,5000,
600023.SH,600023,20251209,91509650,0,113694,A,S,56300,300,
600023.SH,600023,20251209,91509650,0,113804,A,S,53500,3000,
600023.SH,600023,20251209,91509650,0,114990,A,S,56100,800,
600023.SH,600023,20251209,91509650,0,115116,A,S,51900,10000,
600023.SH,600023,20251209,91509650,0,115146,A,S,51800,11300,
600023.SH,600023,20251209,91509810,0,115409,A,S,52700,100,
600023.SH,600023,20251209,91509810,0,115882,A,B,50800,3000,
600023.SH,600023,20251209,91509810,0,115883,A,B,50800,2000,
600023.SH,600023,20251209,91509810,0,116187,A,S,52000,1000,
600023.SH,600023,20251209,91509810,0,116332,A,B,48100,500,
600023.SH,600023,20251209,91509810,0,116396,A,B,46200,500,
600023.SH,600023,20251209,91509810,0,116432,A,S,54800,300,
600023.SH,600023,20251209,91509810,0,116434,A,S,55000,300,
600023.SH,600023,20251209,91509810,0,116444,A,B,50500,300,
600023.SH,600023,20251209,91509810,0,116565,A,B,50600,800,
600023.SH,600023,20251209,91509810,0,117057,A,B,50000,100,
600023.SH,600023,20251209,91509970,0,117292,A,B,50000,5000,
600023.SH,600023,20251209,91509970,0,118156,A,S,54900,300,
600023.SH,600023,20251209,91509970,0,118157,A,S,55900,300,
600023.SH,600023,20251209,91509970,0,118444,A,S,55500,5000,
600023.SH,600023,20251209,91509970,0,118676,A,S,54200,1000,
600023.SH,600023,20251209,91509970,0,118690,A,B,46200,200,
600023.SH,600023,20251209,91509970,0,118692,A,B,48000,200,
600023.SH,600023,20251209,91509970,0,118717,A,S,55200,1000,
600023.SH,600023,20251209,91509970,0,118718,A,S,56300,2000,
600023.SH,600023,20251209,91509970,0,118763,A,S,56300,800,
600023.SH,600023,20251209,91509970,0,118764,A,B,50700,600,
600023.SH,600023,20251209,91509970,0,119033,A,S,55400,100,
600023.SH,600023,20251209,91510180,0,119529,A,B,49700,3000,
600023.SH,600023,20251209,91510180,0,119600,A,S,51600,10000,
600023.SH,600023,20251209,91510180,0,119618,A,S,52100,500,
600023.SH,600023,20251209,91510180,0,119718,A,S,55000,2000,
600023.SH,600023,20251209,91510180,0,119748,A,S,56300,500,
600023.SH,600023,20251209,91510180,0,119797,A,S,51700,1000,
600023.SH,600023,20251209,91510180,0,119942,A,S,56300,3000,
600023.SH,600023,20251209,91510180,0,120111,A,S,56300,500,
600023.SH,600023,20251209,91510180,0,120381,A,S,56300,1000,
600023.SH,600023,20251209,91510180,0,120393,A,S,51500,2200,
600023.SH,600023,20251209,91510180,0,120394,A,S,51700,2200,
600023.SH,600023,20251209,91510180,0,120654,A,B,50000,1000,
600023.SH,600023,20251209,91510180,0,120674,A,S,56300,300,
600023.SH,600023,20251209,91510180,0,120697,A,S,56300,1000,
600023.SH,600023,20251209,91510180,0,120759,A,B,49500,1000,
600023.SH,600023,20251209,91510180,0,120761,A,B,49000,1000,
600023.SH,600023,20251209,91510180,0,120773,A,B,51000,2500,
600023.SH,600023,20251209,91510180,0,120973,A,B,50400,1900,
600023.SH,600023,20251209,91510180,0,120987,A,S,56300,18600,
600023.SH,600023,20251209,91510180,0,121188,A,S,52900,40000,
600023.SH,600023,20251209,91510180,0,121189,A,S,52300,40000,
600023.SH,600023,20251209,91510350,0,121951,A,S,52200,4000,
600023.SH,600023,20251209,91510350,0,122152,A,S,52300,2000,
600023.SH,600023,20251209,91510350,0,122195,A,S,56100,3000,
600023.SH,600023,20251209,91510350,0,122538,A,S,53800,10000,
600023.SH,600023,20251209,91510350,0,122665,A,S,55500,5000,
600023.SH,600023,20251209,91510350,0,122921,A,S,51900,4000,
600023.SH,600023,20251209,91510350,0,122923,A,S,52200,4000,
600023.SH,600023,20251209,91510350,0,122924,A,S,52500,4000,
600023.SH,600023,20251209,91510350,0,123013,A,S,56300,600,
600023.SH,600023,20251209,91510350,0,123045,A,S,51900,4500,
600023.SH,600023,20251209,91510350,0,123114,A,S,52200,4500,
600023.SH,600023,20251209,91510350,0,123123,A,S,52500,4500,
600023.SH,600023,20251209,91510510,0,123343,A,S,56000,4000,
600023.SH,600023,20251209,91510510,0,123496,A,S,53500,5000,
600023.SH,600023,20251209,91510510,0,123497,A,S,53000,5000,
600023.SH,600023,20251209,91510510,0,123499,A,S,52000,5000,
600023.SH,600023,20251209,91510510,0,123699,A,S,53600,1500,
600023.SH,600023,20251209,91510510,0,124005,A,B,50800,20000,
600023.SH,600023,20251209,91510510,0,124158,A,B,50500,10000,
600023.SH,600023,20251209,91510510,0,124260,A,S,52000,2000,
600023.SH,600023,20251209,91510510,0,124261,A,S,52500,2000,
600023.SH,600023,20251209,91510510,0,124262,A,S,53000,2000,
600023.SH,600023,20251209,91510510,0,124264,A,S,53500,1000,
600023.SH,600023,20251209,91510510,0,124265,A,S,54500,1000,
600023.SH,600023,20251209,91510510,0,124266,A,S,56000,1000,
600023.SH,600023,20251209,91510510,0,124396,A,B,50100,2000,
600023.SH,600023,20251209,91510510,0,124398,A,S,52500,5000,
600023.SH,600023,20251209,91510510,0,124634,A,B,46100,2000,
600023.SH,600023,20251209,91510510,0,124657,A,S,51800,500,
600023.SH,600023,20251209,91510510,0,125001,A,B,50900,200,
600023.SH,600023,20251209,91510510,0,125008,A,S,51800,1000,
600023.SH,600023,20251209,91510670,0,125596,A,S,51800,15000,
600023.SH,600023,20251209,91510670,0,125851,A,S,55800,400,
600023.SH,600023,20251209,91510670,0,125898,A,B,51000,200,
600023.SH,600023,20251209,91510670,0,126625,A,B,49700,1200,
600023.SH,600023,20251209,91510670,0,126627,A,S,54900,1000,
600023.SH,600023,20251209,91510670,0,126757,A,S,51400,18900,
600023.SH,600023,20251209,91510670,0,126758,A,S,51500,18900,
600023.SH,600023,20251209,91510670,0,126812,A,B,50900,2000,
600023.SH,600023,20251209,91510670,0,126926,A,S,56000,100,
600023.SH,600023,20251209,91510670,0,126965,A,S,53800,20000,
600023.SH,600023,20251209,91510670,0,127096,A,S,52400,200,
600023.SH,600023,20251209,91510840,0,127239,A,B,50700,10000,
600023.SH,600023,20251209,91510840,0,127684,A,S,52800,20000,
600023.SH,600023,20251209,91510840,0,127759,A,S,51700,3000,
600023.SH,600023,20251209,91510840,0,127761,A,S,51800,3000,
600023.SH,600023,20251209,91510840,0,127796,A,B,50200,20000,
600023.SH,600023,20251209,91510840,0,128068,A,B,50900,2000,
600023.SH,600023,20251209,91510840,0,128225,A,S,56300,1800,
600023.SH,600023,20251209,91510840,0,128344,A,S,56000,5000,
600023.SH,600023,20251209,91510840,0,128346,A,B,51000,500,
600023.SH,600023,20251209,91510840,0,128607,A,S,56300,700,
600023.SH,600023,20251209,91510840,0,128812,A,B,50800,5000,
600023.SH,600023,20251209,91510840,0,128983,A,B,48800,5000,
600023.SH,600023,20251209,91511010,0,129145,A,B,56300,100,
600023.SH,600023,20251209,91511010,0,130006,A,B,51200,500,
600023.SH,600023,20251209,91511010,0,130165,A,S,53300,3000,
600023.SH,600023,20251209,91511010,0,130286,A,B,50700,10000,
600023.SH,600023,20251209,91511010,0,130554,A,S,56300,200,
600023.SH,600023,20251209,91511010,0,130675,A,S,51900,5000,
600023.SH,600023,20251209,91511240,0,132123,A,S,52200,1000,
600023.SH,600023,20251209,91511240,0,132154,A,B,50000,100,
600023.SH,600023,20251209,91511240,0,132329,A,S,51700,1000,
600023.SH,600023,20251209,91511240,0,132331,A,S,52100,1000,
600023.SH,600023,20251209,91511240,0,132332,A,S,53100,1000,
600023.SH,600023,20251209,91511240,0,132333,A,S,54300,1000,
600023.SH,600023,20251209,91511240,0,132336,A,S,53900,800,
600023.SH,600023,20251209,91511240,0,132338,A,B,51000,500,
600023.SH,600023,20251209,91511240,0,132361,A,S,52500,1000,
600023.SH,600023,20251209,91511240,0,132494,A,B,50500,1900,
600023.SH,600023,20251209,91511240,0,133038,A,B,50600,20000,
600023.SH,600023,20251209,91511240,0,133738,A,S,51200,5600,
600023.SH,600023,20251209,91511410,0,134268,A,S,52900,2000,
600023.SH,600023,20251209,91511410,0,134272,A,S,56200,1100,
600023.SH,600023,20251209,91511410,0,134276,A,S,51900,4000,
600023.SH,600023,20251209,91511410,0,134512,A,B,47500,6400,
600023.SH,600023,20251209,91511410,0,134580,A,S,51500,14500,
600023.SH,600023,20251209,91511410,0,134581,A,S,51400,14400,
600023.SH,600023,20251209,91511410,0,134658,A,B,51100,2000,
600023.SH,600023,20251209,91511410,0,134983,A,B,50500,2000,
600023.SH,600023,20251209,91511410,0,135359,A,S,51700,1800,
600023.SH,600023,20251209,91511410,0,135402,A,S,56300,6000,
600023.SH,600023,20251209,91511410,0,135498,A,B,49700,2000,
600023.SH,600023,20251209,91511570,0,135914,A,S,52000,2200,
600023.SH,600023,20251209,91511570,0,135919,A,S,52000,3300,
600023.SH,600023,20251209,91511570,0,135921,A,S,52000,2200,
600023.SH,600023,20251209,91511570,0,135922,A,S,52000,1100,
600023.SH,600023,20251209,91511570,0,136036,A,B,49700,500,
600023.SH,600023,20251209,91511570,0,136038,A,S,52700,400,
600023.SH,600023,20251209,91511570,0,136276,A,B,50900,5000,
600023.SH,600023,20251209,91511570,0,136882,A,S,56300,300,
600023.SH,600023,20251209,91511570,0,137085,A,B,50800,5000,
600023.SH,600023,20251209,91511570,0,137120,A,S,56300,600,
600023.SH,600023,20251209,91511570,0,137422,A,S,52000,3100,
600023.SH,600023,20251209,91511570,0,137463,A,S,51800,3600,
600023.SH,600023,20251209,91511570,0,137642,A,S,51800,14000,
600023.SH,600023,20251209,91511740,0,138431,A,S,53000,24400,
600023.SH,600023,20251209,91511740,0,138508,A,S,51400,6000,
600023.SH,600023,20251209,91511740,0,138539,A,S,51800,600,
600023.SH,600023,20251209,91511740,0,138580,A,S,55300,100,
600023.SH,600023,20251209,91511740,0,138629,A,S,52900,600,
600023.SH,600023,20251209,91511740,0,138668,A,S,52300,2000,
600023.SH,600023,20251209,91511740,0,139238,A,S,51700,300,
600023.SH,600023,20251209,91511740,0,139361,A,S,51500,2000,
600023.SH,600023,20251209,91511740,0,139373,A,S,52000,2000,
600023.SH,600023,20251209,91511740,0,139375,A,S,52500,2000,
600023.SH,600023,20251209,91511740,0,139382,A,B,50300,2000,
600023.SH,600023,20251209,91511740,0,139385,A,B,50100,2000,
600023.SH,600023,20251209,91511740,0,139386,A,B,49700,2000,
600023.SH,600023,20251209,91511910,0,139939,A,B,50900,1000,
600023.SH,600023,20251209,91511910,0,140011,A,B,50900,10000,
600023.SH,600023,20251209,91511910,0,140355,A,S,52000,500,
600023.SH,600023,20251209,91511910,0,140356,A,S,52500,500,
600023.SH,600023,20251209,91511910,0,140358,A,S,53000,500,
600023.SH,600023,20251209,91511910,0,140359,A,S,53500,500,
600023.SH,600023,20251209,91511910,0,140367,A,S,54000,500,
600023.SH,600023,20251209,91511910,0,140406,A,S,51700,2000,
600023.SH,600023,20251209,91511910,0,140450,A,S,52800,20000,
600023.SH,600023,20251209,91511910,0,140948,A,S,53000,2000,
600023.SH,600023,20251209,91511910,0,141387,A,B,50000,1400,
600023.SH,600023,20251209,91512080,0,141841,A,S,51200,3000,
600023.SH,600023,20251209,91512080,0,142033,A,B,50700,1000,
600023.SH,600023,20251209,91512080,0,142973,A,S,52000,900,
600023.SH,600023,20251209,91512080,0,142990,A,B,50500,5000,
600023.SH,600023,20251209,91512080,0,143111,A,B,50500,500,
600023.SH,600023,20251209,91512080,0,143227,A,S,56300,10500,
600023.SH,600023,20251209,91512080,0,143518,A,S,55000,1000,
600023.SH,600023,20251209,91512240,0,143699,A,B,49000,600,
600023.SH,600023,20251209,91512300,0,144532,A,S,55800,3600,
600023.SH,600023,20251209,91512300,0,144709,A,S,52200,400,
600023.SH,600023,20251209,91512300,0,144816,A,B,50200,200,
600023.SH,600023,20251209,91512300,0,145348,A,S,53600,3000,
600023.SH,600023,20251209,91512300,0,145423,A,S,51700,800,
600023.SH,600023,20251209,91512300,0,146110,A,B,50800,1000,
600023.SH,600023,20251209,91512460,0,146496,A,S,56300,1600,
600023.SH,600023,20251209,91512460,0,146527,A,S,51700,5000,
600023.SH,600023,20251209,91512460,0,146537,A,B,50800,10000,
600023.SH,600023,20251209,91512460,0,147192,A,S,53400,200,
600023.SH,600023,20251209,91512460,0,147194,A,S,56300,200,
600023.SH,600023,20251209,91512460,0,147204,A,B,48400,300,
600023.SH,600023,20251209,91512460,0,147205,A,B,47100,300,
600023.SH,600023,20251209,91512460,0,147222,A,B,46200,300,
600023.SH,600023,20251209,91512460,0,147681,A,S,53200,34100,
600023.SH,600023,20251209,91512460,0,147700,A,S,56100,7400,
600023.SH,600023,20251209,91512460,0,147990,A,B,50500,60000,
600023.SH,600023,20251209,91512460,0,148002,A,S,51700,5000,
600023.SH,600023,20251209,91512630,0,148358,A,S,56300,42800,
600023.SH,600023,20251209,91512630,0,148616,A,S,56300,1000,
600023.SH,600023,20251209,91512630,0,148620,A,S,53800,500,
600023.SH,600023,20251209,91512630,0,148735,A,S,56300,1000,
600023.SH,600023,20251209,91512630,0,148736,A,S,53800,500,
600023.SH,600023,20251209,91512630,0,148953,A,S,52500,1000,
600023.SH,600023,20251209,91512630,0,149038,A,B,50500,1000,
600023.SH,600023,20251209,91512630,0,149307,A,B,50000,12000,
600023.SH,600023,20251209,91512630,0,149519,A,B,50600,500,
600023.SH,600023,20251209,91512630,0,149641,A,B,46500,4000,
600023.SH,600023,20251209,91512630,0,149776,A,S,51600,5000,
600023.SH,600023,20251209,91512630,0,149797,A,B,50900,5000,
600023.SH,600023,20251209,91512630,0,149850,A,S,51800,4000,
600023.SH,600023,20251209,91512630,0,149867,A,B,50500,2000,
600023.SH,600023,20251209,91512790,0,150298,A,S,51800,50000,
600023.SH,600023,20251209,91512790,0,150408,A,B,51000,5000,
600023.SH,600023,20251209,91512790,0,150540,A,B,50500,3000,
600023.SH,600023,20251209,91512790,0,150689,A,B,49600,500,
600023.SH,600023,20251209,91512870,0,151012,A,S,52000,3900,
600023.SH,600023,20251209,91512870,0,151019,A,S,52500,5000,
600023.SH,600023,20251209,91512870,0,151157,A,S,53600,1000,
600023.SH,600023,20251209,91512870,0,151193,A,B,50800,5000,
600023.SH,600023,20251209,91512870,0,151195,A,B,50500,5000,
600023.SH,600023,20251209,91512870,0,151378,A,S,55000,2000,
600023.SH,600023,20251209,91512870,0,151755,A,S,52400,2000,
600023.SH,600023,20251209,91512870,0,151768,A,S,51800,3200,
600023.SH,600023,20251209,91512870,0,151885,A,S,52500,200,
600023.SH,600023,20251209,91512870,0,152160,A,B,50800,5000,
600023.SH,600023,20251209,91512870,0,152183,A,B,46100,200,
600023.SH,600023,20251209,91512870,0,152236,A,S,55000,9700,
600023.SH,600023,20251209,91512870,0,152794,A,B,50800,300,
600023.SH,600023,20251209,91513040,0,152821,A,B,50000,5000,
600023.SH,600023,20251209,91513040,0,153060,A,B,47500,10000,
600023.SH,600023,20251209,91513040,0,153074,A,S,53200,5000,
600023.SH,600023,20251209,91513040,0,153077,A,S,54200,5000,
600023.SH,600023,20251209,91513040,0,153079,A,S,55100,5000,
600023.SH,600023,20251209,91513040,0,153346,A,B,49300,600,
600023.SH,600023,20251209,91513040,0,153350,A,B,49600,600,
600023.SH,600023,20251209,91513040,0,153472,A,S,51500,10000,
600023.SH,600023,20251209,91513040,0,153898,A,S,54500,100,
600023.SH,600023,20251209,91513040,0,154039,A,S,52200,200,
600023.SH,600023,20251209,91513040,0,154245,A,S,51400,900,
600023.SH,600023,20251209,91513040,0,154253,A,B,50800,200,
600023.SH,600023,20251209,91513040,0,154319,A,B,50200,4000,
600023.SH,600023,20251209,91513040,0,154456,A,S,56300,400,
600023.SH,600023,20251209,91513040,0,154526,A,S,51900,8000,
600023.SH,600023,20251209,91513040,0,154669,A,S,52000,5000,
600023.SH,600023,20251209,91513040,0,154731,A,B,50800,1300,
600023.SH,600023,20251209,91513210,0,154796,A,B,50900,4000,
600023.SH,600023,20251209,91513210,0,155009,A,B,50700,500,
600023.SH,600023,20251209,91513210,0,155069,A,B,50900,4600,
600023.SH,600023,20251209,91513210,0,155127,A,S,51900,300,
600023.SH,600023,20251209,91513210,0,155261,A,B,50900,3000,
600023.SH,600023,20251209,91513210,0,155388,A,S,51300,500,
600023.SH,600023,20251209,91513210,0,155461,A,B,50800,500,
600023.SH,600023,20251209,91513300,0,155708,A,S,52800,500,
600023.SH,600023,20251209,91513300,0,156058,A,S,56300,12400,
600023.SH,600023,20251209,91513300,0,156115,A,S,55700,3100,
600023.SH,600023,20251209,91513300,0,156228,A,B,49700,2000,
600023.SH,600023,20251209,91513300,0,156244,A,B,47500,4000,
600023.SH,600023,20251209,91513300,0,156245,A,S,53200,2000,
600023.SH,600023,20251209,91513300,0,156246,A,S,54200,2000,
600023.SH,600023,20251209,91513300,0,156248,A,S,55100,2000,
600023.SH,600023,20251209,91513300,0,156500,A,S,55000,1000,
600023.SH,600023,20251209,91513300,0,156647,A,S,53600,600,
600023.SH,600023,20251209,91513300,0,156979,A,S,55000,4500,
600023.SH,600023,20251209,91513300,0,157242,A,S,51500,9900,
600023.SH,600023,20251209,91513300,0,157325,A,B,49600,50500,
600023.SH,600023,20251209,91513300,0,157331,A,S,51700,9900,
600023.SH,600023,20251209,91513300,0,157336,A,S,51900,9900,
600023.SH,600023,20251209,91513300,0,157337,A,B,50800,9900,
600023.SH,600023,20251209,91513300,0,157409,A,B,51000,4500,
600023.SH,600023,20251209,91513300,0,157462,A,B,49600,5000,
600023.SH,600023,20251209,91513470,0,157611,A,S,56200,100,
600023.SH,600023,20251209,91513470,0,157825,A,S,56300,2000,
600023.SH,600023,20251209,91513530,0,158364,A,B,51000,2600,
600023.SH,600023,20251209,91513530,0,158405,A,S,55800,2000,
600023.SH,600023,20251209,91513530,0,158591,A,B,51000,3200,
600023.SH,600023,20251209,91513530,0,159779,A,S,56300,200,
600023.SH,600023,20251209,91513680,0,159816,A,S,51800,5000,
600023.SH,600023,20251209,91513720,0,161242,A,B,50800,2000,
600023.SH,600023,20251209,91513720,0,161307,A,S,52500,12300,
600023.SH,600023,20251209,91513720,0,161760,A,B,51000,800,
600023.SH,600023,20251209,91513870,0,162067,A,B,49100,1000,
600023.SH,600023,20251209,91513870,0,162335,A,B,50900,10000,
600023.SH,600023,20251209,91513870,0,162527,A,B,50500,10000,
600023.SH,600023,20251209,91513870,0,162528,A,B,50000,10000,
600023.SH,600023,20251209,91513870,0,162532,A,B,49500,20000,
600023.SH,600023,20251209,91513870,0,162533,A,B,49000,20000,
600023.SH,600023,20251209,91513870,0,162535,A,S,51800,10000,
600023.SH,600023,20251209,91513870,0,162536,A,S,52000,10000,
600023.SH,600023,20251209,91513870,0,162538,A,S,52500,10000,
600023.SH,600023,20251209,91513870,0,162539,A,S,53000,10000,
600023.SH,600023,20251209,91513870,0,162543,A,S,56300,4000,
600023.SH,600023,20251209,91513870,0,162544,A,B,51000,10000,
600023.SH,600023,20251209,91513870,0,162545,A,B,50800,10000,
600023.SH,600023,20251209,91513870,0,162552,A,S,56300,3000,
600023.SH,600023,20251209,91513870,0,162584,A,B,50600,10000,
600023.SH,600023,20251209,91513990,0,163188,A,B,50400,10000,
600023.SH,600023,20251209,91513990,0,163190,A,B,50200,10000,
600023.SH,600023,20251209,91513990,0,163383,A,B,50600,3000,
600023.SH,600023,20251209,91513990,0,163614,A,S,52100,600,
600023.SH,600023,20251209,91513990,0,163615,A,S,52300,600,
600023.SH,600023,20251209,91513990,0,163616,A,S,52500,600,
600023.SH,600023,20251209,91513990,0,163626,A,S,52700,600,
600023.SH,600023,20251209,91513990,0,163675,A,S,52900,600,
600023.SH,600023,20251209,91513990,0,163676,A,S,53100,600,
600023.SH,600023,20251209,91513990,0,163678,A,S,53300,600,
600023.SH,600023,20251209,91513990,0,163681,A,S,53500,600,
600023.SH,600023,20251209,91513990,0,163682,A,S,53700,600,
600023.SH,600023,20251209,91513990,0,163690,A,S,52300,100,
600023.SH,600023,20251209,91513990,0,163692,A,B,50500,100,
600023.SH,600023,20251209,91513990,0,163700,A,S,53500,3500,
600023.SH,600023,20251209,91513990,0,163913,A,S,52600,2000,
600023.SH,600023,20251209,91513990,0,164049,A,S,52300,3000,
600023.SH,600023,20251209,91513990,0,164051,A,B,50800,3000,
600023.SH,600023,20251209,91513990,0,164100,A,S,53900,600,
600023.SH,600023,20251209,91513990,0,164146,A,S,54100,600,
600023.SH,600023,20251209,91513990,0,164149,A,S,54300,600,
600023.SH,600023,20251209,91513990,0,164150,A,S,54500,600,
600023.SH,600023,20251209,91513990,0,164227,A,S,54700,600,
600023.SH,600023,20251209,91513990,0,164229,A,S,54900,600,
600023.SH,600023,20251209,91513990,0,164300,A,B,51000,200,
600023.SH,600023,20251209,91513990,0,164412,A,B,50500,3000,
600023.SH,600023,20251209,91514140,0,164862,A,S,52800,200,
600023.SH,600023,20251209,91514140,0,164864,A,S,56000,200,
600023.SH,600023,20251209,91514140,0,165435,A,S,51000,200,
600023.SH,600023,20251209,91514140,0,166233,A,S,52100,6000,
600023.SH,600023,20251209,91514140,0,166235,A,S,52200,6000,
600023.SH,600023,20251209,91514140,0,166236,A,S,52300,6000,
600023.SH,600023,20251209,91514140,0,166238,A,S,52400,6000,
600023.SH,600023,20251209,91514140,0,166239,A,S,52500,6000,
600023.SH,600023,20251209,91514140,0,166243,A,S,52600,6000,
600023.SH,600023,20251209,91514140,0,166244,A,S,52700,6000,
600023.SH,600023,20251209,91514140,0,166245,A,S,52800,6000,
600023.SH,600023,20251209,91514140,0,166246,A,S,52900,6000,
600023.SH,600023,20251209,91514140,0,166249,A,S,53000,6000,
600023.SH,600023,20251209,91514140,0,166385,A,S,55100,9300,
600023.SH,600023,20251209,91514300,0,167427,A,S,56300,200,
600023.SH,600023,20251209,91514300,0,167429,A,B,46100,200,
600023.SH,600023,20251209,91514300,0,167956,A,S,52800,1000,
600023.SH,600023,20251209,91514300,0,167957,A,S,52900,1000,
600023.SH,600023,20251209,91514300,0,167958,A,S,53000,1000,
600023.SH,600023,20251209,91514300,0,167961,A,S,53100,1000,
600023.SH,600023,20251209,91514300,0,167962,A,S,53300,1000,
600023.SH,600023,20251209,91514300,0,167965,A,S,53400,1000,
600023.SH,600023,20251209,91514300,0,167966,A,S,53500,1000,
600023.SH,600023,20251209,91514300,0,167967,A,S,53600,1000,
600023.SH,600023,20251209,91514300,0,167968,A,S,53800,1000,
600023.SH,600023,20251209,91514300,0,167969,A,S,53700,1000,
600023.SH,600023,20251209,91514300,0,167970,A,S,53900,1000,
600023.SH,600023,20251209,91514300,0,167971,A,S,54000,1000,
600023.SH,600023,20251209,91514300,0,168133,A,B,50000,10000,
600023.SH,600023,20251209,91514300,0,168135,A,B,49600,20000,
600023.SH,600023,20251209,91514300,0,168136,A,B,49200,20000,
600023.SH,600023,20251209,91514300,0,168181,A,S,52100,500,
600023.SH,600023,20251209,91514300,0,168498,A,B,50500,60000,
600023.SH,600023,20251209,91514460,0,168787,A,S,51700,10000,
600023.SH,600023,20251209,91514460,0,169040,A,S,51800,10000,
600023.SH,600023,20251209,91514460,0,169043,A,S,52000,10000,
600023.SH,600023,20251209,91514460,0,169044,A,S,52500,10000,
600023.SH,600023,20251209,91514460,0,169049,A,S,53000,10000,
600023.SH,600023,20251209,91514460,0,169253,A,B,50200,2000,
600023.SH,600023,20251209,91514460,0,169271,A,S,53500,10000,
600023.SH,600023,20251209,91514460,0,169272,A,S,54000,10000,
600023.SH,600023,20251209,91514460,0,169277,A,S,54500,10000,
600023.SH,600023,20251209,91514460,0,169279,A,S,55000,10000,
600023.SH,600023,20251209,91514460,0,169280,A,S,55500,10000,
600023.SH,600023,20251209,91514460,0,169342,A,S,56100,20000,
600023.SH,600023,20251209,91514460,0,169583,A,S,51700,800,
600023.SH,600023,20251209,91514460,0,169829,A,B,49100,400,
600023.SH,600023,20251209,91514460,0,169842,A,B,50900,200,
600023.SH,600023,20251209,91514460,0,169915,A,B,50600,5000,
600023.SH,600023,20251209,91514460,0,170274,A,S,51400,300,
600023.SH,600023,20251209,91514620,0,170663,A,S,52000,5000,
600023.SH,600023,20251209,91514620,0,170814,A,S,53400,200,
600023.SH,600023,20251209,91514620,0,171036,A,S,56300,4100,
600023.SH,600023,20251209,91514620,0,171303,A,S,56300,800,
600023.SH,600023,20251209,91514620,0,171568,A,B,50000,500,
600023.SH,600023,20251209,91514620,0,172125,A,S,51500,10000,
600023.SH,600023,20251209,91514620,0,172352,A,S,56300,38900,
600023.SH,600023,20251209,91514790,0,172578,A,B,46800,700,
600023.SH,600023,20251209,91514790,0,172615,A,B,50500,5000,
600023.SH,600023,20251209,91514790,0,172641,A,B,50300,5000,
600023.SH,600023,20251209,91514790,0,172725,A,B,50900,2000,
600023.SH,600023,20251209,91514790,0,172829,A,S,51500,10000,
600023.SH,600023,20251209,91514790,0,172830,A,S,51700,10000,
600023.SH,600023,20251209,91514790,0,172960,A,S,51600,6000,
600023.SH,600023,20251209,91514790,0,173257,A,S,51700,12900,
600023.SH,600023,20251209,91514790,0,173368,A,B,50200,2000,
600023.SH,600023,20251209,91514790,0,174193,A,S,51900,900,
600023.SH,600023,20251209,91514790,0,174302,A,S,52200,3200,
600023.SH,600023,20251209,91514790,0,174320,A,S,52700,3200,
600023.SH,600023,20251209,91514790,0,174370,A,S,53200,3300,
600023.SH,600023,20251209,91514790,0,174404,A,S,53800,3300,
600023.SH,600023,20251209,91514960,0,174639,A,S,56300,20000,
600023.SH,600023,20251209,91514960,0,174651,A,B,50700,900,
600023.SH,600023,20251209,91514960,0,174793,A,B,49900,100,
600023.SH,600023,20251209,91514960,0,174878,A,B,50700,5000,
600023.SH,600023,20251209,91514960,0,174879,A,B,50100,5000,
600023.SH,600023,20251209,91514960,0,175005,A,S,56000,10000,
600023.SH,600023,20251209,91514960,0,175042,A,S,53000,500,
600023.SH,600023,20251209,91514960,0,175791,A,S,53000,25000,
600023.SH,600023,20251209,91514960,0,176349,A,S,53900,3000,
600023.SH,600023,20251209,91515140,0,176524,A,S,51900,10000,
600023.SH,600023,20251209,91515140,0,176525,A,S,52100,10000,
600023.SH,600023,20251209,91515140,0,176527,A,S,52200,10000,
600023.SH,600023,20251209,91515140,0,176666,A,S,51900,10000,
600023.SH,600023,20251209,91515140,0,176799,A,S,51900,2000,
600023.SH,600023,20251209,91515140,0,177385,A,S,51600,600,
600023.SH,600023,20251209,91515140,0,177417,A,B,50300,800,
600023.SH,600023,20251209,91515140,0,177438,A,S,53500,400,
600023.SH,600023,20251209,91515140,0,177564,A,S,52100,500,
600023.SH,600023,20251209,91515140,0,177742,A,S,54300,2000,
600023.SH,600023,20251209,91515140,0,177796,A,S,52600,400,
600023.SH,600023,20251209,91515140,0,177800,A,S,53100,300,
600023.SH,600023,20251209,91515140,0,177801,A,S,53600,200,
600023.SH,600023,20251209,91515140,0,177802,A,S,54100,100,
600023.SH,600023,20251209,91515140,0,177803,A,B,50600,100,
600023.SH,600023,20251209,91515140,0,177804,A,B,50100,200,
600023.SH,600023,20251209,91515140,0,177810,A,S,52500,1500,
600023.SH,600023,20251209,91515140,0,178030,A,B,49600,300,
600023.SH,600023,20251209,91515140,0,178044,A,B,49100,400,
600023.SH,600023,20251209,91515140,0,178085,A,B,50300,2000,
600023.SH,600023,20251209,91515140,0,178086,A,B,50800,1000,
600023.SH,600023,20251209,91515300,0,178167,A,S,52100,400,
600023.SH,600023,20251209,91515300,0,178176,A,B,51000,5000,
600023.SH,600023,20251209,91515300,0,178181,A,S,51500,6800,
600023.SH,600023,20251209,91515300,0,178194,A,S,52800,100,
600023.SH,600023,20251209,91515330,0,179033,A,S,53200,2000,
600023.SH,600023,20251209,91515330,0,179574,A,B,49300,1000,
600023.SH,600023,20251209,91515330,0,179659,A,B,49800,4500,
600023.SH,600023,20251209,91515520,0,180356,A,S,52200,2400,
600023.SH,600023,20251209,91515520,0,180414,A,S,52700,2400,
600023.SH,600023,20251209,91515520,0,180429,A,S,53200,2400,
600023.SH,600023,20251209,91515520,0,180477,A,S,52900,2000,
600023.SH,600023,20251209,91515520,0,180628,A,S,54000,10000,
600023.SH,600023,20251209,91515520,0,180664,A,S,52200,1000,
600023.SH,600023,20251209,91515520,0,180665,A,S,52500,1000,
600023.SH,600023,20251209,91515520,0,180740,A,S,51700,3000,
600023.SH,600023,20251209,91515520,0,180865,A,B,50700,3000,
600023.SH,600023,20251209,91515520,0,180876,A,S,56000,500,
600023.SH,600023,20251209,91515520,0,180920,A,S,55200,10000,
600023.SH,600023,20251209,91515520,0,181147,A,B,49200,300,
600023.SH,600023,20251209,91515520,0,181599,A,S,53600,3000,
600023.SH,600023,20251209,91515520,0,181650,A,S,52300,300,
600023.SH,600023,20251209,91515520,0,181652,A,S,52600,300,
600023.SH,600023,20251209,91515520,0,181653,A,S,53000,300,
600023.SH,600023,20251209,91515520,0,181654,A,S,53300,300,
600023.SH,600023,20251209,91515520,0,181677,A,B,50700,500,
600023.SH,600023,20251209,91515520,0,181682,A,S,52700,500,
600023.SH,600023,20251209,91515520,0,181767,A,S,56300,800,
600023.SH,600023,20251209,91515520,0,181888,A,S,53700,300,
600023.SH,600023,20251209,91515520,0,181889,A,S,54100,300,
600023.SH,600023,20251209,91515520,0,182225,A,B,46100,2200,
600023.SH,600023,20251209,91515690,0,182341,A,S,56200,9500,
600023.SH,600023,20251209,91515690,0,182343,A,B,47300,10000,
600023.SH,600023,20251209,91515690,0,182491,A,B,50900,2000,
600023.SH,600023,20251209,91515690,0,182631,A,B,50400,500,
600023.SH,600023,20251209,91515690,0,182828,A,S,52700,500,
600023.SH,600023,20251209,91515690,0,182881,A,B,50400,300,
600023.SH,600023,20251209,91515690,0,182999,A,S,55000,1200,
600023.SH,600023,20251209,91515690,0,183075,A,B,50500,1000,
600023.SH,600023,20251209,91515690,0,183135,A,S,53300,1000,
600023.SH,600023,20251209,91515690,0,183374,A,S,54900,3300,
600023.SH,600023,20251209,91515690,0,183441,A,S,56000,2000,
600023.SH,600023,20251209,91515690,0,183587,A,B,50300,4000,
600023.SH,600023,20251209,91515690,0,183777,A,B,50600,5000,
600023.SH,600023,20251209,91515690,0,183820,A,S,46100,22000,
600023.SH,600023,20251209,91515690,0,183993,A,S,52300,2000,
600023.SH,600023,20251209,91515690,0,183994,A,S,52600,2000,
600023.SH,600023,20251209,91515690,0,184028,A,B,49800,2000,
600023.SH,600023,20251209,91515690,0,184029,A,B,49600,2000,
600023.SH,600023,20251209,91515690,0,184038,A,B,49400,2000,
600023.SH,600023,20251209,91515690,0,184039,A,B,49100,2000,
600023.SH,600023,20251209,91515690,0,184040,A,B,48600,2000,
600023.SH,600023,20251209,91515690,0,184045,A,B,48100,2000,
600023.SH,600023,20251209,91515690,0,184049,A,B,47600,2000,
600023.SH,600023,20251209,91515870,0,184219,A,S,54800,2000,
600023.SH,600023,20251209,91515870,0,184308,A,B,47100,2000,
600023.SH,600023,20251209,91515870,0,184326,A,B,46600,2000,
600023.SH,600023,20251209,91515910,0,184478,A,S,51800,4000,
600023.SH,600023,20251209,91515910,0,184556,A,B,46200,2000,
600023.SH,600023,20251209,91515910,0,184591,A,S,53200,4000,
600023.SH,600023,20251209,91515910,0,184721,A,S,56300,200,
600023.SH,600023,20251209,91515910,0,184814,A,B,52100,100,
600023.SH,600023,20251209,91515910,0,184925,A,B,50200,400,
600023.SH,600023,20251209,91515910,0,185163,A,S,55700,100,
600023.SH,600023,20251209,91515910,0,185832,A,B,50600,8000,
600023.SH,600023,20251209,91515910,0,185973,A,B,50600,100,
600023.SH,600023,20251209,91515910,0,186127,A,S,52500,1800,
600023.SH,600023,20251209,91515910,0,186186,A,B,48000,5000,
600023.SH,600023,20251209,91515910,0,186196,A,B,49500,1700,
600023.SH,600023,20251209,91515910,0,186243,A,B,51000,2000,
600023.SH,600023,20251209,91516090,0,186548,A,S,53600,2500,
600023.SH,600023,20251209,91516090,0,186570,A,S,53400,2000,
600023.SH,600023,20251209,91516090,0,186573,A,S,52500,2000,
600023.SH,600023,20251209,91516090,0,186608,A,S,52100,100,
600023.SH,600023,20251209,91516090,0,186935,A,S,56300,15500,
600023.SH,600023,20251209,91516090,0,187079,A,S,54500,2500,
600023.SH,600023,20251209,91516090,0,187135,A,B,50000,1000,
600023.SH,600023,20251209,91516090,0,187152,A,S,54500,1000,
600023.SH,600023,20251209,91516090,0,187174,A,S,52500,200,
600023.SH,600023,20251209,91516090,0,187276,A,B,50900,3600,
600023.SH,600023,20251209,91516090,0,187280,A,B,50600,3600,
600023.SH,600023,20251209,91516090,0,187281,A,B,50200,4900,
600023.SH,600023,20251209,91516090,0,187288,A,S,51500,3500,
600023.SH,600023,20251209,91516090,0,187289,A,S,51800,3500,
600023.SH,600023,20251209,91516090,0,187295,A,S,52100,3500,
600023.SH,600023,20251209,91516090,0,187299,A,S,55500,2500,
600023.SH,600023,20251209,91516090,0,187325,A,B,50800,300,
600023.SH,600023,20251209,91516090,0,187451,A,S,56100,500,
600023.SH,600023,20251209,91516090,0,187481,A,S,56300,4000,
600023.SH,600023,20251209,91516090,0,187518,A,S,53800,500,
600023.SH,600023,20251209,91516090,0,187743,A,S,52600,9000,
600023.SH,600023,20251209,91516260,0,188928,A,S,53900,5000,
600023.SH,600023,20251209,91516260,0,188984,A,S,55000,5000,
600023.SH,600023,20251209,91516260,0,189130,A,S,55000,600,
600023.SH,600023,20251209,91516260,0,189532,A,S,53000,500,
600023.SH,600023,20251209,91516260,0,189715,A,S,54000,500,
600023.SH,600023,20251209,91516420,0,190050,A,B,49900,2000,
600023.SH,600023,20251209,91516420,0,190057,A,S,52900,2000,
600023.SH,600023,20251209,91516420,0,190226,A,S,53600,2500,
600023.SH,600023,20251209,91516420,0,190227,A,S,55500,2500,
600023.SH,600023,20251209,91516420,0,190306,A,B,50700,50000,
600023.SH,600023,20251209,91516420,0,190375,A,S,56300,500,
600023.SH,600023,20251209,91516420,0,190432,A,S,51600,1000,
600023.SH,600023,20251209,91516420,0,191192,A,B,50200,600,
600023.SH,600023,20251209,91516420,0,191816,A,S,56300,355000,
600023.SH,600023,20251209,91516590,0,192119,A,S,56300,100000,
600023.SH,600023,20251209,91516590,0,192386,A,B,46100,11100,
600023.SH,600023,20251209,91516680,0,192749,A,S,55300,400,
600023.SH,600023,20251209,91516680,0,193418,A,S,53000,3700,
600023.SH,600023,20251209,91516680,0,193876,A,S,52500,17600,
600023.SH,600023,20251209,91516680,0,193880,A,S,52200,900,
600023.SH,600023,20251209,91516680,0,194421,A,S,51400,10000,
600023.SH,600023,20251209,91516680,0,194452,A,S,51600,10000,
600023.SH,600023,20251209,91516880,0,194601,A,S,53800,300,
600023.SH,600023,20251209,91516880,0,194689,A,B,50900,10000,
600023.SH,600023,20251209,91516880,0,194694,A,B,50800,10000,
600023.SH,600023,20251209,91516880,0,194695,A,B,50700,10000,
600023.SH,600023,20251209,91516880,0,194696,A,B,50600,10000,
600023.SH,600023,20251209,91516880,0,194791,A,B,51300,1000,
600023.SH,600023,20251209,91516880,0,194853,A,S,52900,600,
600023.SH,600023,20251209,91516940,0,194998,A,S,53000,22200,
600023.SH,600023,20251209,91516960,0,195276,A,B,50700,4000,
600023.SH,600023,20251209,91516960,0,195627,A,S,52800,1100,
600023.SH,600023,20251209,91517050,0,195960,A,B,50200,1100,
600023.SH,600023,20251209,91517050,0,196773,A,S,52100,2500,
600023.SH,600023,20251209,91517050,0,196774,A,S,52800,2500,
600023.SH,600023,20251209,91517050,0,196775,A,S,54500,2500,
600023.SH,600023,20251209,91517050,0,196902,A,S,55100,2900,
600023.SH,600023,20251209,91517050,0,197193,A,S,55000,20000,
600023.SH,600023,20251209,91517050,0,197215,A,S,56000,20000,
600023.SH,600023,20251209,91517050,0,197315,A,S,54800,3100,
600023.SH,600023,20251209,91517200,0,197505,A,B,49100,1600,
600023.SH,600023,20251209,91517200,0,197536,A,S,53500,3000,
600023.SH,600023,20251209,91517200,0,197894,A,B,50900,100,
600023.SH,600023,20251209,91517200,0,197899,A,B,50700,100,
600023.SH,600023,20251209,91517200,0,197900,A,B,50500,200,
600023.SH,600023,20251209,91517200,0,197901,A,B,50300,200,
600023.SH,600023,20251209,91517200,0,197959,A,B,50100,200,
600023.SH,600023,20251209,91517200,0,198219,A,B,49900,300,
600023.SH,600023,20251209,91517200,0,198388,A,B,49700,300,
600023.SH,600023,20251209,91517200,0,198443,A,B,49500,300,
600023.SH,600023,20251209,91517200,0,198445,A,B,49300,300,
600023.SH,600023,20251209,91517200,0,198480,A,B,50700,2000,
600023.SH,600023,20251209,91517200,0,198554,A,B,49100,300,
600023.SH,600023,20251209,91517320,0,198625,A,S,52000,5000,
600023.SH,600023,20251209,91517320,0,198639,A,S,56300,1000,
600023.SH,600023,20251209,91517320,0,198641,A,S,55500,1000,
600023.SH,600023,20251209,91517320,0,198642,A,S,54500,1000,
600023.SH,600023,20251209,91517320,0,198644,A,S,53500,1000,
600023.SH,600023,20251209,91517320,0,198645,A,S,52900,1000,
600023.SH,600023,20251209,91517320,0,198832,A,B,50800,1000,
600023.SH,600023,20251209,91517320,0,198890,A,S,51500,1000,
600023.SH,600023,20251209,91517320,0,199346,A,B,50600,5000,
600023.SH,600023,20251209,91517320,0,199474,A,S,52500,300,
600023.SH,600023,20251209,91517320,0,199517,A,S,53400,56000,
600023.SH,600023,20251209,91517320,0,199646,A,S,51800,2000,
600023.SH,600023,20251209,91517440,0,200119,A,S,51500,33900,
600023.SH,600023,20251209,91517440,0,200166,A,B,51000,300,
600023.SH,600023,20251209,91517440,0,200341,A,S,55300,500,
600023.SH,600023,20251209,91517440,0,200452,A,S,52900,65000,
600023.SH,600023,20251209,91517440,0,200493,A,S,51600,100,
600023.SH,600023,20251209,91517440,0,200785,A,S,53600,4200,
600023.SH,600023,20251209,91517440,0,200925,A,S,55000,400,
600023.SH,600023,20251209,91517440,0,201132,A,S,56300,10000,
600023.SH,600023,20251209,91517620,0,201772,A,S,51400,100,
600023.SH,600023,20251209,91517620,0,201848,A,B,50800,1000,
600023.SH,600023,20251209,91517620,0,201892,A,S,56200,2400,
600023.SH,600023,20251209,91517620,0,202016,A,B,50700,10000,
600023.SH,600023,20251209,91517620,0,202112,A,B,50300,10000,
600023.SH,600023,20251209,91517620,0,202272,A,B,49100,200,
600023.SH,600023,20251209,91517620,0,202276,A,S,56300,100,
600023.SH,600023,20251209,91517620,0,202531,A,S,51900,600,
600023.SH,600023,20251209,91517620,0,202824,A,S,56300,5500,
600023.SH,600023,20251209,91517620,0,202863,A,B,50400,400,
600023.SH,600023,20251209,91517620,0,202920,A,B,50000,1000,
600023.SH,600023,20251209,91517620,0,203055,A,S,52100,2500,
600023.SH,600023,20251209,91517620,0,203057,A,S,52800,2500,
600023.SH,600023,20251209,91517620,0,203274,A,S,56100,10000,
600023.SH,600023,20251209,91517620,0,203347,A,B,50800,1500,
600023.SH,600023,20251209,91517820,0,203662,A,S,55000,10000,
600023.SH,600023,20251209,91517820,0,203670,A,S,52700,10000,
600023.SH,600023,20251209,91517820,0,203881,A,B,51000,600,
600023.SH,600023,20251209,91517820,0,203959,A,S,53000,600,
600023.SH,600023,20251209,91517820,0,204410,A,B,50800,2500,
600023.SH,600023,20251209,91517820,0,204623,A,B,50100,2500,
600023.SH,600023,20251209,91517820,0,204641,A,S,52500,500,
600023.SH,600023,20251209,91518000,0,205500,A,S,52600,1000,
600023.SH,600023,20251209,91518000,0,205528,A,B,46100,100,
600023.SH,600023,20251209,91518000,0,205741,A,B,50000,400,
600023.SH,600023,20251209,91518100,0,206415,A,B,50000,22800,
600023.SH,600023,20251209,91518100,0,206660,A,B,49900,1000,
600023.SH,600023,20251209,91518100,0,206709,A,S,52100,3000,
600023.SH,600023,20251209,91518100,0,206961,A,S,56300,199600,
600023.SH,600023,20251209,91518170,0,207141,A,S,56300,400,
600023.SH,600023,20251209,91518170,0,207150,A,B,56300,800,
600023.SH,600023,20251209,91518170,0,207303,A,S,51600,23300,
600023.SH,600023,20251209,91518170,0,207432,A,B,50700,841000,
600023.SH,600023,20251209,91518170,0,207546,A,B,50200,849000,
600023.SH,600023,20251209,91518170,0,207557,A,B,50100,700,
600023.SH,600023,20251209,91518170,0,207746,A,S,56300,104000,
600023.SH,600023,20251209,91518170,0,207914,A,S,51700,2000,
600023.SH,600023,20251209,91518170,0,207957,A,B,50900,1000,
600023.SH,600023,20251209,91518270,0,208021,A,B,51000,1000,
600023.SH,600023,20251209,91518270,0,208067,A,S,52800,100,
600023.SH,600023,20251209,91518270,0,208182,A,B,50500,3800,
600023.SH,600023,20251209,91518270,0,208247,A,S,52100,1100,
600023.SH,600023,20251209,91518270,0,208400,A,S,56300,6100,
600023.SH,600023,20251209,91518270,0,208475,A,S,51800,1000,
600023.SH,600023,20251209,91518270,0,208601,A,B,50800,5000,
600023.SH,600023,20251209,91518270,0,208788,A,S,56100,3000,
600023.SH,600023,20251209,91518270,0,208803,A,B,50800,2000,
600023.SH,600023,20251209,91518270,0,208996,A,S,55000,100,
600023.SH,600023,20251209,91518270,0,209172,A,S,56300,100,
600023.SH,600023,20251209,91518270,0,209260,A,S,55900,2000,
600023.SH,600023,20251209,91518270,0,209375,A,B,50800,6600,
600023.SH,600023,20251209,91518450,0,209953,A,B,52100,900,
600023.SH,600023,20251209,91518520,0,210733,A,B,50900,20000,
600023.SH,600023,20251209,91518520,0,210766,A,S,56300,12000,
600023.SH,600023,20251209,91518520,0,211115,A,B,50900,20000,
600023.SH,600023,20251209,91518520,0,211644,A,S,55800,2000,
600023.SH,600023,20251209,91518520,0,212132,A,S,52100,1000,
600023.SH,600023,20251209,91518520,0,212247,A,S,51700,3000,
600023.SH,600023,20251209,91518520,0,212276,A,S,52200,3000,
600023.SH,600023,20251209,91518520,0,212277,A,B,50900,3000,
600023.SH,600023,20251209,91518520,0,212297,A,S,56300,1800,
600023.SH,600023,20251209,91518720,0,212842,A,B,50600,3000,
600023.SH,600023,20251209,91518720,0,212918,A,S,56000,2000,
600023.SH,600023,20251209,91518720,0,212919,A,B,49000,5000,
600023.SH,600023,20251209,91518720,0,213031,A,B,50200,3000,
600023.SH,600023,20251209,91518720,0,213551,A,S,51900,5000,
600023.SH,600023,20251209,91518720,0,213840,A,S,56300,5000,
600023.SH,600023,20251209,91518720,0,213942,A,B,49600,900,
600023.SH,600023,20251209,91518900,0,214460,A,S,54600,5000,
600023.SH,600023,20251209,91518900,0,214677,A,S,51700,1000,
600023.SH,600023,20251209,91518900,0,214689,A,S,53900,800,
600023.SH,600023,20251209,91518900,0,215050,A,S,53500,2000,
600023.SH,600023,20251209,91518900,0,215074,A,S,51700,1000,
600023.SH,600023,20251209,91518900,0,215160,A,S,48600,400,
600023.SH,600023,20251209,91518900,0,215188,A,S,54000,2000,
600023.SH,600023,20251209,91518900,0,215491,A,S,55800,1300,
600023.SH,600023,20251209,91518900,0,215575,A,S,55300,200,
600023.SH,600023,20251209,91519050,0,215717,A,B,49300,4100,
600023.SH,600023,20251209,91519050,0,215727,A,S,54200,1000,
600023.SH,600023,20251209,91519050,0,215731,A,S,56300,3000,
600023.SH,600023,20251209,91519140,0,216652,A,S,53900,50000,
600023.SH,600023,20251209,91519140,0,216672,A,S,54200,50000,
600023.SH,600023,20251209,91519180,0,216763,A,S,51500,10000,
600023.SH,600023,20251209,91519210,0,217037,A,S,53400,50000,
600023.SH,600023,20251209,91519210,0,217097,A,S,55000,1000,
600023.SH,600023,20251209,91519210,0,217183,A,S,56300,700,
600023.SH,600023,20251209,91519210,0,217233,A,B,50900,6000,
600023.SH,600023,20251209,91519390,0,217982,A,S,52300,500,
600023.SH,600023,20251209,91519390,0,218092,A,S,56300,4800,
600023.SH,600023,20251209,91519500,0,218696,A,S,53500,3300,
600023.SH,600023,20251209,91519810,0,220035,A,S,53600,300,
600023.SH,600023,20251209,91520090,0,221460,A,S,52800,30000,
600023.SH,600023,20251209,91520090,0,221462,A,S,53200,50000,
600023.SH,600023,20251209,91520090,0,221480,A,S,51800,20000,
600023.SH,600023,20251209,91520130,0,221681,A,S,52900,39000,
600023.SH,600023,20251209,91520130,0,221726,A,S,53400,50000,
600023.SH,600023,20251209,91520150,0,221974,A,S,52800,30000,
600023.SH,600023,20251209,91520190,0,222096,A,S,52900,50000,
600023.SH,600023,20251209,91520190,0,222134,A,S,53900,50000,
600023.SH,600023,20251209,91520190,0,222275,A,S,51800,50000,
600023.SH,600023,20251209,91520230,0,222494,A,B,49500,600,
600023.SH,600023,20251209,91520340,0,222855,A,B,50700,19500,
600023.SH,600023,20251209,91520360,0,223034,A,S,56100,5000,
600023.SH,600023,20251209,91520640,0,224086,A,S,56200,2100,
600023.SH,600023,20251209,91520810,0,225075,A,B,51000,100,
600023.SH,600023,20251209,91520810,0,225076,A,S,52000,100,
600023.SH,600023,20251209,91520830,0,225169,A,B,51200,2000,
600023.SH,600023,20251209,91521020,0,226007,A,B,50900,4000,
600023.SH,600023,20251209,91521150,0,226531,A,S,52000,500,
600023.SH,600023,20251209,91521170,0,226672,A,B,50100,500,
600023.SH,600023,20251209,91521170,0,226823,A,S,55900,600,
600023.SH,600023,20251209,91521200,0,226958,A,S,51600,3000,
600023.SH,600023,20251209,91521200,0,226999,A,S,51700,2000,
600023.SH,600023,20251209,91521310,0,227521,A,S,52800,2000,
600023.SH,600023,20251209,91521330,0,227614,A,S,51400,5000,
600023.SH,600023,20251209,91521330,0,227661,A,S,56300,500,
600023.SH,600023,20251209,91521360,0,170274,D,S,51400,300,
600023.SH,600023,20251209,91521400,0,228055,A,S,51600,3000,
600023.SH,600023,20251209,91521400,0,228056,A,S,51900,3000,
600023.SH,600023,20251209,91521400,0,228057,A,S,52200,3000,
600023.SH,600023,20251209,91521400,0,228058,A,S,52500,3000,
600023.SH,600023,20251209,91521400,0,228093,A,S,52800,3000,
600023.SH,600023,20251209,91521400,0,228094,A,S,53100,3000,
600023.SH,600023,20251209,91521400,0,228095,A,S,53400,3000,
600023.SH,600023,20251209,91521400,0,228096,A,S,53700,3000,
600023.SH,600023,20251209,91521400,0,228104,A,B,51000,3000,
600023.SH,600023,20251209,91521430,0,228173,A,B,50700,3000,
600023.SH,600023,20251209,91521430,0,228202,A,B,50400,3000,
600023.SH,600023,20251209,91521430,0,228255,A,B,50100,3000,
600023.SH,600023,20251209,91521430,0,228257,A,B,49800,3000,
600023.SH,600023,20251209,91521430,0,228268,A,B,50600,50000,
600023.SH,600023,20251209,91521430,0,228273,A,B,49500,3000,
600023.SH,600023,20251209,91521460,0,228321,A,B,49200,3000,
600023.SH,600023,20251209,91521490,0,228405,A,B,50800,50000,
600023.SH,600023,20251209,91521490,0,228427,A,B,48900,3000,
600023.SH,600023,20251209,91521490,0,228429,A,B,48600,3000,
600023.SH,600023,20251209,91521490,0,228512,A,S,55800,3000,
600023.SH,600023,20251209,91521540,0,228544,A,S,53900,5000,
600023.SH,600023,20251209,91521590,0,228746,A,B,51000,10000,
600023.SH,600023,20251209,91521620,0,228882,A,S,51500,10000,
600023.SH,600023,20251209,91521660,0,228915,A,S,54300,1500,
600023.SH,600023,20251209,91521790,0,229422,A,S,56300,5000,
600023.SH,600023,20251209,91521870,0,229699,A,S,53600,200,
600023.SH,600023,20251209,91521870,0,229719,A,S,51900,7800,
600023.SH,600023,20251209,91522050,0,230291,A,B,50900,2000,
600023.SH,600023,20251209,91522060,0,230358,A,S,51300,7000,
600023.SH,600023,20251209,91522240,0,230942,A,B,50300,400,
600023.SH,600023,20251209,91522240,0,230957,A,S,53100,400,
600023.SH,600023,20251209,91522360,0,231410,A,S,52500,10000,
600023.SH,600023,20251209,91522430,0,231590,A,S,52000,2100,
600023.SH,600023,20251209,91522570,0,232055,A,B,50000,50000,
600023.SH,600023,20251209,91522610,0,232191,A,S,53000,2000,
600023.SH,600023,20251209,91522640,0,232261,A,B,50600,3500,
600023.SH,600023,20251209,91522680,0,232337,A,S,51800,10000,
600023.SH,600023,20251209,91522710,0,232404,A,B,50600,1000,
600023.SH,600023,20251209,91522750,0,232513,A,S,53000,1000,
600023.SH,600023,20251209,91522820,0,232709,A,B,47700,900,
600023.SH,600023,20251209,91522840,0,232850,A,S,56300,500,
600023.SH,600023,20251209,91522940,0,233096,A,S,52900,200,
600023.SH,600023,20251209,91522940,0,233097,A,B,50600,200,
600023.SH,600023,20251209,91523320,0,234058,A,B,51200,300,
600023.SH,600023,20251209,91523370,0,234184,A,S,51900,100,
600023.SH,600023,20251209,91523370,0,234186,A,B,50900,100,
600023.SH,600023,20251209,91523450,0,234411,A,S,51600,7700,
600023.SH,600023,20251209,91523970,0,234973,A,S,52000,500,
600023.SH,600023,20251209,91523980,0,234977,A,B,50800,500,
600023.SH,600023,20251209,91524000,0,234984,A,S,52400,300,
600023.SH,600023,20251209,91524030,0,234998,A,B,50700,1000,
600023.SH,600023,20251209,91524030,0,234999,A,S,51900,1000,
600023.SH,600023,20251209,91524040,0,235005,A,B,50900,300,
600023.SH,600023,20251209,91524560,0,183820,D,S,46100,22000,
600023.SH,600023,20251209,91524720,0,235280,A,S,56200,2000,
600023.SH,600023,20251209,91525790,0,235657,A,S,52100,2500,
600023.SH,600023,20251209,91526060,0,235705,A,B,51000,500,
600023.SH,600023,20251209,91526060,0,235706,A,S,52000,500,
600023.SH,600023,20251209,91527120,0,235995,A,S,52700,300,
600023.SH,600023,20251209,91529150,0,236455,A,S,51300,10000,
600023.SH,600023,20251209,91530980,0,236818,A,S,52800,10000,
600023.SH,600023,20251209,91531050,0,236830,A,S,51300,300,
600023.SH,600023,20251209,91531180,0,236881,A,S,52100,200,
600023.SH,600023,20251209,91531250,0,236911,A,B,50700,200,
600023.SH,600023,20251209,91534090,0,237716,A,B,50400,200,
