万得代码,交易所代码,自然日,时间,成交价,成交量,成交额,成交笔数,IOPV,成交标志,BS标志,当日累计成交量,当日成交额,最高价,最低价,开盘价,前收盘,申卖价1,申卖价2,申卖价3,申卖价4,申卖价5,申卖价6,申卖价7,申卖价8,申卖价9,申卖价10,申卖量1,申卖量2,申卖量3,申卖量4,申卖量5,申卖量6,申卖量7,申卖量8,申卖量9,申卖量10,申买价1,申买价2,申买价3,申买价4,申买价5,申买价6,申买价7,申买价8,申买价9,申买价10,申买量1,申买量2,申买量3,申买量4,申买量5,申买量6,申买量7,申买量8,申买量9,申买量10,加权平均叫卖价,加权平均叫买价,叫卖总量,叫买总量,不加权指数,品种总数,上涨品种数,下跌品种数,持平品种数,
000078.SZ,000078,20251209,81618000,0,0,0,0,0,,,0,0,0,0,0,51400,0,0,0,0,0,0,0,0,0,0,0,0,0,0,0,0,0,0,0,0,0,0,0,0,0,0,0,0,0,0,0,0,0,0,0,0,0,0,0,0,0,0,0,0,0,0,0,0,0,
000078.SZ,000078,20251209,91500000,0,0,0,0,0,,,0,0,0,0,0,51400,46300,0,0,0,0,0,0,0,0,0,425400,1484200,0,0,0,0,0,0,0,0,46300,0,0,0,0,0,0,0,0,0,425400,0,0,0,0,0,0,0,0,0,0,0,0,0,0,0,0,0,0,
000078.SZ,000078,20251209,91509000,0,0,0,0,0,,,0,0,0,0,0,51400,46300,0,0,0,0,0,0,0,0,0,4603500,4218700,0,0,0,0,0,0,0,0,46300,0,0,0,0,0,0,0,0,0,4603500,0,0,0,0,0,0,0,0,0,0,0,0,0,0,0,0,0,0,
000078.SZ,000078,20251209,91518000,0,0,0,0,0,,,0,0,0,0,0,51400,46300,0,0,0,0,0,0,0,0,0,4685100,4504000,0,0,0,0,0,0,0,0,46300,0,0,0,0,0,0,0,0,0,4685100,0,0,0,0,0,0,0,0,0,0,0,0,0,0,0,0,0,0,
000078.SZ,000078,20251209,91527000,0,0,0,0,0,,,0,0,0,0,0,51400,46300,0,0,0,0,0,0,0,0,0,5648900,3869850,0,0,0,0,0,0,0,0,46300,0,0,0,0,0,0,0,0,0,5648900,0,0,0,0,0,0,0,0,0,0,0,0,0,0,0,0,0,0,
000078.SZ,000078,20251209,91536000,0,0,0,0,0,,,0,0,0,0,0,51400,46300,0,0,0,0,0,0,0,0,0,5824000,3307550,0,0,0,0,0,0,0,0,46300,0,0,0,0,0,0,0,0,0,5824000,0,0,0,0,0,0,0,0,0,0,0,0,0,0,0,0,0,0,
000078.SZ,000078,20251209,91545000,0,0,0,0,0,,,0,0,0,0,0,51400,46300,0,0,0,0,0,0,0,0,0,6155100,2886250,0,0,0,0,0,0,0,0,46300,0,0,0,0,0,0,0,0,0,6155100,0,0,0,0,0,0,0,0,0,0,0,0,0,0,0,0,0,0,
000078.SZ,000078,20251209,91554000,0,0,0,0,0,,,0,0,0,0,0,51400,46300,0,0,0,0,0,0,0,0,0,6318500,2677450,0,0,0,0,0,0,0,0,46300,0,0,0,0,0,0,0,0,0,6318500,0,0,0,0,0,0,0,0,0,0,0,0,0,0,0,0,0,0,
000078.SZ,000078,20251209,91603000,0,0,0,0,0,,,0,0,0,0,0,51400,46300,0,0,0,0,0,0,0,0,0,7646200,1335950,0,0,0,0,0,0,0,0,46300,0,0,0,0,0,0,0,0,0,7646200,0,0,0,0,0,0,0,0,0,0,0,0,0,0,0,0,0,0,
000078.SZ,000078,20251209,91612000,0,0,0,0,0,,,0,0,0,0,0,51400,46300,0,0,0,0,0,0,0,0,0,7898400,922750,0,0,0,0,0,0,0,0,46300,0,0,0,0,0,0,0,0,0,7898400,0,0,0,0,0,0,0,0,0,0,0,0,0,0,0,0,0,0,
000078.SZ,000078,20251209,91621000,0,0,0,0,0,,,0,0,0,0,0,51400,46300,0,0,0,0,0,0,0,0,0,8169250,0,0,0,0,0,0,0,0,0,46300,0,0,0,0,0,0,0,0,0,8169250,197950,0,0,0,0,0,0,0,0,0,0,0,0,0,0,0,0,0,
000078.SZ,000078,20251209,91630000,0,0,0,0,0,,,0,0,0,0,0,51400,46300,0,0,0,0,0,0,0,0,0,8096900,0,0,0,0,0,0,0,0,0,46300,0,0,0,0,0,0,0,0,0,8096900,548700,0,0,0,0,0,0,0,0,0,0,0,0,0,0,0,0,0,
000078.SZ,000078,20251209,91639000,0,0,0,0,0,,,0,0,0,0,0,51400,46300,0,0,0,0,0,0,0,0,0,7826300,0,0,0,0,0,0,0,0,0,46300,0,0,0,0,0,0,0,0,0,7826300,1159100,0,0,0,0,0,0,0,0,0,0,0,0,0,0,0,0,0,
000078.SZ,000078,20251209,91648000,0,0,0,0,0,,,0,0,0,0,0,51400,46300,0,0,0,0,0,0,0,0,0,7689800,0,0,0,0,0,0,0,0,0,46300,0,0,0,0,0,0,0,0,0,7689800,1616000,0,0,0,0,0,0,0,0,0,0,0,0,0,0,0,0,0,
000078.SZ,000078,20251209,91657000,0,0,0,0,0,,,0,0,0,0,0,51400,46300,0,0,0,0,0,0,0,0,0,7730400,0,0,0,0,0,0,0,0,0,46300,0,0,0,0,0,0,0,0,0,7730400,1817600,0,0,0,0,0,0,0,0,0,0,0,0,0,0,0,0,0,
000078.SZ,000078,20251209,91706000,0,0,0,0,0,,,0,0,0,0,0,51400,46300,0,0,0,0,0,0,0,0,0,7505500,0,0,0,0,0,0,0,0,0,46300,0,0,0,0,0,0,0,0,0,7505500,2544300,0,0,0,0,0,0,0,0,0,0,0,0,0,0,0,0,0,
000078.SZ,000078,20251209,91715000,0,0,0,0,0,,,0,0,0,0,0,51400,46300,0,0,0,0,0,0,0,0,0,7173200,0,0,0,0,0,0,0,0,0,46300,0,0,0,0,0,0,0,0,0,7173200,3120300,0,0,0,0,0,0,0,0,0,0,0,0,0,0,0,0,0,
000078.SZ,000078,20251209,91724000,0,0,0,0,0,,,0,0,0,0,0,51400,46300,0,0,0,0,0,0,0,0,0,6857100,0,0,0,0,0,0,0,0,0,46300,0,0,0,0,0,0,0,0,0,6857100,3752600,0,0,0,0,0,0,0,0,0,0,0,0,0,0,0,0,0,
000078.SZ,000078,20251209,91733000,0,0,0,0,0,,,0,0,0,0,0,51400,46300,0,0,0,0,0,0,0,0,0,6781800,0,0,0,0,0,0,0,0,0,46300,0,0,0,0,0,0,0,0,0,6781800,4270800,0,0,0,0,0,0,0,0,0,0,0,0,0,0,0,0,0,
000078.SZ,000078,20251209,91742000,0,0,0,0,0,,,0,0,0,0,0,51400,46300,0,0,0,0,0,0,0,0,0,6525800,0,0,0,0,0,0,0,0,0,46300,0,0,0,0,0,0,0,0,0,6525800,4905200,0,0,0,0,0,0,0,0,0,0,0,0,0,0,0,0,0,
000078.SZ,000078,20251209,91751000,0,0,0,0,0,,,0,0,0,0,0,51400,46300,0,0,0,0,0,0,0,0,0,6381200,0,0,0,0,0,0,0,0,0,46300,0,0,0,0,0,0,0,0,0,6381200,5303300,0,0,0,0,0,0,0,0,0,0,0,0,0,0,0,0,0,
000078.SZ,000078,20251209,91800000,0,0,0,0,0,,,0,0,0,0,0,51400,46300,0,0,0,0,0,0,0,0,0,5996900,0,0,0,0,0,0,0,0,0,46300,0,0,0,0,0,0,0,0,0,5996900,5921300,0,0,0,0,0,0,0,0,0,0,0,0,0,0,0,0,0,
000078.SZ,000078,20251209,91809000,0,0,0,0,0,,,0,0,0,0,0,51400,46300,0,0,0,0,0,0,0,0,0,5828300,0,0,0,0,0,0,0,0,0,46300,0,0,0,0,0,0,0,0,0,5828300,6436900,0,0,0,0,0,0,0,0,0,0,0,0,0,0,0,0,0,
000078.SZ,000078,20251209,91818000,0,0,0,0,0,,,0,0,0,0,0,51400,46300,0,0,0,0,0,0,0,0,0,5810200,0,0,0,0,0,0,0,0,0,46300,0,0,0,0,0,0,0,0,0,5810200,6827800,0,0,0,0,0,0,0,0,0,0,0,0,0,0,0,0,0,
000078.SZ,000078,20251209,91827000,0,0,0,0,0,,,0,0,0,0,0,51400,46300,0,0,0,0,0,0,0,0,0,5667600,0,0,0,0,0,0,0,0,0,46300,0,0,0,0,0,0,0,0,0,5667600,7175600,0,0,0,0,0,0,0,0,0,0,0,0,0,0,0,0,0,
000078.SZ,000078,20251209,91836000,0,0,0,0,0,,,0,0,0,0,0,51400,46300,0,0,0,0,0,0,0,0,0,5648400,0,0,0,0,0,0,0,0,0,46300,0,0,0,0,0,0,0,0,0,5648400,7474700,0,0,0,0,0,0,0,0,0,0,0,0,0,0,0,0,0,
000078.SZ,000078,20251209,91845000,0,0,0,0,0,,,0,0,0,0,0,51400,46300,0,0,0,0,0,0,0,0,0,5659400,0,0,0,0,0,0,0,0,0,46300,0,0,0,0,0,0,0,0,0,5659400,7764600,0,0,0,0,0,0,0,0,0,0,0,0,0,0,0,0,0,
000078.SZ,000078,20251209,91854000,0,0,0,0,0,,,0,0,0,0,0,51400,46300,0,0,0,0,0,0,0,0,0,5654400,0,0,0,0,0,0,0,0,0,46300,0,0,0,0,0,0,0,0,0,5654400,8106900,0,0,0,0,0,0,0,0,0,0,0,0,0,0,0,0,0,
000078.SZ,000078,20251209,91903000,0,0,0,0,0,,,0,0,0,0,0,51400,46300,0,0,0,0,0,0,0,0,0,5626000,0,0,0,0,0,0,0,0,0,46300,0,0,0,0,0,0,0,0,0,5626000,8191400,0,0,0,0,0,0,0,0,0,0,0,0,0,0,0,0,0,
000078.SZ,000078,20251209,91912000,0,0,0,0,0,,,0,0,0,0,0,51400,46300,0,0,0,0,0,0,0,0,0,5531600,0,0,0,0,0,0,0,0,0,46300,0,0,0,0,0,0,0,0,0,5531600,8704700,0,0,0,0,0,0,0,0,0,0,0,0,0,0,0,0,0,
000078.SZ,000078,20251209,91921000,0,0,0,0,0,,,0,0,0,0,0,51400,46300,0,0,0,0,0,0,0,0,0,5731600,0,0,0,0,0,0,0,0,0,46300,0,0,0,0,0,0,0,0,0,5731600,8817500,0,0,0,0,0,0,0,0,0,0,0,0,0,0,0,0,0,
000078.SZ,000078,20251209,91930000,0,0,0,0,0,,,0,0,0,0,0,51400,46300,0,0,0,0,0,0,0,0,0,5676100,0,0,0,0,0,0,0,0,0,46300,0,0,0,0,0,0,0,0,0,5676100,9144400,0,0,0,0,0,0,0,0,0,0,0,0,0,0,0,0,0,
000078.SZ,000078,20251209,91939000,0,0,0,0,0,,,0,0,0,0,0,51400,46300,0,0,0,0,0,0,0,0,0,5743200,0,0,0,0,0,0,0,0,0,46300,0,0,0,0,0,0,0,0,0,5743200,9560900,0,0,0,0,0,0,0,0,0,0,0,0,0,0,0,0,0,
000078.SZ,000078,20251209,91948000,0,0,0,0,0,,,0,0,0,0,0,51400,46300,0,0,0,0,0,0,0,0,0,5682900,0,0,0,0,0,0,0,0,0,46300,0,0,0,0,0,0,0,0,0,5682900,9953000,0,0,0,0,0,0,0,0,0,0,0,0,0,0,0,0,0,
000078.SZ,000078,20251209,91957000,0,0,0,0,0,,,0,0,0,0,0,51400,46300,0,0,0,0,0,0,0,0,0,5339200,0,0,0,0,0,0,0,0,0,46300,0,0,0,0,0,0,0,0,0,5339200,10609900,0,0,0,0,0,0,0,0,0,0,0,0,0,0,0,0,0,
000078.SZ,000078,20251209,92000000,0,0,0,0,0,,,0,0,0,0,0,51400,46300,0,0,0,0,0,0,0,0,0,5349500,0,0,0,0,0,0,0,0,0,46300,0,0,0,0,0,0,0,0,0,5349500,10688900,0,0,0,0,0,0,0,0,0,0,0,0,0,0,0,0,0,
000078.SZ,000078,20251209,92009000,0,0,0,0,0,,,0,0,0,0,0,51400,46300,0,0,0,0,0,0,0,0,0,5414800,0,0,0,0,0,0,0,0,0,46300,0,0,0,0,0,0,0,0,0,5414800,11163200,0,0,0,0,0,0,0,0,0,0,0,0,0,0,0,0,0,
000078.SZ,000078,20251209,92018000,0,0,0,0,0,,,0,0,0,0,0,51400,46300,0,0,0,0,0,0,0,0,0,5911100,0,0,0,0,0,0,0,0,0,46300,0,0,0,0,0,0,0,0,0,5911100,11073200,0,0,0,0,0,0,0,0,0,0,0,0,0,0,0,0,0,
000078.SZ,000078,20251209,92027000,0,0,0,0,0,,,0,0,0,0,0,51400,46300,0,0,0,0,0,0,0,0,0,6029900,0,0,0,0,0,0,0,0,0,46300,0,0,0,0,0,0,0,0,0,6029900,11356600,0,0,0,0,0,0,0,0,0,0,0,0,0,0,0,0,0,
000078.SZ,000078,20251209,92036000,0,0,0,0,0,,,0,0,0,0,0,51400,46300,0,0,0,0,0,0,0,0,0,6179000,0,0,0,0,0,0,0,0,0,46300,0,0,0,0,0,0,0,0,0,6179000,11665800,0,0,0,0,0,0,0,0,0,0,0,0,0,0,0,0,0,
000078.SZ,000078,20251209,92045000,0,0,0,0,0,,,0,0,0,0,0,51400,46300,0,0,0,0,0,0,0,0,0,6256600,0,0,0,0,0,0,0,0,0,46300,0,0,0,0,0,0,0,0,0,6256600,12046200,0,0,0,0,0,0,0,0,0,0,0,0,0,0,0,0,0,
000078.SZ,000078,20251209,92054000,0,0,0,0,0,,,0,0,0,0,0,51400,46300,0,0,0,0,0,0,0,0,0,6561836,0,0,0,0,0,0,0,0,0,46300,0,0,0,0,0,0,0,0,0,6561836,12420264,0,0,0,0,0,0,0,0,0,0,0,0,0,0,0,0,0,
000078.SZ,000078,20251209,92103000,0,0,0,0,0,,,0,0,0,0,0,51400,46300,0,0,0,0,0,0,0,0,0,6654636,0,0,0,0,0,0,0,0,0,46300,0,0,0,0,0,0,0,0,0,6654636,12859964,0,0,0,0,0,0,0,0,0,0,0,0,0,0,0,0,0,
000078.SZ,000078,20251209,92112000,0,0,0,0,0,,,0,0,0,0,0,51400,46300,0,0,0,0,0,0,0,0,0,6856400,0,0,0,0,0,0,0,0,0,46300,0,0,0,0,0,0,0,0,0,6856400,13169600,0,0,0,0,0,0,0,0,0,0,0,0,0,0,0,0,0,
000078.SZ,000078,20251209,92121000,0,0,0,0,0,,,0,0,0,0,0,51400,46300,0,0,0,0,0,0,0,0,0,6900200,0,0,0,0,0,0,0,0,0,46300,0,0,0,0,0,0,0,0,0,6900200,13746600,0,0,0,0,0,0,0,0,0,0,0,0,0,0,0,0,0,
000078.SZ,000078,20251209,92130000,0,0,0,0,0,,,0,0,0,0,0,51400,46300,0,0,0,0,0,0,0,0,0,7092000,0,0,0,0,0,0,0,0,0,46300,0,0,0,0,0,0,0,0,0,7092000,14127100,0,0,0,0,0,0,0,0,0,0,0,0,0,0,0,0,0,
000078.SZ,000078,20251209,92139000,0,0,0,0,0,,,0,0,0,0,0,51400,46300,0,0,0,0,0,0,0,0,0,7166100,0,0,0,0,0,0,0,0,0,46300,0,0,0,0,0,0,0,0,0,7166100,14672900,0,0,0,0,0,0,0,0,0,0,0,0,0,0,0,0,0,
000078.SZ,000078,20251209,92148000,0,0,0,0,0,,,0,0,0,0,0,51400,46300,0,0,0,0,0,0,0,0,0,7269300,0,0,0,0,0,0,0,0,0,46300,0,0,0,0,0,0,0,0,0,7269300,15248900,0,0,0,0,0,0,0,0,0,0,0,0,0,0,0,0,0,
000078.SZ,000078,20251209,92157000,0,0,0,0,0,,,0,0,0,0,0,51400,46300,0,0,0,0,0,0,0,0,0,7332300,0,0,0,0,0,0,0,0,0,46300,0,0,0,0,0,0,0,0,0,7332300,16081100,0,0,0,0,0,0,0,0,0,0,0,0,0,0,0,0,0,
000078.SZ,000078,20251209,92206000,0,0,0,0,0,,,0,0,0,0,0,51400,46300,0,0,0,0,0,0,0,0,0,7494300,0,0,0,0,0,0,0,0,0,46300,0,0,0,0,0,0,0,0,0,7494300,16516300,0,0,0,0,0,0,0,0,0,0,0,0,0,0,0,0,0,
000078.SZ,000078,20251209,92215000,0,0,0,0,0,,,0,0,0,0,0,51400,46300,0,0,0,0,0,0,0,0,0,7646500,0,0,0,0,0,0,0,0,0,46300,0,0,0,0,0,0,0,0,0,7646500,16908000,0,0,0,0,0,0,0,0,0,0,0,0,0,0,0,0,0,
000078.SZ,000078,20251209,92224000,0,0,0,0,0,,,0,0,0,0,0,51400,46300,0,0,0,0,0,0,0,0,0,7749500,0,0,0,0,0,0,0,0,0,46300,0,0,0,0,0,0,0,0,0,7749500,17811400,0,0,0,0,0,0,0,0,0,0,0,0,0,0,0,0,0,
000078.SZ,000078,20251209,92233000,0,0,0,0,0,,,0,0,0,0,0,51400,46300,0,0,0,0,0,0,0,0,0,8031500,0,0,0,0,0,0,0,0,0,46300,0,0,0,0,0,0,0,0,0,8031500,18105500,0,0,0,0,0,0,0,0,0,0,0,0,0,0,0,0,0,
000078.SZ,000078,20251209,92242000,0,0,0,0,0,,,0,0,0,0,0,51400,46300,0,0,0,0,0,0,0,0,0,8144500,0,0,0,0,0,0,0,0,0,46300,0,0,0,0,0,0,0,0,0,8144500,18629600,0,0,0,0,0,0,0,0,0,0,0,0,0,0,0,0,0,
000078.SZ,000078,20251209,92251000,0,0,0,0,0,,,0,0,0,0,0,51400,46300,0,0,0,0,0,0,0,0,0,8383200,0,0,0,0,0,0,0,0,0,46300,0,0,0,0,0,0,0,0,0,8383200,19000600,0,0,0,0,0,0,0,0,0,0,0,0,0,0,0,0,0,
000078.SZ,000078,20251209,92300000,0,0,0,0,0,,,0,0,0,0,0,51400,46300,0,0,0,0,0,0,0,0,0,8648000,0,0,0,0,0,0,0,0,0,46300,0,0,0,0,0,0,0,0,0,8648000,19415000,0,0,0,0,0,0,0,0,0,0,0,0,0,0,0,0,0,
000078.SZ,000078,20251209,92309000,0,0,0,0,0,,,0,0,0,0,0,51400,46300,0,0,0,0,0,0,0,0,0,8994600,0,0,0,0,0,0,0,0,0,46300,0,0,0,0,0,0,0,0,0,8994600,20011100,0,0,0,0,0,0,0,0,0,0,0,0,0,0,0,0,0,
000078.SZ,000078,20251209,92318000,0,0,0,0,0,,,0,0,0,0,0,51400,46400,0,0,0,0,0,0,0,0,0,9260300,0,0,0,0,0,0,0,0,0,46400,0,0,0,0,0,0,0,0,0,9260300,26600,0,0,0,0,0,0,0,0,0,0,0,0,0,0,0,0,0,
000078.SZ,000078,20251209,92327000,0,0,0,0,0,,,0,0,0,0,0,51400,46400,0,0,0,0,0,0,0,0,0,9430200,0,0,0,0,0,0,0,0,0,46400,0,0,0,0,0,0,0,0,0,9430200,286300,0,0,0,0,0,0,0,0,0,0,0,0,0,0,0,0,0,
000078.SZ,000078,20251209,92336000,0,0,0,0,0,,,0,0,0,0,0,51400,46400,0,0,0,0,0,0,0,0,0,9710000,0,0,0,0,0,0,0,0,0,46400,0,0,0,0,0,0,0,0,0,9710000,776000,0,0,0,0,0,0,0,0,0,0,0,0,0,0,0,0,0,
000078.SZ,000078,20251209,92345000,0,0,0,0,0,,,0,0,0,0,0,51400,46400,0,0,0,0,0,0,0,0,0,9794500,0,0,0,0,0,0,0,0,0,46400,0,0,0,0,0,0,0,0,0,9794500,1369800,0,0,0,0,0,0,0,0,0,0,0,0,0,0,0,0,0,
000078.SZ,000078,20251209,92354000,0,0,0,0,0,,,0,0,0,0,0,51400,46400,0,0,0,0,0,0,0,0,0,10067650,0,0,0,0,0,0,0,0,0,46400,0,0,0,0,0,0,0,0,0,10067650,2087950,0,0,0,0,0,0,0,0,0,0,0,0,0,0,0,0,0,
000078.SZ,000078,20251209,92403000,0,0,0,0,0,,,0,0,0,0,0,51400,46400,0,0,0,0,0,0,0,0,0,10168950,0,0,0,0,0,0,0,0,0,46400,0,0,0,0,0,0,0,0,0,10168950,2998250,0,0,0,0,0,0,0,0,0,0,0,0,0,0,0,0,0,
000078.SZ,000078,20251209,92412000,0,0,0,0,0,,,0,0,0,0,0,51400,46400,0,0,0,0,0,0,0,0,0,10328150,0,0,0,0,0,0,0,0,0,46400,0,0,0,0,0,0,0,0,0,10328150,4099750,0,0,0,0,0,0,0,0,0,0,0,0,0,0,0,0,0,
000078.SZ,000078,20251209,92421000,0,0,0,0,0,,,0,0,0,0,0,51400,46400,0,0,0,0,0,0,0,0,0,10583650,0,0,0,0,0,0,0,0,0,46400,0,0,0,0,0,0,0,0,0,10583650,4847850,0,0,0,0,0,0,0,0,0,0,0,0,0,0,0,0,0,
000078.SZ,000078,20251209,92430000,0,0,0,0,0,,,0,0,0,0,0,51400,46400,0,0,0,0,0,0,0,0,0,11366950,0,0,0,0,0,0,0,0,0,46400,0,0,0,0,0,0,0,0,0,11366950,5241750,0,0,0,0,0,0,0,0,0,0,0,0,0,0,0,0,0,
000078.SZ,000078,20251209,92439000,0,0,0,0,0,,,0,0,0,0,0,51400,46400,0,0,0,0,0,0,0,0,0,11777650,0,0,0,0,0,0,0,0,0,46400,0,0,0,0,0,0,0,0,0,11777650,6126250,0,0,0,0,0,0,0,0,0,0,0,0,0,0,0,0,0,
000078.SZ,000078,20251209,92448000,0,0,0,0,0,,,0,0,0,0,0,51400,46500,0,0,0,0,0,0,0,0,0,13098850,0,0,0,0,0,0,0,0,0,46500,0,0,0,0,0,0,0,0,0,13098850,632350,0,0,0,0,0,0,0,0,0,0,0,0,0,0,0,0,0,
000078.SZ,000078,20251209,92457000,0,0,0,0,0,,,0,0,0,0,0,51400,46600,0,0,0,0,0,0,0,0,0,13743150,0,0,0,0,0,0,0,0,0,46600,0,0,0,0,0,0,0,0,0,13743150,411950,0,0,0,0,0,0,0,0,0,0,0,0,0,0,0,0,0,
000078.SZ,000078,20251209,92500000,48100,14629750,70369098,6430,0,,,14629750,70369098,48100,48100,48100,51400,48200,48300,48400,48500,48600,48700,48800,48900,49000,49100,2800,87700,2000,61700,13400,1700,61000,47600,96000,10500,48100,48000,47900,47800,47700,47600,47500,47400,47300,47200,20350,597700,72700,687600,297800,162100,426100,1378400,289300,245800,54800,46500,22775730,38898050,0,0,0,0,0,
000078.SZ,000078,20251209,93000000,48200,1623400,7842341,7599,0,,,16253150,78211439,48900,48000,48100,51400,48500,48900,49000,49100,49200,49300,49400,49500,49600,49700,4500,138800,135000,91800,9300,21000,16900,83800,31500,60000,48200,48100,48000,47900,47800,47700,47600,47500,47400,47300,129800,183000,560650,51800,470600,285000,147500,462700,240100,289700,54700,46500,23658030,35508450,0,0,0,0,0,
000078.SZ,000078,20251209,93003000,48400,6237050,30184117,11655,0,,,22490200,108395556,49100,48000,48100,51400,48600,48700,48800,48900,49000,49100,49200,49300,49400,49500,94500,19200,170500,138000,279400,47700,28700,87200,46500,292200,48400,48300,48200,48100,48000,47900,47800,47700,47600,47500,1000,1900,3497350,1819700,983050,132900,459600,279100,224000,990000,54200,46800,32046333,37704200,0,0,0,0,0,
000078.SZ,000078,20251209,93006000,48200,1950000,9423754,13056,0,,,24440200,117819310,49100,48000,48100,51400,48500,48600,48700,48800,48900,49000,49100,49200,49300,49400,9400,16500,47900,269700,240100,356600,71500,34200,93000,48900,48200,48100,48000,47900,47800,47700,47600,47500,47400,47300,3477450,2167800,1094100,196500,478000,302100,256100,1035100,194600,265500,54100,46800,33711183,38594050,0,0,0,0,0,
000078.SZ,000078,20251209,93009000,48200,2324000,11243699,14521,0,,,26764200,129063009,49100,48000,48100,51400,48300,48400,48500,48600,48900,49000,49100,49200,49300,49400,300,53500,2600,1100,152300,324400,76000,35600,117900,48900,48200,48100,48000,47900,47800,47700,47600,47500,47400,47300,2355950,2222900,1105700,214900,482200,304500,261800,1040200,203100,267800,54200,46800,33553683,37475450,0,0,0,0,0,
000078.SZ,000078,20251209,93012000,48400,1712200,8262304,15636,0,,,28476400,137325313,49100,48000,48100,51400,48400,48500,48600,48700,48800,48900,49000,49100,49200,49300,18700,1100,10100,100,1000,149800,336600,77900,91300,113300,48200,48100,48000,47900,47800,47700,47600,47500,47400,47300,1251050,2195300,1111600,212200,483100,304600,263800,1038400,203500,262200,54200,46700,33623383,36251150,0,0,0,0,0,
000078.SZ,000078,20251209,93015000,48500,934100,4515515,16275,0,,,29410500,141840828,49100,48000,48100,51400,48800,48900,49000,49100,49200,49300,49400,49500,49600,49700,13600,120600,344400,94800,34100,113300,37200,269900,360400,337500,48500,48400,48300,48200,48100,48000,47900,47800,47700,47600,102700,51000,199700,776250,2184400,1117800,209800,487900,304700,263800,54200,46700,33548483,35861950,0,0,0,0,0,
000078.SZ,000078,20251209,93018000,48500,1067500,5165775,16816,0,,,30478000,147006603,49100,48000,48100,51400,48500,48600,48700,48800,48900,49000,49100,49200,49300,49400,29700,500,6300,131400,158300,328200,97900,32600,113300,36200,48400,48300,48200,48100,48000,47900,47800,47700,47600,47500,55500,22600,810150,2126400,1114700,210600,485400,302700,257600,1039500,54200,46700,33707283,35234650,0,0,0,0,0,
000078.SZ,000078,20251209,93021000,48500,935800,4534894,17396,0,,,31413800,151541497,49100,48000,48100,51400,48600,48900,49000,49100,49200,49300,49400,49500,49600,49700,8000,150700,329900,86500,32600,113300,36200,198000,360400,337500,48500,48300,48200,48100,48000,47900,47800,47700,47600,47500,35000,8800,810750,2092800,1145200,215600,488900,302700,267600,1039500,54200,46700,33529683,34925450,0,0,0,0,0,
000078.SZ,000078,20251209,93024000,48300,1244400,6027786,18308,0,,,32658200,157569283,49100,48000,48100,51400,48500,48600,48700,48800,48900,49000,49100,49200,49300,49400,3700,145800,13300,179965,171500,325500,87000,35700,113300,36200,48300,48200,48100,48000,47900,47800,47700,47600,47500,47400,52800,531150,2069300,1129200,216600,485800,307100,267400,1037800,195600,54200,46700,33912348,34367350,0,0,0,0,0,
000078.SZ,000078,20251209,93027000,48300,1467300,7080966,19401,0,,,34125500,164650249,49100,48000,48100,51400,48300,48400,48500,48600,48700,48800,48900,49000,49100,49200,93800,67400,219700,60300,43300,182565,221650,313100,83000,39800,48100,48000,47900,47800,47700,47600,47500,47400,47300,47200,1743550,1117100,217000,483500,314500,258300,1038700,195700,256900,356900,54100,46700,34137998,33191950,0,0,0,0,0,
000078.SZ,000078,20251209,93030000,48300,1866700,8986705,20768,0,,,35992200,173636954,49100,48000,48100,51400,48300,48400,48500,48600,48700,48800,48900,49000,49100,49200,444000,106200,292100,61400,41200,107100,155350,298800,80100,35500,48100,48000,47900,47800,47700,47600,47500,47400,47300,47200,389450,1110500,160500,491500,315300,261200,1040000,195800,240200,358200,54100,46600,34345733,31657150,0,0,0,0,0,
000078.SZ,000078,20251209,93033000,48100,1986115,9548469,22058,0,,,37978315,183185423,49100,48000,48100,51400,48100,48200,48300,48400,48500,48600,48700,48800,48900,49000,90200,52700,375850,112000,354000,54600,34700,105600,406950,298700,48000,47900,47800,47700,47600,47500,47400,47300,47200,47100,214935,163800,485600,313600,261900,1039600,196300,240200,358700,538400,54000,46500,34775383,30247935,0,0,0,0,0,
000078.SZ,000078,20251209,93036000,47900,1427635,6836981,22996,0,,,39405950,190022404,49100,47700,48100,51400,47900,48000,48100,48200,48300,48400,48500,48600,48700,48800,87200,1071365,682000,185800,472550,83600,328300,54200,45100,109700,47700,47600,47500,47400,47300,47200,47100,47000,46900,46800,230800,261900,967600,196300,234100,358700,537800,942900,211100,640800,53700,46500,36740348,28994700,0,0,0,0,0,
000078.SZ,000078,20251209,93039000,47300,2029000,9652556,23956,0,,,41434950,199674960,49100,47300,48100,51400,47400,47500,47700,47800,47900,48000,48100,48200,48300,48400,700,21200,270700,44100,131700,1339765,793400,130700,377350,84100,47300,47200,47100,47000,46900,46800,46700,46600,46500,46400,199400,358700,549800,936600,210500,640700,320000,966300,2169800,5332600,53700,46400,36692948,27109100,0,0,0,0,0,
000078.SZ,000078,20251209,93042000,47100,1373200,6484264,24720,0,,,42808150,206159224,49100,47100,48100,51400,47300,47400,47500,47600,47700,47800,47900,48000,48100,48200,367700,22700,24200,27600,1002600,111700,190400,853665,610900,61000,47100,47000,46900,46800,46700,46600,46500,46400,46300,0,53600,937200,210600,635800,319800,966500,2152500,5292500,15395700,0,53600,46400,37066448,25964200,0,0,0,0,0,
000078.SZ,000078,20251209,93045000,46900,1355235,6372078,25725,0,,,44163385,212531302,49100,46900,48100,51400,47000,47100,47200,47300,47400,47500,47600,47700,47800,47900,33300,465200,197500,1017400,78100,37700,21000,1044400,89500,158200,46900,46800,46700,46600,46500,46400,46300,0,0,0,99965,631200,318600,962500,2244500,5264800,15334700,0,0,0,53500,46400,37903748,24856265,0,0,0,0,0,
000078.SZ,000078,20251209,93048000,46600,1296900,6069740,26554,0,,,45460285,218601042,49100,46600,48100,51400,46800,46900,47000,47100,47200,47300,47400,47500,47600,47700,20900,488700,169900,1128218,173700,825000,69300,36000,18300,820700,46600,46500,46400,46300,0,0,0,0,0,0,940165,2231900,4886600,15321400,0,0,0,0,0,0,53300,46400,38698266,23380065,0,0,0,0,0,
000078.SZ,000078,20251209,93051000,46600,1738691,8102749,27647,0,,,47198976,226703791,49100,46500,48100,51400,46600,46700,46800,46900,47000,47100,47200,47300,47400,47500,301800,109100,39200,1197100,167500,1005118,232300,395000,68000,25300,46500,46400,46300,0,0,0,0,0,0,0,1787574,4866800,15420900,0,0,0,0,0,0,0,53300,46300,38538916,22075274,0,0,0,0,0,
000078.SZ,000078,20251209,93054000,46500,2026200,9426324,29101,0,,,49225176,236130115,49100,46500,48100,51400,46600,46700,46800,46900,47000,47100,47200,47300,47400,47500,1018400,112600,42000,870200,153400,810818,219900,347300,9100,25300,46500,46400,46300,0,0,0,0,0,0,0,175074,4866400,15578600,0,0,0,0,0,0,0,53300,46300,38287466,20620074,0,0,0,0,0,
000078.SZ,000078,20251209,93057000,46600,3297374,15333685,30981,0,,,52522550,251463800,49100,46400,48100,51400,46500,46600,46700,46800,46900,47000,47100,47200,47300,47400,26700,479400,70400,33300,659100,75400,682418,222100,312700,7700,46400,46300,0,0,0,0,0,0,0,0,4060900,15762700,0,0,0,0,0,0,0,0,53600,46300,37026266,19823600,0,0,0,0,0,
000078.SZ,000078,20251209,93100000,46500,2028200,9423551,32368,0,,,54550750,260887351,49100,46400,48100,51400,46500,46600,46700,46800,46900,47000,47100,47200,47300,47400,172600,598009,66300,32000,555100,76400,530018,214100,273100,6500,46400,46300,0,0,0,0,0,0,0,0,3177500,15894000,0,0,0,0,0,0,0,0,53600,46300,36874375,19071500,0,0,0,0,0,
000078.SZ,000078,20251209,93103000,46400,2351726,10930509,33937,0,,,56902476,271817860,49100,46400,48100,51400,46500,46600,46700,46800,46900,47000,47100,47200,47300,47400,36000,457809,56300,14000,475200,80500,506618,87400,224400,6100,46400,46300,0,0,0,0,0,0,0,0,2721874,15927500,0,0,0,0,0,0,0,0,53700,46300,35788775,18649374,0,0,0,0,0,
000078.SZ,000078,20251209,93106000,46600,2925300,13586735,35953,0,,,59827776,285404595,49100,46400,48100,51400,46600,46700,46800,46900,47000,47100,47200,47300,47400,47500,350009,58700,11100,462800,77000,457718,4800,197800,6100,12100,46500,46400,46300,0,0,0,0,0,0,0,400,1399274,16197700,0,0,0,0,0,0,0,53800,46300,35252675,17597374,0,0,0,0,0,
000078.SZ,000078,20251209,93109000,46500,1820750,8462469,37057,0,,,61648526,293867064,49100,46400,48100,51400,46600,46700,46800,46900,47000,47100,47200,47300,47400,47500,76909,57300,9300,366200,70700,437318,4800,188300,8700,12100,46500,46400,46300,0,0,0,0,0,0,0,80200,1211424,16260600,0,0,0,0,0,0,0,53900,46300,34851775,17552224,0,0,0,0,0,
000078.SZ,000078,20251209,93112000,46500,1475509,6868644,38066,0,,,63124035,300735708,49100,46400,48100,51400,46900,47000,47100,47200,47300,47400,47500,47600,47700,47800,308300,67900,407218,4800,174700,15800,6100,10700,113400,12600,46500,46400,46300,0,0,0,0,0,0,0,19400,1294315,16495800,0,0,0,0,0,0,0,54000,46300,34524816,17809515,0,0,0,0,0,
000078.SZ,000078,20251209,93115000,46500,1254700,5839226,39032,0,,,64378735,306574934,49100,46400,48100,51400,46900,47000,47100,47200,47300,47400,47500,47600,47700,47800,218800,55100,348318,4800,168000,15800,81000,10700,106400,17600,46500,46400,46300,0,0,0,0,0,0,0,11600,1377015,16474700,0,0,0,0,0,0,0,54000,46300,34387516,17863315,0,0,0,0,0,
000078.SZ,000078,20251209,93118000,46600,1353700,6305426,39963,0,,,65732435,312880360,49100,46400,48100,51400,46800,46900,47000,47100,47200,47300,47400,47500,47600,47700,18700,38700,65000,334218,8200,166300,15800,6200,10700,100300,46600,46500,46400,46300,0,0,0,0,0,0,10500,98600,1505915,16707400,0,0,0,0,0,0,54100,46300,33895916,18322415,0,0,0,0,0,
000078.SZ,000078,20251209,93121000,46700,766900,3585263,40515,0,,,66499335,316465623,49100,46400,48100,51400,47000,47100,47200,47300,47400,47500,47600,47700,47800,47900,40400,305618,8200,154300,15800,6200,19000,100300,17600,44500,46700,46600,46500,46400,46300,0,0,0,0,0,24200,69700,389500,1730215,16864400,0,0,0,0,0,54100,46300,33735516,19078015,0,0,0,0,0,
000078.SZ,000078,20251209,93124000,46800,1145850,5349724,41140,0,,,67645185,321815347,49100,46400,48100,51400,47000,47100,47200,47300,47400,47500,47600,47700,47800,47900,37500,237518,8300,149300,15800,6200,20500,99300,17600,34400,46900,46800,46700,46600,46500,46400,46300,0,0,0,30000,7800,61200,97300,429550,1686215,16961400,0,0,0,54100,46300,33650816,19273465,0,0,0,0,0,
000078.SZ,000078,20251209,93127000,47000,451200,2120231,41450,0,,,68096385,323935578,49100,46400,48100,51400,47100,47200,47300,47400,47500,47600,47700,47800,47900,48000,181518,8300,144400,15800,6500,20500,93500,16500,24300,254665,47000,46900,46800,46700,46600,46500,46400,46300,0,0,79100,159200,292400,162400,228600,576950,1633115,16930400,0,0,54100,46300,33526416,20062165,0,0,0,0,0,
000078.SZ,000078,20251209,93130000,47100,497700,2340978,41818,0,,,68594085,326276556,49100,46400,48100,51400,47100,47200,47300,47400,47500,47600,47700,47800,47900,48000,918,18400,107600,8900,6500,19500,90700,16500,24100,254665,47000,46900,46800,46700,46600,46500,46400,46300,0,0,546500,220600,572000,130600,274300,723750,1571515,16857500,0,0,54200,46400,33228916,20896765,0,0,0,0,0,
000078.SZ,000078,20251209,93133000,47300,253818,1196234,42048,0,,,68847903,327472790,49100,46400,48100,51400,47300,47400,47500,47600,47700,47800,47900,48000,48100,48200,80100,9800,4100,19500,89700,18600,24100,251265,129600,6300,47100,47000,46900,46800,46700,46600,46500,46400,46300,0,336700,947682,242400,517200,137300,293300,755250,1541315,16655800,0,54200,46400,33320698,21426947,0,0,0,0,0,
000078.SZ,000078,20251209,93136000,47400,323200,1528047,42279,0,,,69171103,329000837,49100,46400,48100,51400,47600,47700,47800,47900,48000,48100,48200,48300,48400,48500,1000,89700,13500,24100,250365,129600,6300,81250,126800,82500,47400,47300,47200,47100,47000,46900,46800,46700,46600,46500,1400,106300,5100,808600,919382,253500,502200,143800,314000,773250,54200,46400,33105098,22157547,0,0,0,0,0,
000078.SZ,000078,20251209,93139000,47600,328900,1559953,42521,0,,,69500003,330560790,49100,46400,48100,51400,47700,47800,47900,48000,48100,48200,48300,48400,48500,48600,59400,13500,56800,253465,109400,6300,76250,127500,84900,7200,47600,47500,47400,47300,47200,47100,47000,46900,46800,46700,14700,46500,33000,437600,41200,1014300,895182,244600,462600,143500,54200,46400,33102398,22656847,0,0,0,0,0,
000078.SZ,000078,20251209,93142000,47600,476100,2266769,42919,0,,,69976103,332827559,49100,46400,48100,51400,47700,47800,47900,48000,48100,48200,48300,48400,48500,48600,11900,22300,45000,221165,96100,6400,71150,125800,84900,8100,47600,47500,47400,47300,47200,47100,47000,46900,46800,46700,65500,69800,126400,518900,37400,928500,853782,264000,414700,146600,54300,46400,32900098,22657047,0,0,0,0,0,
000078.SZ,000078,20251209,93145000,47700,759300,3619997,43476,0,,,70735403,336447556,49100,46400,48100,51400,47800,47900,48000,48100,48200,48300,48400,48500,48600,48700,33100,66700,223265,96100,8100,71150,124000,85700,18100,7600,47700,47600,47500,47400,47300,47200,47100,47000,46900,46800,8500,70200,89200,126100,515600,21700,924900,784182,262300,412100,54300,46400,33028198,22548047,0,0,0,0,0,
000078.SZ,000078,20251209,93148000,47800,457700,2184193,43824,0,,,71193103,338631749,49100,46400,48100,51400,47900,48000,48100,48200,48300,48400,48500,48600,48700,48800,68400,269265,87400,6400,55350,121100,85500,18100,7600,105200,47800,47700,47600,47500,47400,47300,47200,47100,47000,46900,40300,347400,136300,97800,127500,529400,16300,813500,541782,258200,54300,46500,33025798,22596032,0,0,0,0,0,
000078.SZ,000078,20251209,93151000,47900,336900,1611257,44063,0,,,71530003,340243006,49100,46400,48100,51400,47900,48000,48100,48200,48300,48400,48500,48600,48700,48800,17600,256815,94300,6500,54950,141100,105700,18100,7600,105200,47800,47700,47600,47500,47400,47300,47200,47100,47000,46900,286800,718300,194400,117100,109800,440700,17700,762600,514182,304200,54200,46500,33455248,23218132,0,0,0,0,0,
000078.SZ,000078,20251209,93154000,48000,325900,1561437,44311,0,,,71855903,341804443,49100,46400,48100,51400,48000,48100,48200,48300,48400,48500,48600,48700,48800,48900,243215,94800,7600,59700,143500,119200,18600,7600,105200,62700,47900,47800,47700,47600,47500,47400,47300,47200,47100,47000,115600,592500,712500,235900,126000,96700,384600,17700,701400,479682,54200,46500,33544798,23454132,0,0,0,0,0,
000078.SZ,000078,20251209,93157000,48000,494000,2370981,44674,0,,,72349903,344175424,49100,46400,48100,51400,48100,48200,48300,48400,48500,48600,48700,48800,48900,49000,16215,7600,60400,141100,125550,18600,7600,107000,62700,248600,48000,47900,47800,47700,47600,47500,47400,47300,47200,47100,89700,760000,616200,607700,239100,111500,109700,349900,11700,639000,54300,46500,33241948,23981332,0,0,0,0,0,
000078.SZ,000078,20251209,93200000,48100,378215,1820017,44992,0,,,72728118,345995441,49100,46400,48100,51400,48200,48300,48400,48500,48600,48700,48800,48900,49000,49100,3100,22200,130100,121750,15600,7600,106600,65700,250300,166900,48100,48000,47900,47800,47700,47600,47500,47400,47300,47200,28100,376300,784600,553600,587300,215700,110200,105700,336700,17200,54300,46600,33040733,24081532,0,0,0,0,0,
000078.SZ,000078,20251209,93203000,48100,524965,2526018,45355,0,,,73253083,348521459,49100,46400,48100,51400,48200,48300,48400,48500,48600,48700,48800,48900,49000,49100,58500,86700,133700,79650,13700,342300,109800,65700,239300,170800,48100,48000,47900,47800,47700,47600,47500,47400,47300,47200,8135,581600,767800,516000,543700,201300,109700,90900,286400,17300,54200,46600,33459733,24102467,0,0,0,0,0,
000078.SZ,000078,20251209,93206000,48100,1947800,9350765,46543,0,,,75200883,357872224,49100,46400,48100,51400,48100,48200,48300,48400,48500,48600,48700,48800,48900,49000,52700,211700,68800,136100,219150,13200,342300,108800,65700,265000,48000,47900,47800,47700,47600,47500,47400,47300,47200,47100,2600,109335,475900,512200,195000,80100,90700,283700,19500,578400,54200,46500,33796033,22701767,0,0,0,0,0,
000078.SZ,000078,20251209,93209000,48000,820535,3936204,47144,0,,,76021418,361808428,49100,46400,48100,51400,48000,48100,48200,48300,48400,48500,48600,48700,48800,48900,158065,409700,216000,65300,134700,218550,16300,344100,108000,65900,47800,47700,47600,47500,47400,47300,47200,47100,47000,46900,359600,513600,186000,80200,90300,278400,20600,582000,448082,236100,54100,46500,34334598,22414932,0,0,0,0,0,
000078.SZ,000078,20251209,93212000,47900,1117357,5344200,47829,0,,,77138775,367152628,49100,46400,48100,51400,47800,47900,48000,48100,48200,48300,48400,48500,48600,48700,3200,33800,551215,523000,235500,49100,135500,219450,26100,344100,47700,47600,47500,47400,47300,47200,47100,47000,46900,46800,231243,180000,79200,72000,266900,20600,580400,446682,236300,260900,54000,46400,34827948,21874675,0,0,0,0,0,
000078.SZ,000078,20251209,93215000,47700,892986,4262021,48332,0,,,78031761,371414649,49100,46400,48100,51400,47700,47800,47900,48000,48100,48200,48300,48400,48500,48600,130957,273700,149000,574500,614300,57600,48900,135600,225050,27900,47600,47500,47400,47300,47200,47100,47000,46900,46800,46700,22757,84200,72400,264300,21500,572600,440782,237500,263200,147600,53900,46400,35347940,21603589,0,0,0,0,0,
000078.SZ,000078,20251209,93218000,47400,1449957,6905821,48840,0,,,79481718,378320470,49100,46400,48100,51400,47400,47500,47600,47700,47800,47900,48000,48100,48200,48300,9300,15000,143700,180400,373100,315800,544000,602200,56600,40700,47300,47200,47100,47000,46900,46800,46700,46600,46500,46400,140400,29200,528000,437982,230200,259200,152200,456300,1271950,1812100,53800,46400,35810683,21230432,0,0,0,0,0,
000078.SZ,000078,20251209,93221000,47300,564100,2672433,49209,0,,,80045818,380992903,49100,46400,48100,51400,47300,47400,47500,47600,47700,47800,47900,48000,48100,48200,103500,36500,3000,349200,192200,268900,333300,566300,581000,42500,47100,47000,46900,46800,46700,46600,46500,46400,46300,0,468800,452882,230200,648500,157900,459300,1302250,1823800,15896500,0,53800,46400,36433683,21440132,0,0,0,0,0,
000078.SZ,000078,20251209,93224000,47200,517900,2441750,49552,0,,,80563718,383434653,49100,46400,48100,51400,47200,47300,47400,47500,47600,47700,47800,47900,48000,48100,8400,736025,64900,4100,359900,159200,207100,288100,544100,577700,47100,47000,46900,46800,46700,46600,46500,46400,46300,0,93400,467982,230200,627800,159800,463600,1317850,1869400,15917900,0,53700,46400,36750658,21147932,0,0,0,0,0,
000078.SZ,000078,20251209,93227000,47000,381400,1796348,49874,0,,,80945118,385231001,49100,46400,48100,51400,47100,47200,47300,47400,47500,47600,47700,47800,47900,48000,319500,81450,750725,65900,4100,269700,144100,164000,287000,550200,47000,46900,46800,46700,46600,46500,46400,46300,0,0,361282,241400,633200,160100,464900,1290450,1873400,15900200,0,0,53700,46400,36773108,20924932,0,0,0,0,0,
000078.SZ,000078,20251209,93230000,47000,424700,1997090,50263,0,,,81369818,387228091,49100,46400,48100,51400,47100,47200,47300,47400,47500,47600,47700,47800,47900,48000,664000,247850,502125,65600,200,225300,118500,113200,268400,481300,47000,46900,46800,46700,46600,46500,46400,46300,0,0,67582,239500,644800,231800,464000,1270350,1887100,15844300,0,0,53700,46400,37102908,20649432,0,0,0,0,0,
000078.SZ,000078,20251209,93233000,46900,365982,1719389,50556,0,,,81735800,388947480,49100,46400,48100,51400,47000,47100,47200,47300,47400,47500,47600,47700,47800,47900,589418,805200,252050,457025,63300,400,214300,110200,124500,265200,46900,46800,46700,46600,46500,46400,46300,0,0,0,174900,660300,233000,467500,1310850,2071900,15858000,0,0,0,53600,46400,37803626,20776450,0,0,0,0,0,
000078.SZ,000078,20251209,93236000,46900,644400,3021791,51001,0,,,82380200,391969271,49100,46400,48100,51400,46900,47000,47100,47200,47300,47400,47500,47600,47700,47800,9000,873318,683000,262750,435925,60800,1500,210800,97400,124600,46800,46700,46600,46500,46400,46300,0,0,0,0,429400,255100,510400,1333350,2147300,15894700,0,0,0,0,53600,46300,38072526,20570250,0,0,0,0,0,
000078.SZ,000078,20251209,93239000,46800,542400,2540598,51256,0,,,82922600,394509869,49100,46400,48100,51400,46900,47000,47100,47200,47300,47400,47500,47600,47700,47800,360800,747318,608200,141250,395800,55000,1500,203500,85200,102600,46800,46700,46600,46500,46400,46300,0,0,0,0,135200,257500,548200,1366950,2233200,15798300,0,0,0,0,53600,46300,37967001,20339350,0,0,0,0,0,
000078.SZ,000078,20251209,93242000,46800,549000,2568782,51738,0,,,83471600,397078651,49100,46400,48100,51400,46800,46900,47000,47100,47200,47300,47400,47500,47600,47700,225300,380200,698418,623500,122650,380600,55000,2100,203400,78800,46700,46600,46500,46400,46300,0,0,0,0,0,138400,585300,1377150,2315400,15805400,0,0,0,0,0,53500,46300,38147501,20221650,0,0,0,0,0,
000078.SZ,000078,20251209,93245000,46700,474400,2216824,52067,0,,,83946000,399295475,49100,46400,48100,51400,46700,46800,46900,47000,47100,47200,47300,47400,47500,47600,57500,287000,381900,577118,569600,106450,371200,53800,2100,202300,46600,46500,46400,46300,0,0,0,0,0,0,663600,1465150,2349500,15838000,0,0,0,0,0,0,53600,46300,38083601,20316250,0,0,0,0,0,
000078.SZ,000078,20251209,93248000,46600,677100,3159827,52459,0,,,84623100,402455302,49100,46400,48100,51400,46700,46800,46900,47000,47100,47200,47300,47400,47500,47600,102500,279100,319500,529518,517700,106450,365300,44300,1900,192200,46600,46500,46400,46300,0,0,0,0,0,0,451300,1502750,2392200,15895800,0,0,0,0,0,0,53600,46300,38098201,20242050,0,0,0,0,0,
000078.SZ,000078,20251209,93251000,46600,844300,3938189,53100,0,,,85467400,406393491,49100,46400,48100,51400,46800,46900,47000,47100,47200,47300,47400,47500,47600,47700,190500,280600,494518,475100,105050,325700,44800,3700,190900,79900,46700,46600,46500,46400,46300,0,0,0,0,0,1500,118400,1573250,2497400,16018700,0,0,0,0,0,53600,46300,37698971,20209250,0,0,0,0,0,
000078.SZ,000078,20251209,93254000,46600,888200,4141818,53795,0,,,86355600,410535309,49100,46400,48100,51400,46600,46700,46800,46900,47000,47100,47200,47300,47400,47500,98400,57800,149900,274200,436918,454300,104850,323000,48000,4700,46500,46400,46300,0,0,0,0,0,0,0,1707950,2728000,16145400,0,0,0,0,0,0,0,53600,46300,37737471,20581350,0,0,0,0,0,
000078.SZ,000078,20251209,93257000,46500,956300,4458319,54494,0,,,87311900,414993628,49100,46400,48100,51400,46700,46800,46900,47000,47100,47200,47300,47400,47500,47600,21500,160100,255400,449918,431100,95050,317200,48000,4700,195800,46500,46400,46300,0,0,0,0,0,0,0,1633250,2814400,16289900,0,0,0,0,0,0,0,53600,46300,37598971,20737550,0,0,0,0,0,
000078.SZ,000078,20251209,93300000,46600,764900,3564542,55204,0,,,88076800,418558170,49100,46400,48100,51400,46700,46800,46900,47000,47100,47200,47300,47400,47500,47600,3600,115000,242400,412718,445000,95800,302300,48100,5100,195200,46600,46500,46400,46300,0,0,0,0,0,0,7000,1633350,2956900,16391400,0,0,0,0,0,0,53700,46300,37408871,20988650,0,0,0,0,0,
000078.SZ,000078,20251209,93303000,46600,878700,4099463,55799,0,,,88955500,422657633,49100,46400,48100,51400,46700,46800,46900,47000,47100,47200,47300,47400,47500,47600,1900,24900,166700,377818,402900,95800,301900,48100,5300,92500,46600,46500,46400,46300,0,0,0,0,0,0,71600,1940250,3112600,16481300,0,0,0,0,0,0,53700,46300,36951571,21605750,0,0,0,0,0,
000078.SZ,000078,20251209,93306000,46700,612000,2857060,56242,0,,,89567500,425514693,49100,46400,48100,51400,46900,47000,47100,47200,47300,47400,47500,47600,47700,47800,143200,363618,387300,96100,299000,14000,5300,90800,70000,82800,46700,46600,46500,46400,46300,0,0,0,0,0,152500,418800,2155350,3224400,16505100,0,0,0,0,0,53800,46300,36731571,22456150,0,0,0,0,0,
000078.SZ,000078,20251209,93309000,46900,919400,4300230,56608,0,,,90486900,429814923,49100,46400,48100,51400,47000,47100,47200,47300,47400,47500,47600,47700,47800,47900,272518,375500,109500,298900,14800,6300,89800,71000,86900,89800,46900,46800,46700,46600,46500,46400,46300,0,0,0,10800,1000,843200,783300,2555950,3323500,16534500,0,0,0,53800,46400,36651071,24052250,0,0,0,0,0,
000078.SZ,000078,20251209,93312000,46900,438100,2050584,56866,0,,,90925000,431865507,49100,46400,48100,51400,46900,47000,47100,47200,47300,47400,47500,47600,47700,47800,17600,242918,372600,109600,297200,15300,9000,92800,71000,89500,46800,46700,46600,46500,46400,46300,0,0,0,0,1300,999800,991000,2610050,3309200,16593500,0,0,0,0,53800,46400,36640171,24504850,0,0,0,0,0,
000078.SZ,000078,20251209,93315000,47000,390400,1830150,57166,0,,,91315400,433695657,49100,46400,48100,51400,47000,47100,47200,47300,47400,47500,47600,47700,47800,47900,178218,372000,110400,299800,15300,8100,94800,71100,89400,89300,46900,46800,46700,46600,46500,46400,46300,0,0,0,19100,45000,951500,978500,2622850,3353100,16516000,0,0,0,53800,46400,36556671,24486050,0,0,0,0,0,
000078.SZ,000078,20251209,93318000,46900,409700,1922040,57556,0,,,91725100,435617697,49100,46400,48100,51400,47000,47100,47200,47300,47400,47500,47600,47700,47800,47900,100918,361800,110400,299800,15400,9100,96400,71400,95100,128800,46900,46800,46700,46600,46500,46400,46300,0,0,0,19800,15000,788600,990600,2598850,3367200,16493000,0,0,0,53800,46400,36646901,24273050,0,0,0,0,0,
000078.SZ,000078,20251209,93321000,47000,318518,1497362,57763,0,,,92043618,437115059,49100,46400,48100,51400,47100,47200,47300,47400,47500,47600,47700,47800,47900,48000,434000,97500,299400,17200,14100,90900,71400,75000,140200,585550,47000,46900,46800,46700,46600,46500,46400,46300,0,0,522382,204400,39300,783900,987000,2636550,3384100,16425700,0,0,53800,46400,36629883,24983332,0,0,0,0,0,
000078.SZ,000078,20251209,93324000,47000,610700,2871261,58032,0,,,92654318,439986320,49100,46400,48100,51400,47100,47200,47300,47400,47500,47600,47700,47800,47900,48000,345300,80400,301400,17200,14100,91100,72600,77000,141000,587950,47000,46900,46800,46700,46600,46500,46400,46300,0,0,363282,393500,79600,740300,1005800,2687850,3433100,16449300,0,0,53800,46400,36506283,25152732,0,0,0,0,0,
000078.SZ,000078,20251209,93327000,47000,510150,2399531,58350,0,,,93164468,442385851,49100,46400,48100,51400,47100,47200,47300,47400,47500,47600,47700,47800,47900,48000,167100,84900,299300,18300,14100,88100,72100,77800,105800,586050,47000,46900,46800,46700,46600,46500,46400,46300,0,0,329032,490800,100300,771500,1034100,2766050,3495900,16447300,0,0,53900,46400,36324783,25434982,0,0,0,0,0,
000078.SZ,000078,20251209,93330000,47100,461900,2172955,58735,0,,,93626368,444558806,49100,46400,48100,51400,47200,47300,47400,47500,47600,47700,47800,47900,48000,48100,96200,298400,18300,16900,88900,77700,79800,102000,571350,518350,47100,47000,46900,46800,46700,46600,46500,46400,46300,0,2100,271832,528200,120800,789600,1066500,2818150,3581400,16653400,0,53900,46400,36169383,25831982,0,0,0,0,0,
000078.SZ,000078,20251209,93333000,47100,232400,1095113,58881,0,,,93858768,445653919,49100,46400,48100,51400,47200,47300,47400,47500,47600,47700,47800,47900,48000,48100,53700,300400,18600,35400,88900,77700,79800,103900,565550,518350,47100,47000,46900,46800,46700,46600,46500,46400,46300,0,108200,377532,517300,126500,790200,1088400,2866550,3610200,16625400,0,53900,46400,36225683,26110282,0,0,0,0,0,
000078.SZ,000078,20251209,93336000,47000,421815,1987982,59259,0,,,94280583,447641901,49100,46400,48100,51400,47100,47300,47400,47500,47600,47700,47800,47900,48000,48100,1400,352700,18800,37450,96300,72700,79900,109300,569750,503450,47000,46900,46800,46700,46600,46500,46400,46300,0,0,348917,565100,151800,774500,1108500,2909350,3671000,16608200,0,0,53900,46400,36230433,26137367,0,0,0,0,0,
000078.SZ,000078,20251209,93339000,47200,357900,1687373,59500,0,,,94638483,449329274,49100,46400,48100,51400,47200,47300,47400,47500,47600,47700,47800,47900,48000,48100,8000,355200,18300,40350,95300,71900,79600,109900,569750,516550,47100,47000,46900,46800,46700,46600,46500,46400,46300,0,9600,440717,544500,233800,756400,1141900,2877950,3710200,16611100,0,53900,46400,36297333,26326167,0,0,0,0,0,
000078.SZ,000078,20251209,93342000,47100,328900,1548212,59788,0,,,94967383,450877486,49100,46400,48100,51400,47200,47300,47400,47500,47600,47700,47800,47900,48000,48100,43500,294600,18300,40350,95000,70400,82800,109900,582750,507050,47100,47000,46900,46800,46700,46600,46500,46400,46300,0,1900,483317,577100,234100,739800,1169600,2951050,3731100,16623400,0,53900,46400,36409033,26511367,0,0,0,0,0,
000078.SZ,000078,20251209,93345000,47200,435900,2055144,60015,0,,,95403283,452932630,49100,46400,48100,51400,47300,47400,47500,47600,47700,47800,47900,48000,48100,48200,242600,18500,41650,95000,69600,82800,107500,565150,510950,49400,47200,47100,47000,46900,46800,46700,46600,46500,46400,46300,6000,87900,463917,520600,236200,746800,1179800,2966850,3812500,16658300,53900,46400,36404233,26678867,0,0,0,0,0,
000078.SZ,000078,20251209,93348000,47200,131200,619362,60139,0,,,95534483,453551992,49100,46400,48100,51400,47300,47400,47500,47600,47700,47800,47900,48000,48100,48200,227000,18100,53250,95000,69600,82800,107800,564750,510250,49400,47200,47100,47000,46900,46800,46700,46600,46500,46400,46300,60800,271600,510117,528400,243700,755800,1177600,2948950,3832900,16627900,53900,46400,36515033,26957767,0,0,0,0,0,
000078.SZ,000078,20251209,93351000,47300,395500,1868662,60375,0,,,95929983,455420654,49100,46400,48100,51400,47300,47400,47500,47600,47700,47800,47900,48000,48100,48200,56300,22500,53550,95100,99600,104700,105900,571650,509350,48900,47200,47100,47000,46900,46800,46700,46600,46500,46400,46300,34900,318200,535617,544000,253300,760600,1187000,2968550,3846800,16653200,53900,46400,36495733,27102167,0,0,0,0,0,
000078.SZ,000078,20251209,93354000,47200,442700,2091101,60695,0,,,96372683,457511755,49100,46400,48100,51400,47400,47500,47600,47700,47800,47900,48000,48100,48200,48300,23800,53650,97400,101800,129700,155900,591750,509350,50900,52800,47300,47200,47100,47000,46900,46800,46700,46600,46500,46400,300,6000,248300,550517,496400,223300,773400,1192800,2956750,3886200,53900,46400,36595933,27058667,0,0,0,0,0,
000078.SZ,000078,20251209,93357000,47100,226200,1068124,60866,0,,,96598883,458579879,49100,46400,48100,51400,47200,47300,47400,47500,47600,47700,47800,47900,48000,48100,56200,43700,26500,57350,95400,104800,129900,155900,593650,509350,47100,47000,46900,46800,46700,46600,46500,46400,46300,0,237800,579100,475500,229400,758000,1195300,2992450,3915500,16688600,0,53900,46400,36615233,27071650,0,0,0,0,0,
000078.SZ,000078,20251209,93400000,47100,354250,1671687,61140,0,,,96953133,460251566,49100,46400,48100,51400,47200,47300,47400,47500,47600,47700,47800,47900,48000,48100,5300,34750,26900,61450,97900,105000,129900,155400,604150,509150,47100,47000,46900,46800,46700,46600,46500,46400,46300,0,135350,614900,482800,344500,764900,1187000,3001450,3939000,16674800,0,53900,46400,36584783,27144700,0,0,0,0,0,
000078.SZ,000078,20251209,93403000,47100,272400,1285375,61367,0,,,97225533,461536941,49100,46400,48100,51400,47200,47300,47400,47500,47600,47700,47800,47900,48000,48100,92100,124750,26900,67350,125300,105000,143300,153500,604450,512750,47100,47000,46900,46800,46700,46600,46500,46400,46300,0,190150,718000,471600,365100,769200,1177900,3011950,3959300,16666600,0,53900,46400,36801983,27329800,0,0,0,0,0,
000078.SZ,000078,20251209,93406000,47100,525050,2474072,61815,0,,,97750583,464011013,49100,46400,48100,51400,47100,47200,47300,47400,47500,47600,47700,47800,47900,48000,5700,87050,111550,32200,67850,127300,104000,143600,156700,606150,47000,46900,46800,46700,46600,46500,46400,46300,0,0,716100,475200,375200,770800,1180700,3066550,3964100,16654000,0,0,53900,46400,36837733,27202650,0,0,0,0,0,
000078.SZ,000078,20251209,93409000,47100,341600,1607792,62146,0,,,98092183,465618805,49100,46400,48100,51400,47100,47200,47300,47400,47500,47600,47700,47800,47900,48000,123800,138650,123350,31100,68650,132000,103500,143600,158800,611950,47000,46900,46800,46700,46600,46500,46400,46300,0,0,666400,485400,403300,773400,1207000,3093950,4142300,16406300,0,0,53900,46400,37138433,27178050,0,0,0,0,0,
000078.SZ,000078,20251209,93412000,47100,498000,2341957,62573,0,,,98590183,467960762,49100,46400,48100,51400,47100,47200,47300,47400,47500,47600,47700,47800,47900,48000,172500,135350,108100,30300,45650,128200,101700,144800,178800,616850,47000,46900,46800,46700,46600,46500,46400,46300,0,0,386600,493100,426600,783000,1221800,3098150,4011900,16396700,0,0,53800,46400,37189083,26817850,0,0,0,0,0,
000078.SZ,000078,20251209,93415000,47100,504500,2373130,62963,0,,,99094683,470333892,49100,46400,48100,51400,47100,47200,47300,47400,47500,47600,47700,47800,47900,48000,108500,135750,108100,30300,46550,128800,101700,145100,176000,639450,47000,46900,46800,46700,46600,46500,46400,46300,0,0,160700,479000,474900,787300,1228000,3112550,4020000,16418900,0,0,53900,46400,37266683,26681350,0,0,0,0,0,
000078.SZ,000078,20251209,93418000,46800,1155300,5426517,63641,0,,,100249983,475760409,49100,46400,48100,51400,47000,47100,47200,47300,47400,47500,47600,47700,47800,47900,2600,8900,60300,113300,30300,65550,126900,101700,145100,177400,46800,46700,46600,46500,46400,46300,0,0,0,0,481200,800900,1231800,3052150,4056000,16444500,0,0,0,0,53900,46400,37591333,26066550,0,0,0,0,0,
000078.SZ,000078,20251209,93421000,46800,300700,1410894,63934,0,,,100550683,477171303,49100,46400,48100,51400,47000,47100,47200,47300,47400,47500,47600,47700,47800,47900,4200,46450,61000,115500,30400,71350,122500,102100,191800,177500,46800,46700,46600,46500,46400,46300,0,0,0,0,378600,804300,1263600,3054350,4040800,16430800,0,0,0,0,53900,46400,37769883,25972450,0,0,0,0,0,
000078.SZ,000078,20251209,93424000,46800,486400,2277463,64202,0,,,101037083,479448766,49100,46400,48100,51400,46900,47000,47100,47200,47300,47400,47500,47600,47700,47800,900,246700,116450,69300,79200,30400,73150,122500,101800,163800,46800,46700,46600,46500,46400,46300,0,0,0,0,23700,809700,1269800,3101450,4054300,16393600,0,0,0,0,53800,46400,38075383,25652550,0,0,0,0,0,
000078.SZ,000078,20251209,93427000,46800,325300,1521991,64445,0,,,101362383,480970757,49100,46400,48100,51400,46800,46900,47000,47100,47200,47300,47400,47500,47600,47700,99500,20200,266200,130650,59700,73300,89600,72250,122200,105800,46700,46600,46500,46400,46300,0,0,0,0,0,781400,1283600,3087950,4063200,16406900,0,0,0,0,0,53800,46400,38183883,25623050,0,0,0,0,0,
000078.SZ,000078,20251209,93430000,46700,344700,1612511,64638,0,,,101707083,482583268,49100,46400,48100,51400,46800,46900,47000,47100,47200,47300,47400,47500,47600,47700,129700,73400,353300,128850,53500,72100,109600,83850,121400,103800,46700,46600,46500,46400,46300,0,0,0,0,0,716100,1318900,3096450,4130700,16416800,0,0,0,0,0,53800,46400,38389283,25678950,0,0,0,0,0,
000078.SZ,000078,20251209,93433000,46700,595900,2786269,65051,0,,,102302983,485369537,49100,46400,48100,51400,46900,47000,47100,47200,47300,47400,47500,47600,47700,47800,58800,345400,193850,47800,72100,109600,84650,121400,103500,151500,46700,46600,46500,46400,46300,0,0,0,0,0,507500,1334200,3126850,4134400,16417300,0,0,0,0,0,53800,46400,38275483,25520250,0,0,0,0,0,
000078.SZ,000078,20251209,93436000,46800,728900,3405722,65568,0,,,103031883,488775259,49100,46400,48100,51400,46800,46900,47000,47100,47200,47300,47400,47500,47600,47700,28300,42300,462200,202450,39100,66100,109600,85650,122600,103500,46700,46600,46500,46400,46300,0,0,0,0,0,28400,1422000,3126450,4174500,16423600,0,0,0,0,0,53800,46400,38349083,25174950,0,0,0,0,0,
000078.SZ,000078,20251209,93439000,46600,612800,2861464,65870,0,,,103644683,491636723,49100,46400,48100,51400,46700,46800,46900,47000,47100,47200,47300,47400,47500,47600,53978,154900,60500,466700,201650,41900,65700,109600,89050,122900,46600,46500,46400,46300,0,0,0,0,0,0,1619300,3138550,4204100,16488800,0,0,0,0,0,0,53700,46400,38578461,25450750,0,0,0,0,0,
000078.SZ,000078,20251209,93442000,46600,367500,1715048,66165,0,,,104012183,493351771,49100,46400,48100,51400,46700,46800,46900,47000,47100,47200,47300,47400,47500,47600,195778,208800,95800,450100,203350,41900,66500,111600,89750,122900,46600,46500,46400,46300,0,0,0,0,0,0,1594400,3170650,4250900,16517700,0,0,0,0,0,0,53700,46400,38816861,25533650,0,0,0,0,0,
000078.SZ,000078,20251209,93445000,46600,548900,2558811,66567,0,,,104561083,495910582,49100,46400,48100,51400,46700,46800,46900,47000,47100,47200,47300,47400,47500,47600,284278,231400,96500,427500,200850,46500,65200,111800,90250,136800,46600,46500,46400,46300,0,0,0,0,0,0,1393400,3267550,4289100,16543600,0,0,0,0,0,0,53700,46400,38850361,25493650,0,0,0,0,0,
000078.SZ,000078,20251209,93448000,46700,908778,4238416,67218,0,,,105469861,500148998,49100,46400,48100,51400,46800,46900,47000,47100,47200,47300,47400,47500,47600,47700,185200,114000,346000,246650,46500,67800,96200,89750,137900,103000,46700,46600,46500,46400,46300,0,0,0,0,0,922,1072600,3320350,4257200,16529900,0,0,0,0,0,53700,46400,38511383,25180972,0,0,0,0,0,
000078.SZ,000078,20251209,93451000,46700,553700,2583968,67625,0,,,106023561,502732966,49100,46400,48100,51400,46800,46900,47000,47100,47200,47300,47400,47500,47600,47700,197900,113100,354300,226750,46500,67800,96000,103750,132600,103000,46700,46600,46500,46400,46300,0,0,0,0,0,19100,1086822,3423950,4259800,16601400,0,0,0,0,0,53700,46400,38724383,25391072,0,0,0,0,0,
000078.SZ,000078,20251209,93454000,46700,588300,2744801,67936,0,,,106611861,505477767,49100,46400,48100,51400,46700,46800,46900,47000,47100,47200,47300,47400,47500,47600,88600,219000,110900,360200,227050,56000,69000,96000,104550,132600,46600,46500,46400,46300,0,0,0,0,0,0,918822,3694250,4303300,16620000,0,0,0,0,0,0,53700,46400,38942283,25536372,0,0,0,0,0,
000078.SZ,000078,20251209,93457000,46700,456400,2129719,68303,0,,,107068261,507607486,49100,46400,48100,51400,46700,46800,46900,47000,47100,47200,47300,47400,47500,47600,181700,214800,117100,362800,227050,56100,69600,96000,103850,129400,46600,46500,46400,46300,0,0,0,0,0,0,864922,3734850,4278700,16679800,0,0,0,0,0,0,53700,46400,39048883,25558272,0,0,0,0,0,
000078.SZ,000078,20251209,93500000,46700,673700,3143030,68809,0,,,107741961,510750516,49100,46400,48100,51400,46700,46800,46900,47000,47100,47200,47300,47400,47500,47600,70500,220200,104400,380000,229250,62400,65100,96000,103050,129400,46600,46500,46400,46300,0,0,0,0,0,0,689622,3833850,4341600,16688100,0,0,0,0,0,0,53700,46400,38917883,25553172,0,0,0,0,0,
000078.SZ,000078,20251209,93503000,46700,584750,2730403,69161,0,,,108326711,513480919,49100,46400,48100,51400,46800,46900,47000,47100,47200,47300,47400,47500,47600,47700,145200,113700,380300,228950,63300,64500,96300,100050,129300,99100,46700,46600,46500,46400,46300,0,0,0,0,0,26200,682072,3858050,4402300,16697400,0,0,0,0,0,53700,46400,38810983,25666022,0,0,0,0,0,
000078.SZ,000078,20251209,93506000,46700,381200,1780289,69455,0,,,108707911,515261208,49100,46400,48100,51400,46800,46900,47000,47100,47200,47300,47400,47500,47600,47700,90600,113700,298100,229950,52700,64500,96300,104150,129300,99100,46700,46600,46500,46400,46300,0,0,0,0,0,88400,846272,3836050,4469600,16688100,0,0,0,0,0,53700,46400,38717583,25928422,0,0,0,0,0,
000078.SZ,000078,20251209,93509000,46700,334350,1562535,69714,0,,,109042261,516823743,49100,46400,48100,51400,46800,46900,47000,47100,47200,47300,47400,47500,47600,47700,600,104600,297500,230650,52000,70000,96800,104250,129300,98100,46700,46600,46500,46400,46300,0,0,0,0,0,250350,936872,3878650,4514900,16752800,0,0,0,0,0,53700,46400,38693083,26333572,0,0,0,0,0,
000078.SZ,000078,20251209,93512000,46800,263165,1231247,69924,0,,,109305426,518054990,49100,46400,48100,51400,46900,47000,47100,47200,47300,47400,47500,47600,47700,47800,125700,307500,229950,55000,70000,96800,104350,129300,98100,147800,46800,46700,46600,46500,46400,46300,0,0,0,0,22835,382650,1104772,3888950,4530000,16794300,0,0,0,0,53700,46400,38720483,26723507,0,0,0,0,0,
000078.SZ,000078,20251209,93515000,46800,453800,2123490,70198,0,,,109759226,520178480,49100,46400,48100,51400,47000,47100,47200,47300,47400,47500,47600,47700,47800,47900,394700,233050,75000,65600,96800,109350,131800,98100,149500,282600,46800,46700,46600,46500,46400,46300,0,0,0,0,6400,295885,1238572,3879650,4494700,16789300,0,0,0,0,53700,46400,38719233,26704507,0,0,0,0,0,
000078.SZ,000078,20251209,93518000,46800,288800,1351833,70423,0,,,110048026,521530313,49100,46400,48100,51400,46800,47000,47100,47200,47300,47400,47500,47600,47700,47800,94690,381100,231050,74300,65600,96700,111750,131300,98100,149200,46700,46600,46500,46400,46300,0,0,0,0,0,412285,1234372,3935750,4515200,16736000,0,0,0,0,0,53700,46400,38986823,26833607,0,0,0,0,0,
000078.SZ,000078,20251209,93521000,46800,303100,1417730,70675,0,,,110351126,522948043,49100,46400,48100,51400,46800,46900,47000,47100,47200,47300,47400,47500,47600,47700,61490,3700,380300,231150,74300,76600,96800,179950,131900,98100,46700,46600,46500,46400,46300,0,0,0,0,0,379400,1226072,3984450,4541100,16708000,0,0,0,0,0,53700,46400,39011073,26839022,0,0,0,0,0,
000078.SZ,000078,20251209,93524000,46800,249870,1168663,70920,0,,,110600996,524116706,49100,46400,48100,51400,47000,47100,47200,47300,47400,47500,47600,47700,47800,47900,384100,177850,82400,76600,97100,191950,142000,98100,149400,287200,46800,46700,46600,46500,46400,46300,0,0,0,0,43400,399730,1395472,4019850,4627100,16669200,0,0,0,0,53700,46400,39003483,27154752,0,0,0,0,0,
000078.SZ,000078,20251209,93527000,46800,194300,909502,71118,0,,,110795296,525026208,49100,46400,48100,51400,47000,47100,47200,47300,47400,47500,47600,47700,47800,47900,407400,176950,83500,76500,97100,191550,142000,98100,149400,287200,46800,46700,46600,46500,46400,46300,0,0,0,0,166300,473530,1469772,4074550,4689800,16726900,0,0,0,0,53700,46400,38887783,27600852,0,0,0,0,0,
000078.SZ,000078,20251209,93530000,47000,397700,1863453,71308,0,,,111192996,526889661,49100,46400,48100,51400,47000,47100,47200,47300,47400,47500,47600,47700,47800,47900,236800,175250,85000,76500,97600,192550,141800,98100,154200,287200,46800,46700,46600,46500,46400,46300,0,0,0,0,125100,562430,1493972,4095450,4729100,16702200,0,0,0,0,53700,46400,38843583,27708252,0,0,0,0,0,
000078.SZ,000078,20251209,93533000,46900,250400,1173607,71552,0,,,111443396,528063268,49100,46400,48100,51400,46900,47000,47100,47200,47300,47400,47500,47600,47700,47800,2900,185800,175250,85000,83900,101350,192550,141800,98100,154200,46800,46700,46600,46500,46400,46300,0,0,0,0,101400,613730,1515672,4106050,4761900,16686900,0,0,0,0,53700,46400,38826333,27785652,0,0,0,0,0,
000078.SZ,000078,20251209,93536000,46900,321950,1511090,71813,0,,,111765346,529574358,49100,46400,48100,51400,47000,47100,47200,47300,47400,47500,47600,47700,47800,47900,47800,185850,85000,83900,101150,194050,142100,98100,154200,287100,46900,46800,46700,46600,46500,46400,46300,0,0,0,27550,86100,655930,1549072,3941750,4785000,16713800,0,0,0,53800,46400,38728533,27759202,0,0,0,0,0,
000078.SZ,000078,20251209,93539000,46900,277950,1303894,72051,0,,,112043296,530878252,49100,46400,48100,51400,47000,47100,47200,47300,47400,47500,47600,47700,47800,47900,10000,188050,85400,84100,101250,190050,142100,106300,162300,287100,46900,46800,46700,46600,46500,46400,46300,0,0,0,4400,120100,719330,1527572,3961550,4776100,16757700,0,0,0,53800,46400,38754433,27866752,0,0,0,0,0,
000078.SZ,000078,20251209,93542000,47000,345900,1621405,72314,0,,,112389196,532499657,49100,46400,48100,51400,47000,47100,47200,47300,47400,47500,47600,47700,47800,47900,60000,188550,86900,85100,103950,190050,142100,106300,162600,287100,46900,46800,46700,46600,46500,46400,46300,0,0,0,12000,55200,758630,1621072,3969650,4782300,16758500,0,0,0,53800,46400,38849983,27957352,0,0,0,0,0,
000078.SZ,000078,20251209,93545000,46900,278100,1305247,72477,0,,,112667296,533804904,49100,46400,48100,51400,46900,47000,47100,47200,47300,47400,47500,47600,47700,47800,45000,53100,189050,80200,85300,106850,205150,142100,106300,162600,46800,46700,46600,46500,46400,46300,0,0,0,0,121300,775330,1685772,4057650,4797100,16763200,0,0,0,0,53700,46400,39053583,28200352,0,0,0,0,0,
000078.SZ,000078,20251209,93548000,46900,354300,1660276,72775,0,,,113021596,535465180,49100,46400,48100,51400,46900,47000,47100,47200,47300,47400,47500,47600,47700,47800,27300,89400,196650,87400,85300,106850,202450,142600,106300,162600,46800,46700,46600,46500,46400,46300,0,0,0,0,8600,804130,1636472,4049450,4819300,16744200,0,0,0,0,53700,46400,39137633,28062152,0,0,0,0,0,
000078.SZ,000078,20251209,93551000,46900,240000,1124896,73060,0,,,113261596,536590076,49100,46400,48100,51400,46800,46900,47000,47100,47200,47300,47400,47500,47600,47700,400,2700,104000,197350,90400,86000,109850,203750,142600,96100,46700,46600,46500,46400,46300,0,0,0,0,0,813930,1670572,4031350,4822300,16748800,0,0,0,0,0,53700,46400,39176533,28086952,0,0,0,0,0,
000078.SZ,000078,20251209,93554000,46800,278400,1305042,73242,0,,,113539996,537895118,49100,46400,48100,51400,47000,47100,47200,47300,47400,47500,47600,47700,47800,47900,110100,197950,91100,86000,110050,219750,142600,96100,153900,282900,46800,46700,46600,46500,46400,46300,0,0,0,0,7300,872730,1711972,4050850,4798000,16737900,0,0,0,0,53700,46400,39218633,28178752,0,0,0,0,0,
000078.SZ,000078,20251209,93557000,46700,322600,1509519,73479,0,,,113862596,539404637,49100,46400,48100,51400,47000,47100,47200,47300,47400,47500,47600,47700,47800,47900,152100,190150,90100,71400,113050,222550,142000,96100,153900,282900,46700,46600,46500,46400,46300,0,0,0,0,0,843730,1764172,4053050,4849200,16686600,0,0,0,0,0,53700,46400,39204133,28196752,0,0,0,0,0,
000078.SZ,000078,20251209,93600000,46800,180800,845911,73644,0,,,114043396,540250548,49100,46400,48100,51400,46800,46900,47000,47100,47200,47300,47400,47500,47600,47700,11800,40000,148100,189750,90700,71400,113350,220650,142000,96100,46700,46600,46500,46400,46300,0,0,0,0,0,890930,1787472,4041650,4922800,16659000,0,0,0,0,0,53700,46400,39337833,28301852,0,0,0,0,0,
000078.SZ,000078,20251209,93603000,46700,364200,1702255,73905,0,,,114407596,541952803,49100,46400,48100,51400,46800,46900,47000,47100,47200,47300,47400,47500,47600,47700,29300,175900,270100,191350,90900,77700,113650,222950,142000,95900,46700,46600,46500,46400,46300,0,0,0,0,0,748730,1821172,4062650,4947600,16902000,0,0,0,0,0,53700,46400,39630833,28482152,0,0,0,0,0,
000078.SZ,000078,20251209,93606000,46800,514250,2404953,74209,0,,,114921846,544357756,49100,46400,48100,51400,46800,46900,47000,47100,47200,47300,47400,47500,47600,47700,1000,248700,295000,212050,110500,77700,110650,222950,142300,95900,46700,46600,46500,46400,46300,0,0,0,0,0,651880,1852572,4111050,4956100,16893200,0,0,0,0,0,53700,46400,39747633,28464802,0,0,0,0,0,
000078.SZ,000078,20251209,93609000,46900,261010,1221438,74392,0,,,115182856,545579194,49100,46400,48100,51400,46800,46900,47000,47100,47200,47300,47400,47500,47600,47700,1900,216700,326200,212050,111000,77500,110650,227150,145800,98500,46700,46600,46500,46400,46300,0,0,0,0,0,786870,2066272,4146750,5038000,16909200,0,0,0,0,0,53700,46400,39793133,28947092,0,0,0,0,0,
000078.SZ,000078,20251209,93612000,46700,324900,1519792,74645,0,,,115507756,547098986,49100,46400,48100,51400,46900,47000,47100,47200,47300,47400,47500,47600,47700,47800,215500,331100,212350,111200,77500,110950,224250,145800,98500,159500,46700,46600,46500,46400,46300,0,0,0,0,0,813570,2170872,4145050,5048900,16917200,0,0,0,0,0,53700,46400,39813933,29095592,0,0,0,0,0,
000078.SZ,000078,20251209,93615000,46800,214900,1005874,74804,0,,,115722656,548104860,49100,46400,48100,51400,46900,47000,47100,47200,47300,47400,47500,47600,47700,47800,175400,334700,211850,117500,84600,110950,220650,145800,98500,159500,46800,46700,46600,46500,46400,46300,0,0,0,0,23200,1218170,2048172,4159550,5077800,16853500,0,0,0,0,53700,46400,39805933,29380392,0,0,0,0,0,
000078.SZ,000078,20251209,93618000,46800,152500,713969,74963,0,,,115875156,548818829,49100,46400,48100,51400,46900,47000,47100,47200,47300,47400,47500,47600,47700,47800,223400,352900,213950,117000,85500,111850,222050,145800,98100,164800,46800,46700,46600,46500,46400,46300,0,0,0,0,15900,1351770,2154972,4058150,5075800,16892400,0,0,0,0,53600,46400,39871833,29548992,0,0,0,0,0,
000078.SZ,000078,20251209,93621000,46800,396800,1856849,75192,0,,,116271956,550675678,49100,46400,48100,51400,46800,46900,47000,47100,47200,47300,47400,47500,47600,47700,47100,181400,384300,225950,117000,85600,111850,223350,145500,98100,46700,46600,46500,46400,46300,0,0,0,0,0,1503870,2198372,4066350,5181400,16928500,0,0,0,0,0,53600,46400,39972033,29878492,0,0,0,0,0,
000078.SZ,000078,20251209,93624000,46800,225000,1052277,75363,0,,,116496956,551727955,49100,46400,48100,51400,46800,46900,47000,47100,47200,47300,47400,47500,47600,47700,260350,181100,404700,226750,117200,87000,111850,224850,135600,100000,46700,46600,46500,46400,46300,0,0,0,0,0,1485670,2118172,4066350,5190500,16962200,0,0,0,0,0,53600,46400,40247483,29822892,0,0,0,0,0,
000078.SZ,000078,20251209,93627000,46700,331100,1548093,75636,0,,,116828056,553276048,49100,46400,48100,51400,46800,46900,47000,47100,47200,47300,47400,47500,47600,47700,219950,303100,415700,220050,117300,87000,111850,211150,135600,100000,46700,46600,46500,46400,46300,0,0,0,0,0,1426670,2133672,4464450,5188300,16972500,0,0,0,0,0,53600,46400,40405583,30185592,0,0,0,0,0,
000078.SZ,000078,20251209,93630000,46800,402000,1879031,75956,0,,,117230056,555155079,49100,46400,48100,51400,46800,46900,47000,47100,47200,47300,47400,47500,47600,47700,156850,300100,425900,215150,116400,87000,111850,218250,135600,100000,46700,46600,46500,46400,46300,0,0,0,0,0,1262970,2141572,4399850,5211400,17005400,0,0,0,0,0,53600,46400,40386583,30021192,0,0,0,0,0,
000078.SZ,000078,20251209,93633000,46800,593850,2777005,76319,0,,,117823906,557932084,49100,46400,48100,51400,46900,47000,47100,47200,47300,47400,47500,47600,47700,47800,312700,632500,213950,115900,87000,112665,219250,135000,98100,142200,46800,46700,46600,46500,46400,46300,0,0,0,0,264550,1193370,2265772,4312050,5215900,17042200,0,0,0,0,53600,46400,40596748,30293842,0,0,0,0,0,
000078.SZ,000078,20251209,93636000,46800,545100,2549779,76527,0,,,118369006,560481863,49100,46400,48100,51400,46800,46900,47000,47100,47200,47300,47400,47500,47600,47700,2300,318700,644800,213950,115900,79600,112665,219250,134400,98100,46700,46600,46500,46400,46300,0,0,0,0,0,1107920,2309972,4312550,5230500,17071900,0,0,0,0,0,53600,46400,40608248,30032842,0,0,0,0,0,
000078.SZ,000078,20251209,93639000,46800,311600,1459630,76717,0,,,118680606,561941493,49100,46400,48100,51400,46900,47000,47100,47200,47300,47400,47500,47600,47700,47800,386700,644400,215450,117400,79600,112665,222850,134700,98100,142200,46800,46700,46600,46500,46400,46300,0,0,0,0,95200,1222920,2401472,4391450,5206300,17063500,0,0,0,0,53600,46400,40632548,30380842,0,0,0,0,0,
000078.SZ,000078,20251209,93642000,46800,259900,1215978,76898,0,,,118940506,563157471,49100,46400,48100,51400,46800,46900,47000,47100,47200,47300,47400,47500,47600,47700,47900,386900,656500,208650,120300,79600,114265,222750,134700,98100,46700,46600,46500,46400,46300,0,0,0,0,0,1356820,2171672,4402350,5218100,17167900,0,0,0,0,0,53600,46400,40750448,30316842,0,0,0,0,0,
000078.SZ,000078,20251209,93645000,46800,216800,1014170,77134,0,,,119157306,564171641,49100,46400,48100,51400,46800,46900,47000,47100,47200,47300,47400,47500,47600,47700,40500,383400,660300,206650,119300,79800,114265,222950,134700,98100,46700,46600,46500,46400,46300,0,0,0,0,0,1358100,2198172,4483250,5219500,17172800,0,0,0,0,0,53600,46400,40728848,30431822,0,0,0,0,0,
000078.SZ,000078,20251209,93648000,46700,262100,1226151,77378,0,,,119419406,565397792,49100,46400,48100,51400,46800,46900,47000,47100,47200,47300,47400,47500,47600,47700,40921,391300,658600,208550,122700,79800,114265,222950,135200,97900,46700,46600,46500,46400,46300,0,0,0,0,0,1408900,2254372,4493350,5219700,17182800,0,0,0,0,0,53600,46400,40701869,30559122,0,0,0,0,0,
000078.SZ,000078,20251209,93651000,46800,277300,1296923,77616,0,,,119696706,566694715,49100,46400,48100,51400,46800,46900,47000,47100,47200,47300,47400,47500,47600,47700,14721,419600,665900,188650,122700,81200,112965,222950,134700,97900,46700,46600,46500,46400,46300,0,0,0,0,0,1378900,2275472,4505450,5229200,17186800,0,0,0,0,0,53600,46400,40680269,30575822,0,0,0,0,0,
000078.SZ,000078,20251209,93654000,46800,139771,654206,77760,0,,,119836477,567348921,49100,46400,48100,51400,46900,47000,47100,47200,47300,47400,47500,47600,47700,47800,482900,680500,190150,122700,80200,112965,222950,135100,97900,141500,46800,46700,46600,46500,46400,46300,0,0,0,0,26329,1689300,2285672,4593450,5190600,17187800,0,0,0,0,53600,46400,40683648,30973151,0,0,0,0,0,
000078.SZ,000078,20251209,93657000,46800,281900,1318297,78022,0,,,120118377,568667218,49100,46400,48100,51400,46800,46900,47000,47100,47200,47300,47400,47500,47600,47700,9700,484100,721700,189550,128650,80200,112865,222950,121300,97900,46700,46600,46500,46400,46300,0,0,0,0,0,1696429,2348172,4604950,5096500,17181600,0,0,0,0,0,53600,46400,40733698,30927651,0,0,0,0,0,
000078.SZ,000078,20251209,93700000,46700,247600,1157391,78171,0,,,120365977,569824609,49100,46400,48100,51400,46800,46900,47000,47100,47200,47300,47400,47500,47600,47700,37700,488900,743000,196450,128650,80200,112865,222950,121300,96300,46700,46600,46500,46400,46300,0,0,0,0,0,1624929,2386072,4610550,5105500,17243000,0,0,0,0,0,53600,46400,40778698,30970051,0,0,0,0,0,
000078.SZ,000078,20251209,93703000,46800,619600,2897051,78533,0,,,120985577,572721660,49100,46400,48100,51400,46800,46900,47000,47100,47200,47300,47400,47500,47600,47700,28800,445600,750500,196450,126950,80200,112865,230650,121300,96300,46700,46600,46500,46400,46300,0,0,0,0,0,1345329,2388372,4589250,5127600,17277900,0,0,0,0,0,53600,46400,40845898,30728451,0,0,0,0,0,
000078.SZ,000078,20251209,93706000,46700,322400,1506978,78796,0,,,121307977,574228638,49100,46400,48100,51400,46800,46900,47000,47100,47200,47300,47400,47500,47600,47700,47200,440300,619000,196250,130550,80300,112865,231150,121300,96300,46700,46600,46500,46400,46300,0,0,0,0,0,1236429,2425072,4579250,5135100,17371300,0,0,0,0,0,53600,46400,40730998,30747151,0,0,0,0,0,
000078.SZ,000078,20251209,93709000,46800,186800,873093,78964,0,,,121494777,575101731,49100,46400,48100,51400,46800,46900,47000,47100,47200,47300,47400,47500,47600,47700,66300,432700,584800,196250,128150,77400,112865,234850,121300,96300,46700,46600,46500,46400,46300,0,0,0,0,0,1252329,2434472,4583250,5154100,17374900,0,0,0,0,0,53600,46400,40966098,30799051,0,0,0,0,0,
000078.SZ,000078,20251209,93712000,46800,295700,1382951,79165,0,,,121790477,576484682,49100,46400,48100,51400,46800,46900,47000,47100,47200,47300,47400,47500,47600,47700,4000,492900,578900,191250,124850,77400,112865,241350,121300,96300,46700,46600,46500,46400,46300,0,0,0,0,0,1232429,2464072,4603650,5163200,17399100,0,0,0,0,0,53600,46400,41020198,30862451,0,0,0,0,0,
000078.SZ,000078,20251209,93715000,46800,223250,1043591,79392,0,,,122013727,577528273,49100,46400,48100,51400,46800,46900,47000,47100,47200,47300,47400,47500,47600,47700,261600,306200,582400,184750,132950,65300,113365,241550,121300,96300,46700,46600,46500,46400,46300,0,0,0,0,0,1258079,2472872,4546850,5171700,17416000,0,0,0,0,0,53500,46400,41105998,30865501,0,0,0,0,0,
000078.SZ,000078,20251209,93718000,46700,345200,1613717,79634,0,,,122358927,579141990,49100,46400,48100,51400,46800,46900,47000,47100,47200,47300,47400,47500,47600,47700,135900,311800,638150,178950,132950,65300,113365,241550,121300,96300,46700,46600,46500,46400,46300,0,0,0,0,0,1124479,2468872,4519950,5166100,17462000,0,0,0,0,0,53600,46400,41017548,30741401,0,0,0,0,0,
000078.SZ,000078,20251209,93721000,46700,322600,1508483,79908,0,,,122681527,580650473,49100,46400,48100,51400,46800,46900,47000,47100,47200,47300,47400,47500,47600,47700,6500,309500,659250,172250,132950,65300,106765,245250,121300,96300,46700,46600,46500,46400,46300,0,0,0,0,0,1101279,2488872,4519150,5198100,17478600,0,0,0,0,0,53600,46400,40959948,30786001,0,0,0,0,0,
000078.SZ,000078,20251209,93724000,46800,453800,2120232,80164,0,,,123135327,582770705,49100,46400,48100,51400,46800,46900,47000,47100,47200,47300,47400,47500,47600,47700,1800,316000,648250,171850,134750,65300,105765,244950,121300,96300,46700,46600,46500,46400,46300,0,0,0,0,0,891979,2497972,4528050,5184000,17514100,0,0,0,0,0,53600,46400,40931948,30616101,0,0,0,0,0,
000078.SZ,000078,20251209,93727000,46800,315200,1472995,80462,0,,,123450527,584243700,49100,46400,48100,51400,46900,47000,47100,47200,47300,47400,47500,47600,47700,47800,307200,646950,171850,136650,65300,105765,244250,121500,96300,132200,46800,46700,46600,46500,46400,46300,0,0,0,0,9000,947179,2516872,4518950,5209200,17523400,0,0,0,0,53600,46400,41003548,30724601,0,0,0,0,0,
000078.SZ,000078,20251209,93730000,46900,265300,1240567,80717,0,,,123715827,585484267,49100,46400,48100,51400,46900,47000,47100,47200,47300,47400,47500,47600,47700,47800,306700,649450,169950,136650,65300,105765,242350,121500,96300,132200,46800,46700,46600,46500,46400,46300,0,0,0,0,30400,948379,2559872,4541450,5226700,17516400,0,0,0,0,53600,46400,41059148,30823201,0,0,0,0,0,
000078.SZ,000078,20251209,93733000,46900,344000,1610304,80986,0,,,124059827,587094571,49100,46400,48100,51400,46800,46900,47000,47100,47200,47300,47400,47500,47600,47700,100,213000,673350,171650,136650,65000,105765,243750,121500,92300,46700,46600,46500,46400,46300,0,0,0,0,0,900079,2574072,4518450,5254300,17527000,0,0,0,0,0,53600,46400,40983648,30773901,0,0,0,0,0,
000078.SZ,000078,20251209,93736000,46800,143700,672788,81137,0,,,124203527,587767359,49100,46400,48100,51400,46800,46900,47000,47100,47200,47300,47400,47500,47600,47700,40900,215700,660050,170750,135250,64800,105765,243750,121100,92300,46700,46600,46500,46400,46300,0,0,0,0,0,929579,2571872,4479550,5245700,17529700,0,0,0,0,0,53600,46400,41064648,30756401,0,0,0,0,0,
000078.SZ,000078,20251209,93739000,46800,144000,673757,81312,0,,,124347527,588441116,49100,46400,48100,51400,46800,46900,47000,47100,47200,47300,47400,47500,47600,47700,6100,230500,666950,170750,136550,65800,105565,244350,121100,92300,46700,46600,46500,46400,46300,0,0,0,0,0,1009779,2559872,4470250,5240200,17520800,0,0,0,0,0,53600,46400,41070348,30800901,0,0,0,0,0,
000078.SZ,000078,20251209,93742000,46900,205400,961185,81470,0,,,124552927,589402301,49100,46400,48100,51400,46900,47000,47100,47200,47300,47400,47500,47600,47700,47800,249300,683550,171450,136450,64900,105565,244350,121100,92300,132300,46800,46700,46600,46500,46400,46300,0,0,0,0,54900,1119479,2589872,4428450,5235000,17627400,0,0,0,0,53600,46400,41108448,31055101,0,0,0,0,0,
000078.SZ,000078,20251209,93745000,46800,122400,572953,81588,0,,,124675327,589975254,49100,46400,48100,51400,46900,47000,47100,47200,47300,47400,47500,47600,47700,47800,431600,675950,167350,140850,64900,105565,244550,121100,92300,132300,46800,46700,46600,46500,46400,46300,0,0,0,0,73300,1178879,2593872,4461650,5285900,17648300,0,0,0,0,53600,46400,41309448,31241901,0,0,0,0,0,
000078.SZ,000078,20251209,93748000,46800,177000,828936,81748,0,,,124852327,590804190,49100,46400,48100,51400,46900,47000,47100,47200,47300,47400,47500,47600,47700,47800,414800,693950,158950,157850,64900,105565,243150,121100,93600,132300,46800,46700,46600,46500,46400,46300,0,0,0,0,188300,1219479,2571972,4456650,5288600,17642300,0,0,0,0,53600,46400,41369198,31367301,0,0,0,0,0,
000078.SZ,000078,20251209,93751000,46800,296900,1390226,81984,0,,,125149227,592194416,49100,46400,48100,51400,46900,47000,47100,47200,47300,47400,47500,47600,47700,47800,378300,706050,158950,156150,64900,105265,247250,121000,93600,132800,46800,46700,46600,46500,46400,46300,0,0,0,0,86500,1260079,2578672,4459850,5274100,17800200,0,0,0,0,53600,46400,41340698,31459401,0,0,0,0,0,
000078.SZ,000078,20251209,93754000,46900,240700,1127030,82211,0,,,125389927,593321446,49100,46400,48100,51400,46900,47000,47100,47200,47300,47400,47500,47600,47700,47800,342200,707950,158950,161550,65500,105265,247250,121000,93600,133900,46800,46700,46600,46500,46400,46300,0,0,0,0,83400,1340679,2580572,4454750,5254200,17781900,0,0,0,0,53600,46400,41342898,31495501,0,0,0,0,0,
000078.SZ,000078,20251209,93757000,46800,183300,858546,82396,0,,,125573227,594179992,49100,46400,48100,51400,46900,47000,47100,47200,47300,47400,47500,47600,47700,47800,288800,710850,160950,159350,67600,105165,246250,121000,93600,133900,46800,46700,46600,46500,46400,46300,0,0,0,0,98700,1338879,2578172,4442150,5248800,17816400,0,0,0,0,53600,46400,41309798,31523101,0,0,0,0,0,
000078.SZ,000078,20251209,93800000,46800,240800,1127928,82550,0,,,125814027,595307920,49100,46400,48100,51400,46900,47000,47100,47200,47300,47400,47500,47600,47700,47800,247000,714150,160950,159550,68600,105165,245450,121000,93200,134400,46800,46700,46600,46500,46400,46300,0,0,0,0,127000,1366979,2509172,4463550,5260000,17785800,0,0,0,0,53600,46400,41276098,31512501,0,0,0,0,0,
000078.SZ,000078,20251209,93803000,46800,344250,1612453,82750,0,,,126158277,596920373,49100,46400,48100,51400,46900,47000,47100,47200,47300,47400,47500,47600,47700,47800,166700,726050,160550,171250,62500,105165,240550,121000,93200,137000,46800,46700,46600,46500,46400,46300,0,0,0,0,115350,1394279,2498372,4459350,5249500,17752000,0,0,0,0,53600,46400,41221198,31468851,0,0,0,0,0,
000078.SZ,000078,20251209,93806000,46900,252100,1180652,82923,0,,,126410377,598101025,49100,46400,48100,51400,46900,47000,47100,47200,47300,47400,47500,47600,47700,47800,163900,729350,168350,171350,62500,105165,240550,121100,95900,137000,46800,46700,46600,46500,46400,46300,0,0,0,0,158450,1433179,2508772,4436450,5248600,17723700,0,0,0,0,53600,46400,41247098,31509151,0,0,0,0,0,
000078.SZ,000078,20251209,93809000,46900,372800,1747748,83174,0,,,126783177,599848773,49100,46400,48100,51400,47000,47100,47200,47300,47400,47500,47600,47700,47800,47900,719050,178350,173750,62200,107065,240550,121100,95900,137600,260700,46900,46800,46700,46600,46500,46400,46300,0,0,0,600,150650,1491279,2486272,4400650,5193500,17731100,0,0,0,53600,46400,41089048,31454051,0,0,0,0,0,
000078.SZ,000078,20251209,93812000,46900,201800,945208,83355,0,,,126984977,600793981,49100,46400,48100,51400,47000,47100,47200,47300,47400,47500,47600,47700,47800,47900,720450,178350,173850,57500,97365,246950,119200,95900,134700,260700,46900,46800,46700,46600,46500,46400,46300,0,0,0,26500,168350,1400979,2490572,4401250,5217200,17721200,0,0,0,53600,46400,40967895,31426051,0,0,0,0,0,
000078.SZ,000078,20251209,93815000,47000,436800,2048694,83557,0,,,127421777,602842675,49100,46400,48100,51400,47000,47100,47200,47300,47400,47500,47600,47700,47800,47900,572500,185750,173850,57500,98565,243750,119200,95900,134700,260700,46900,46800,46700,46600,46500,46400,46300,0,0,0,3600,120050,1396879,2414672,4397350,5248100,17686000,0,0,0,53600,46400,40804645,31266651,0,0,0,0,0,
000078.SZ,000078,20251209,93818000,46900,155703,730789,83707,0,,,127577480,603573464,49100,46400,48100,51400,47000,47100,47200,47300,47400,47500,47600,47700,47800,47900,567300,181250,172850,57500,98565,245750,119200,95400,134100,260700,46900,46800,46700,46600,46500,46400,46300,0,0,0,5600,182547,1423979,2420972,4396750,5256700,17688400,0,0,0,53600,46400,40844245,31374948,0,0,0,0,0,
000078.SZ,000078,20251209,93821000,46900,244800,1148529,83881,0,,,127822280,604721993,49100,46400,48100,51400,46900,47000,47100,47200,47300,47400,47500,47600,47700,47800,11200,502600,183850,138550,59600,98565,245750,119200,95400,134100,46800,46700,46600,46500,46400,46300,0,0,0,0,204347,1415979,2422772,4385750,5229300,17682900,0,0,0,0,53700,46400,40702145,31341048,0,0,0,0,0,
000078.SZ,000078,20251209,93824000,46900,185000,867773,84022,0,,,128007280,605589766,49100,46400,48100,51400,46900,47000,47100,47200,47300,47400,47500,47600,47700,47800,33400,476900,187250,137850,59700,98565,248850,106900,95400,134100,46800,46700,46600,46500,46400,46300,0,0,0,0,314847,1420979,2416172,4392050,5219000,17652700,0,0,0,0,53700,46400,40792845,31415748,0,0,0,0,0,
000078.SZ,000078,20251209,93827000,46900,182200,854909,84182,0,,,128189480,606444675,49100,46400,48100,51400,47000,47100,47200,47300,47400,47500,47600,47700,47800,47900,474700,190250,137550,59600,99665,248850,106900,95400,128600,259900,46900,46800,46700,46600,46500,46400,46300,0,0,0,27100,428347,1452779,2416372,4399550,5237500,17646900,0,0,0,53700,46400,40762745,31608548,0,0,0,0,0,
000078.SZ,000078,20251209,93830000,47000,221300,1038968,84315,0,,,128410780,607483643,49100,46400,48100,51400,47000,47100,47200,47300,47400,47500,47600,47700,47800,47900,403100,190450,137550,59600,99665,250850,106900,95400,128600,259900,46900,46800,46700,46600,46500,46400,46300,0,0,0,386300,534847,1469979,2408872,4409350,5245500,17654100,0,0,0,53700,46400,40717845,32108948,0,0,0,0,0,
000078.SZ,000078,20251209,93833000,47000,406500,1908053,84507,0,,,128817280,609391696,49100,46400,48100,51400,47000,47100,47200,47300,47400,47500,47600,47700,47800,47900,291600,184350,137550,73600,99665,249350,107100,95400,129200,264400,46900,46800,46700,46600,46500,46400,46300,0,0,0,224000,499447,1486579,2413072,4410950,5260200,17651100,0,0,0,53700,46400,40690745,31945348,0,0,0,0,0,
000078.SZ,000078,20251209,93836000,46900,229200,1076838,84663,0,,,129046480,610468534,49100,46400,48100,51400,47000,47100,47200,47300,47400,47500,47600,47700,47800,47900,132300,185550,137550,73600,99665,253550,107100,95400,129200,264400,46900,46800,46700,46600,46500,46400,46300,0,0,0,205500,540347,1471479,2442472,4459550,5250400,17639400,0,0,0,53700,46400,40531445,32009148,0,0,0,0,0,
000078.SZ,000078,20251209,93839000,46900,400600,1879810,84960,0,,,129447080,612348344,49100,46400,48100,51400,46900,47000,47100,47200,47300,47400,47500,47600,47700,47800,24100,159400,187350,137650,73000,99765,274050,107100,105800,126600,46800,46700,46600,46500,46400,46300,0,0,0,0,540347,1469979,2444272,4482550,5213400,17629600,0,0,0,0,53700,46400,40628945,31780148,0,0,0,0,0,
000078.SZ,000078,20251209,93842000,46900,304200,1426647,85196,0,,,129751280,613774991,49100,46400,48100,51400,47000,47100,47200,47300,47400,47500,47600,47700,47800,47900,97800,187650,138150,73000,100265,274050,106700,105800,126600,264400,46900,46800,46700,46600,46500,46400,46300,0,0,0,36400,568347,1483579,2414072,4477750,5198000,17578000,0,0,0,53700,46400,40559945,31756148,0,0,0,0,0,
000078.SZ,000078,20251209,93845000,46900,232400,1091217,85366,0,,,129983680,614866208,49100,46400,48100,51400,47000,47100,47200,47300,47400,47500,47600,47700,47800,47900,5700,187650,138150,73000,100265,277050,106500,105800,126800,264400,46900,46800,46700,46600,46500,46400,46300,0,0,0,91000,629347,1478279,2394972,4494950,5204700,17561600,0,0,0,53700,46400,40559145,31854848,0,0,0,0,0,
000078.SZ,000078,20251209,93848000,46900,196600,923594,85502,0,,,130180280,615789802,49100,46400,48100,51400,47000,47100,47200,47300,47400,47500,47600,47700,47800,47900,17100,178150,140150,72100,100265,276850,106500,105800,145900,264400,46900,46800,46700,46600,46500,46400,46300,0,0,0,207800,695147,1481479,2444472,4533850,5217200,17526100,0,0,0,53700,46400,40631545,32106048,0,0,0,0,0,
000078.SZ,000078,20251209,93851000,47000,150700,707779,85646,0,,,130330980,616497581,49100,46400,48100,51400,47100,47200,47300,47400,47500,47600,47700,47800,47900,48000,176835,138450,72400,100265,276850,106500,95000,145900,264400,783500,47000,46900,46800,46700,46600,46500,46400,46300,0,0,35400,264000,707647,1476179,2447672,4545350,5203000,17505200,0,0,53700,46400,40667183,32184448,0,0,0,0,0,
000078.SZ,000078,20251209,93854000,47100,90800,426886,85726,0,,,130421780,616924467,49100,46400,48100,51400,47100,47200,47300,47400,47500,47600,47700,47800,47900,48000,162750,139450,72500,100265,275850,106500,95000,145900,264400,782400,47000,46900,46800,46700,46600,46500,46400,46300,0,0,78800,375100,765747,1478379,2451072,4538150,5210300,17449200,0,0,53700,46400,40662598,32346748,0,0,0,0,0,
000078.SZ,000078,20251209,93857000,47000,79500,374055,85797,0,,,130501280,617298522,49100,46400,48100,51400,47100,47200,47300,47400,47500,47600,47700,47800,47900,48000,125350,138750,74000,100265,276750,106500,95800,145900,264200,783600,47000,46900,46800,46700,46600,46500,46400,46300,0,0,205700,401400,783247,1482779,2447672,4543550,5224900,17429900,0,0,53700,46400,40627098,32519148,0,0,0,0,0,
000078.SZ,000078,20251209,93900000,47100,261535,1231037,86003,0,,,130762815,618529559,49100,46400,48100,51400,47200,47300,47400,47500,47600,47700,47800,47900,48000,48100,140050,73700,102265,277250,106500,95900,145900,264200,782500,452300,47100,47000,46900,46800,46700,46600,46500,46400,46300,0,19365,176700,387000,819947,1458279,2440672,4543750,5221400,17451900,0,53800,46400,40584348,32519013,0,0,0,0,0,
000078.SZ,000078,20251209,93903000,47100,94500,445116,86102,0,,,130857315,618974675,49100,46400,48100,51400,47200,47300,47400,47500,47600,47700,47800,47900,48000,48100,139050,73700,102265,276050,104500,95900,145900,264200,785000,452300,47100,47000,46900,46800,46700,46600,46500,46400,46300,0,25365,241000,470300,825947,1446179,2412772,4545950,5200200,17430000,0,53800,46400,40600048,32597713,0,0,0,0,0,
000078.SZ,000078,20251209,93906000,47200,123100,580314,86227,0,,,130980415,619554989,49100,46400,48100,51400,47200,47300,47400,47500,47600,47700,47800,47900,48000,48100,104450,72700,102365,281250,104500,95900,145900,264900,784800,452300,47100,47000,46900,46800,46700,46600,46500,46400,46300,0,109165,278400,469500,803247,1425279,2403872,4566050,5194700,17449300,0,53800,46400,40572348,32699513,0,0,0,0,0,
000078.SZ,000078,20251209,93909000,47100,340300,1603904,86446,0,,,131320715,621158893,49100,46400,48100,51400,47200,47300,47400,47500,47600,47700,47800,47900,48000,48100,12750,86900,102665,281250,104500,96900,145600,264900,786800,450800,47100,47000,46900,46800,46700,46600,46500,46400,46300,0,14365,273600,478400,783147,1410679,2405972,4566350,5169200,17485100,0,53800,46400,40574448,32586813,0,0,0,0,0,
000078.SZ,000078,20251209,93912000,47200,92850,438354,86540,0,,,131413565,621597247,49100,46400,48100,51400,47300,47400,47500,47600,47700,47800,47900,48000,48100,48200,100400,102665,281250,108700,96900,147400,265700,785300,450800,50800,47200,47100,47000,46900,46800,46700,46600,46500,46400,46300,175450,89565,259000,466500,792047,1406779,2397472,4616350,5178200,17413300,53800,46400,40629898,32794663,0,0,0,0,0,
000078.SZ,000078,20251209,93915000,47200,155600,734696,86663,0,,,131569165,622331943,49100,46400,48100,51400,47300,47400,47500,47600,47700,47800,47900,48000,48100,48200,144100,214165,280650,105700,96900,147700,265700,785100,446700,50800,47200,47100,47000,46900,46800,46700,46600,46500,46400,46300,240950,168065,289600,460600,750047,1400479,2389772,4595350,5172800,17419000,53800,46400,40853998,32886663,0,0,0,0,0,
000078.SZ,000078,20251209,93918000,47300,307800,1455035,86852,0,,,131876965,623786978,49100,46400,48100,51400,47400,47500,47600,47700,47800,47900,48000,48100,48200,48300,240465,278650,104900,96900,147700,265700,782700,444800,50800,50300,47300,47200,47100,47000,46900,46800,46700,46600,46500,46400,5500,245250,150765,285600,480900,754247,1391979,2391272,4612750,5176800,53800,46400,40788198,32918163,0,0,0,0,0,
000078.SZ,000078,20251209,93921000,47300,62400,295244,86934,0,,,131939365,624082222,49100,46400,48100,51400,47400,47500,47600,47700,47800,47900,48000,48100,48200,48300,228765,278450,106500,96900,147700,265700,780800,444800,50800,50300,47300,47200,47100,47000,46900,46800,46700,46600,46500,46400,71400,380150,143665,285400,486900,767147,1373679,2386972,4589850,5177700,53800,46400,40885698,33090463,0,0,0,0,0,
000078.SZ,000078,20251209,93924000,47400,217600,1030650,87101,0,,,132156965,625112872,49100,46400,48100,51400,47400,47500,47600,47700,47800,47900,48000,48100,48200,48300,258565,280950,115900,97800,145000,264800,780100,444800,50800,52300,47300,47200,47100,47000,46900,46800,46700,46600,46500,46400,196000,338550,136565,230200,481000,770847,1354279,2381772,4573050,5198700,53800,46400,40960698,33056263,0,0,0,0,0,
000078.SZ,000078,20251209,93927000,47300,251300,1190526,87234,0,,,132408265,626303398,49100,46400,48100,51400,47400,47500,47600,47700,47800,47900,48000,48100,48200,48300,76165,277050,115700,97300,140600,273000,764400,445700,50300,49800,47300,47200,47100,47000,46900,46800,46700,46600,46500,46400,225300,340650,136365,237200,466600,755147,1318379,2365572,4582450,5189400,53800,46400,40827398,32997463,0,0,0,0,0,
000078.SZ,000078,20251209,93930000,47300,356300,1687935,87478,0,,,132764565,627991333,49100,46400,48100,51400,47400,47500,47600,47700,47800,47900,48000,48100,48200,48300,17865,284350,123400,101200,140600,273200,761100,446700,50200,49800,47300,47200,47100,47000,46900,46800,46700,46600,46500,46400,224800,312250,133565,233200,445500,759247,1296879,2303972,4624350,5188300,53800,46400,40770498,32841563,0,0,0,0,0,
000078.SZ,000078,20251209,93933000,47400,247600,1173745,87651,0,,,133012165,629165078,49100,46400,48100,51400,47400,47500,47600,47700,47800,47900,48000,48100,48200,48300,70265,282750,123400,101100,141100,273200,761200,445700,50200,49800,47300,47200,47100,47000,46900,46800,46700,46600,46500,46400,269000,365550,126965,226400,444200,752747,1284079,2264272,4615750,5190500,53800,46400,40854298,32809963,0,0,0,0,0,
000078.SZ,000078,20251209,93936000,47400,183500,869532,87816,0,,,133195665,630034610,49100,46400,48100,51400,47400,47500,47600,47700,47800,47900,48000,48100,48200,48300,43437,310950,124000,101100,140100,273100,736200,444900,53900,49800,47300,47200,47100,47000,46900,46800,46700,46600,46500,46400,333300,337750,125765,230400,450600,747047,1292379,2253872,4613050,5197400,53800,46400,41037270,32828263,0,0,0,0,0,
000078.SZ,000078,20251209,93939000,47500,271637,1287060,88023,0,,,133467302,631321670,49100,46400,48100,51400,47500,47600,47700,47800,47900,48000,48100,48200,48300,48400,311850,122000,96100,143450,273100,732600,445500,53900,49800,163400,47400,47300,47200,47100,47000,46900,46800,46700,46600,46500,563,309300,323850,139265,261300,400700,722747,1285500,2277172,4585650,53800,46400,40636683,32645747,0,0,0,0,0,
000078.SZ,000078,20251209,93942000,47400,212500,1007826,88122,0,,,133679802,632329496,49100,46400,48100,51400,47500,47600,47700,47800,47900,48000,48100,48200,48300,48400,309950,81900,96100,143450,273100,732000,446000,53900,49800,163400,47400,47300,47200,47100,47000,46900,46800,46700,46600,46500,243500,350663,328450,148365,270300,399600,718347,1291900,2246572,4585150,53800,46400,40620483,32913147,0,0,0,0,0,
000078.SZ,000078,20251209,93945000,47500,289300,1373889,88300,0,,,133969102,633703385,49100,46400,48100,51400,47500,47600,47700,47800,47900,48000,48100,48200,48300,48400,61650,79600,96100,144250,271200,731600,445000,54600,49800,163400,47400,47300,47200,47100,47000,46900,46800,46700,46600,46500,340900,350663,323650,146665,269800,400700,714847,1259000,2234872,4576450,53900,46400,40389183,32965847,0,0,0,0,0,
000078.SZ,000078,20251209,93948000,47500,222600,1057302,88467,0,,,134191702,634760687,49100,46400,48100,51400,47600,47700,47800,47900,48000,48100,48200,48300,48400,48500,48450,96100,141250,273300,722600,445000,54600,49800,163400,333500,47500,47400,47300,47200,47100,47000,46900,46800,46700,46600,38300,458900,313263,304950,151365,272200,402600,723647,1252700,2233772,53900,46400,40331583,33063047,0,0,0,0,0,
000078.SZ,000078,20251209,93951000,47600,214500,1019939,88620,0,,,134406202,635780626,49100,46400,48100,51400,47700,47800,47900,48000,48100,48200,48300,48400,48500,48600,125550,138650,273400,728500,444500,53500,49400,216400,333500,119800,47600,47500,47400,47300,47200,47100,47000,46900,46800,46700,21200,192000,510900,305463,292950,142165,281000,406900,719647,1221600,53900,46400,40366683,33226147,0,0,0,0,0,
000078.SZ,000078,20251209,93954000,47700,95600,455316,88696,0,,,134501802,636235942,49100,46400,48100,51400,47700,47800,47900,48000,48100,48200,48300,48400,48500,48600,143650,134050,262800,726100,462200,53500,49400,216400,333500,119800,47600,47500,47400,47300,47200,47100,47000,46900,46800,46700,74100,432500,427600,289963,287950,137365,286400,404300,720647,1216600,53900,46500,40614083,33374047,0,0,0,0,0,
000078.SZ,000078,20251209,93957000,47700,279550,1332948,88853,0,,,134781352,637568890,49100,46400,48100,51400,47800,47900,48000,48100,48200,48300,48400,48500,48600,48700,158350,260800,721300,420600,53500,49400,217900,290500,119800,154500,47700,47600,47500,47400,47300,47200,47100,47000,46900,46800,138050,106300,441200,429900,278663,260050,132165,282400,404700,735147,53900,46500,40365433,33459497,0,0,0,0,0,
000078.SZ,000078,20251209,94000000,47800,300800,1435689,88997,0,,,135082152,639004579,49100,46400,48100,51400,47800,47900,48000,48100,48200,48300,48400,48500,48600,48700,71850,260100,721800,422600,53400,44900,217200,290000,119800,154500,47700,47600,47500,47400,47300,47200,47100,47000,46900,46800,247050,145000,380400,378900,263863,257750,130965,277800,403600,732847,53900,46500,40356333,33497697,0,0,0,0,0,
000078.SZ,000078,20251209,94003000,47800,642550,3065986,89444,0,,,135724702,642070565,49100,46400,48100,51400,47800,47900,48000,48100,48200,48300,48400,48500,48600,48700,99200,272100,718500,421400,53400,44800,217200,290000,120100,154500,47600,47500,47400,47300,47200,47100,47000,46900,46800,46700,138500,325800,356300,244763,253650,127165,396000,319900,732247,1219300,53900,46400,40424583,33093447,0,0,0,0,0,
000078.SZ,000078,20251209,94006000,47900,271600,1298343,89644,0,,,135996302,643368908,49100,46400,48100,51400,47900,48000,48100,48200,48300,48400,48500,48600,48700,48800,248300,716900,422200,103400,44800,217200,285000,120100,154500,182050,47800,47700,47600,47500,47400,47300,47200,47100,47000,46900,222900,31900,151400,342200,325900,243863,253750,123765,411200,320600,53900,46500,40442883,33295047,0,0,0,0,0,
000078.SZ,000078,20251209,94009000,47800,561500,2683565,89974,0,,,136557802,646052473,49100,46400,48100,51400,47900,48000,48100,48200,48300,48400,48500,48600,48700,48800,214200,698500,418200,103400,44300,217200,284100,120100,154500,182550,47800,47700,47600,47500,47400,47300,47200,47100,47000,46900,16000,700,183200,331300,290100,219963,252250,117365,416300,310700,53900,46500,40409683,32745147,0,0,0,0,0,
000078.SZ,000078,20251209,94012000,47900,593800,2840906,90281,0,,,137151602,648893379,49100,46400,48100,51400,47900,48000,48100,48200,48300,48400,48500,48600,48700,48800,100900,726800,417400,102800,44300,215500,289200,118300,154500,182050,47800,47700,47600,47500,47400,47300,47200,47100,47000,46900,17000,55300,182500,322200,287800,216763,241650,110665,418000,312600,53900,46500,40279383,32673047,0,0,0,0,0,
000078.SZ,000078,20251209,94015000,47900,492300,2355089,90562,0,,,137643902,651248468,49100,46400,48100,51400,48000,48100,48200,48300,48400,48500,48600,48700,48800,48900,738000,413500,97600,44300,215500,289200,112900,154500,197850,136400,47900,47800,47700,47600,47500,47400,47300,47200,47100,47000,35700,6000,81400,175100,287400,270700,204163,222750,106265,427800,54000,46500,40206683,32528147,0,0,0,0,0,
000078.SZ,000078,20251209,94018000,47900,521200,2491539,90863,0,,,138165102,653740007,49100,46400,48100,51400,47900,48000,48100,48200,48300,48400,48500,48600,48700,48800,165000,897400,409200,96100,48400,215800,289100,113000,154500,193050,47800,47700,47600,47500,47400,47300,47200,47100,47000,46900,700,38400,172700,261700,260800,194763,233450,106265,436500,304400,53900,46400,40513683,32338547,0,0,0,0,0,
000078.SZ,000078,20251209,94021000,47900,550400,2632494,91177,0,,,138715502,656372501,49100,46400,48100,51400,47900,48000,48100,48200,48300,48400,48500,48600,48700,48800,295546,878100,408600,96300,47400,215800,294400,113000,182200,196050,47700,47600,47500,47400,47300,47200,47100,47000,46900,46800,900,165200,251000,261900,194663,239050,106265,443300,303900,683947,53900,46400,40782929,32240547,0,0,0,0,0,
000078.SZ,000078,20251209,94024000,47800,403400,1926609,91437,0,,,139118902,658299110,49100,46400,48100,51400,47800,47900,48000,48100,48200,48300,48400,48500,48600,48700,19100,541061,867500,408800,96800,47400,215800,294800,113000,182200,47600,47500,47400,47300,47200,47100,47000,46900,46800,46700,150900,260400,261600,193963,208450,106365,436700,303900,684247,1129600,53800,46400,40917644,32202247,0,0,0,0,0,
000078.SZ,000078,20251209,94027000,47600,472200,2246804,91676,0,,,139591102,660545914,49100,46400,48100,51400,47600,47700,47800,47900,48000,48100,48200,48300,48400,48500,123500,101400,462700,562261,834800,399100,105500,45500,220600,292800,47500,47400,47300,47200,47100,47000,46900,46800,46700,46600,170500,255600,187763,207450,102865,437100,307200,692547,1054500,2162772,53700,46400,41569544,31786347,0,0,0,0,0,
000078.SZ,000078,20251209,94030000,47500,372600,1771799,91988,0,,,139963702,662317713,49100,46400,48100,51400,47500,47600,47700,47800,47900,48000,48100,48200,48300,48400,5700,261500,139500,526100,578161,762700,399100,105500,49800,223000,47400,47300,47200,47100,47000,46900,46800,46700,46600,46500,243600,186463,222750,100265,552800,304200,702347,1057900,2166472,4558650,53700,46400,41777044,31733947,0,0,0,0,0,
000078.SZ,000078,20251209,94033000,47400,249100,1181980,92226,0,,,140212802,663499693,49100,46400,48100,51400,47500,47600,47700,47800,47900,48000,48100,48200,48300,48400,218300,472400,140300,541700,457961,801200,399900,105800,49800,223000,47400,47300,47200,47100,47000,46900,46800,46700,46600,46500,113100,186363,223150,102265,551200,307500,706947,1064700,2165272,4530150,53700,46400,42204444,31539147,0,0,0,0,0,
000078.SZ,000078,20251209,94036000,47400,267800,1269931,92438,0,,,140480602,664769624,49100,46400,48100,51400,47400,47500,47600,47700,47800,47900,48000,48100,48200,48300,151700,282000,452400,142100,514600,436900,801100,401500,98300,49800,47300,47200,47100,47000,46900,46800,46700,46600,46500,46400,178663,226850,102865,557700,307000,710947,1056000,2161572,4484650,5014100,53600,46400,42394083,31316447,0,0,0,0,0,
000078.SZ,000078,20251209,94039000,47300,290300,1374581,92665,0,,,140770902,666144205,49100,46400,48100,51400,47400,47500,47600,47700,47800,47900,48000,48100,48200,48300,148800,269300,423200,130400,509400,434900,816400,412600,96600,49800,47300,47200,47100,47000,46900,46800,46700,46600,46500,46400,46063,225050,101365,571300,307000,704447,1059400,2161472,4486550,5012800,53600,46400,42392083,31115647,0,0,0,0,0,
000078.SZ,000078,20251209,94042000,47300,199000,941845,92869,0,,,140969902,667086050,49100,46400,48100,51400,47300,47400,47500,47600,47700,47800,47900,48000,48100,48200,79400,267200,246800,305700,102200,532100,414200,819600,413600,96600,47200,47100,47000,46900,46800,46700,46600,46500,46400,46300,204213,107365,479000,304000,705547,1035100,2165972,4487350,5240000,16455800,53600,46400,42418583,31184347,0,0,0,0,0,
000078.SZ,000078,20251209,94045000,47200,164600,777630,92995,0,,,141134502,667863680,49100,46400,48100,51400,47300,47400,47500,47600,47700,47800,47900,48000,48100,48200,256100,278400,235000,315600,59700,502900,423100,829800,412600,96600,47200,47100,47000,46900,46800,46700,46600,46500,46400,46300,126113,113865,487900,302700,708647,1036300,2165372,4486050,5239100,16474100,53600,46400,42640083,31140147,0,0,0,0,0,
000078.SZ,000078,20251209,94048000,47200,249013,1175181,93203,0,,,141383515,669038861,49100,46400,48100,51400,47200,47300,47400,47500,47600,47700,47800,47900,48000,48100,19487,325700,262600,210100,309800,59800,492900,422300,834700,412600,47100,47000,46900,46800,46700,46600,46500,46400,46300,0,89765,487400,304600,744447,1031900,2166872,4497450,5268600,16483200,0,53600,46400,42711070,31074234,0,0,0,0,0,
000078.SZ,000078,20251209,94051000,47100,168100,792912,93336,0,,,141551615,669831773,49100,46400,48100,51400,47200,47300,47400,47500,47600,47700,47800,47900,48000,48100,250287,298200,255000,197800,293500,46300,485200,453700,840100,425000,47100,47000,46900,46800,46700,46600,46500,46400,46300,0,136865,534800,296900,747947,1037800,2197072,4507750,5258700,16490300,0,53600,46400,42944870,31208134,0,0,0,0,0,
000078.SZ,000078,20251209,94054000,47100,255065,1201653,93478,0,,,141806680,671033426,49100,46400,48100,51400,47100,47200,47300,47400,47500,47600,47700,47800,47900,48000,32435,410987,297900,158900,187400,295100,46100,535200,455700,849400,47000,46900,46800,46700,46600,46500,46400,46300,0,0,532500,299500,734047,1036700,2187072,4525850,5269800,16459600,0,0,53600,46400,43131705,31045069,0,0,0,0,0,
000078.SZ,000078,20251209,94057000,47100,80500,378680,93596,0,,,141887180,671412106,49100,46400,48100,51400,47100,47200,47300,47400,47500,47600,47700,47800,47900,48000,281435,417387,199200,158000,179700,296100,48700,536700,456300,844700,47000,46900,46800,46700,46600,46500,46400,46300,0,0,508200,298400,749847,1031700,2188572,4533950,5257700,16455500,0,0,53500,46400,43297305,31023869,0,0,0,0,0,
000078.SZ,000078,20251209,94100000,47100,288900,1359494,93814,0,,,142176080,672771600,49100,46400,48100,51400,47100,47200,47300,47400,47500,47600,47700,47800,47900,48000,418735,407087,167900,126700,187000,282900,52600,537500,494800,848700,47000,46900,46800,46700,46600,46500,46400,46300,0,0,421800,295500,749647,1031400,2195372,4560450,5252000,16362900,0,0,53500,46400,43472305,30869069,0,0,0,0,0,
000078.SZ,000078,20251209,94103000,47100,253600,1192794,94014,0,,,142429680,673964394,49100,46400,48100,51400,47100,47200,47300,47400,47500,47600,47700,47800,47900,48000,337035,406187,158100,125300,189100,283000,47100,539400,488300,883400,47000,46900,46800,46700,46600,46500,46400,46300,0,0,296000,322600,798647,1036300,2196772,4556050,5258900,16393100,0,0,53500,46400,43568805,30858369,0,0,0,0,0,
000078.SZ,000078,20251209,94106000,47100,410800,1932190,94300,0,,,142840480,675896584,49100,46400,48100,51400,47100,47200,47300,47400,47500,47600,47700,47800,47900,48000,288935,320387,148400,125100,188300,283000,50900,540300,488300,886400,47000,46900,46800,46700,46600,46500,46400,46300,0,0,80500,305300,832047,1038400,2207972,4557250,5264900,16472400,0,0,53500,46400,43476205,30758769,0,0,0,0,0,
000078.SZ,000078,20251209,94109000,47000,488100,2297215,94571,0,,,143328580,678193799,49100,46400,48100,51400,47000,47100,47200,47300,47400,47500,47600,47700,47800,47900,46500,30735,321187,146900,125100,193300,283000,51000,542700,489600,46900,46800,46700,46600,46500,46400,46300,0,0,0,315700,839347,1040900,2216172,4572650,5274700,16505200,0,0,0,53600,46400,43421205,30764669,0,0,0,0,0,
