万得代码,交易所代码,自然日,时间,成交价,成交量,成交额,成交笔数,IOPV,成交标志,BS标志,当日累计成交量,当日成交额,最高价,最低价,开盘价,前收盘,申卖价1,申卖价2,申卖价3,申卖价4,申卖价5,申卖价6,申卖价7,申卖价8,申卖价9,申卖价10,申卖量1,申卖量2,申卖量3,申卖量4,申卖量5,申卖量6,申卖量7,申卖量8,申卖量9,申卖量10,申买价1,申买价2,申买价3,申买价4,申买价5,申买价6,申买价7,申买价8,申买价9,申买价10,申买量1,申买量2,申买量3,申买量4,申买量5,申买量6,申买量7,申买量8,申买量9,申买量10,加权平均叫卖价,加权平均叫买价,叫卖总量,叫买总量,不加权指数,品种总数,上涨品种数,下跌品种数,持平品种数,
000016.SZ,000016,20251209,81557000,0,0,0,0,0,,,0,0,0,0,0,51500,0,0,0,0,0,0,0,0,0,0,0,0,0,0,0,0,0,0,0,0,0,0,0,0,0,0,0,0,0,0,0,0,0,0,0,0,0,0,0,0,0,0,0,0,0,0,0,0,0,
000016.SZ,000016,20251209,91500000,0,0,0,0,0,,,0,0,0,0,0,51500,0,0,0,0,0,0,0,0,0,0,0,0,0,0,0,0,0,0,0,0,0,0,0,0,0,0,0,0,0,0,0,0,0,0,0,0,0,0,0,0,0,0,0,0,0,0,0,0,0,
000016.SZ,000016,20251209,91509000,0,0,0,0,0,,,0,0,0,0,0,51500,51600,0,0,0,0,0,0,0,0,0,10900,17100,0,0,0,0,0,0,0,0,51600,0,0,0,0,0,0,0,0,0,10900,0,0,0,0,0,0,0,0,0,0,0,0,0,0,0,0,0,0,
000016.SZ,000016,20251209,91536000,0,0,0,0,0,,,0,0,0,0,0,51500,51500,0,0,0,0,0,0,0,0,0,7000,0,0,0,0,0,0,0,0,0,51500,0,0,0,0,0,0,0,0,0,7000,3000,0,0,0,0,0,0,0,0,0,0,0,0,0,0,0,0,0,
000016.SZ,000016,20251209,91545000,0,0,0,0,0,,,0,0,0,0,0,51500,51500,0,0,0,0,0,0,0,0,0,7000,0,0,0,0,0,0,0,0,0,51500,0,0,0,0,0,0,0,0,0,7000,3200,0,0,0,0,0,0,0,0,0,0,0,0,0,0,0,0,0,
000016.SZ,000016,20251209,91639000,0,0,0,0,0,,,0,0,0,0,0,51500,51000,0,0,0,0,0,0,0,0,0,42800,0,0,0,0,0,0,0,0,0,51000,0,0,0,0,0,0,0,0,0,42800,82600,0,0,0,0,0,0,0,0,0,0,0,0,0,0,0,0,0,
000016.SZ,000016,20251209,91657000,0,0,0,0,0,,,0,0,0,0,0,51500,51000,0,0,0,0,0,0,0,0,0,42800,0,0,0,0,0,0,0,0,0,51000,0,0,0,0,0,0,0,0,0,42800,83600,0,0,0,0,0,0,0,0,0,0,0,0,0,0,0,0,0,
000016.SZ,000016,20251209,91724000,0,0,0,0,0,,,0,0,0,0,0,51500,51000,0,0,0,0,0,0,0,0,0,42800,0,0,0,0,0,0,0,0,0,51000,0,0,0,0,0,0,0,0,0,42800,84200,0,0,0,0,0,0,0,0,0,0,0,0,0,0,0,0,0,
000016.SZ,000016,20251209,91733000,0,0,0,0,0,,,0,0,0,0,0,51500,51000,0,0,0,0,0,0,0,0,0,42800,0,0,0,0,0,0,0,0,0,51000,0,0,0,0,0,0,0,0,0,42800,104200,0,0,0,0,0,0,0,0,0,0,0,0,0,0,0,0,0,
000016.SZ,000016,20251209,91742000,0,0,0,0,0,,,0,0,0,0,0,51500,51000,0,0,0,0,0,0,0,0,0,42800,0,0,0,0,0,0,0,0,0,51000,0,0,0,0,0,0,0,0,0,42800,106000,0,0,0,0,0,0,0,0,0,0,0,0,0,0,0,0,0,
000016.SZ,000016,20251209,91800000,0,0,0,0,0,,,0,0,0,0,0,51500,51000,0,0,0,0,0,0,0,0,0,42800,0,0,0,0,0,0,0,0,0,51000,0,0,0,0,0,0,0,0,0,42800,106500,0,0,0,0,0,0,0,0,0,0,0,0,0,0,0,0,0,
000016.SZ,000016,20251209,91809000,0,0,0,0,0,,,0,0,0,0,0,51500,51000,0,0,0,0,0,0,0,0,0,42800,0,0,0,0,0,0,0,0,0,51000,0,0,0,0,0,0,0,0,0,42800,115500,0,0,0,0,0,0,0,0,0,0,0,0,0,0,0,0,0,
000016.SZ,000016,20251209,91827000,0,0,0,0,0,,,0,0,0,0,0,51500,51000,0,0,0,0,0,0,0,0,0,42800,0,0,0,0,0,0,0,0,0,51000,0,0,0,0,0,0,0,0,0,42800,115300,0,0,0,0,0,0,0,0,0,0,0,0,0,0,0,0,0,
000016.SZ,000016,20251209,91836000,0,0,0,0,0,,,0,0,0,0,0,51500,51000,0,0,0,0,0,0,0,0,0,42800,0,0,0,0,0,0,0,0,0,51000,0,0,0,0,0,0,0,0,0,42800,116300,0,0,0,0,0,0,0,0,0,0,0,0,0,0,0,0,0,
000016.SZ,000016,20251209,91845000,0,0,0,0,0,,,0,0,0,0,0,51500,51000,0,0,0,0,0,0,0,0,0,46000,0,0,0,0,0,0,0,0,0,51000,0,0,0,0,0,0,0,0,0,46000,114500,0,0,0,0,0,0,0,0,0,0,0,0,0,0,0,0,0,
000016.SZ,000016,20251209,91854000,0,0,0,0,0,,,0,0,0,0,0,51500,51000,0,0,0,0,0,0,0,0,0,42800,0,0,0,0,0,0,0,0,0,51000,0,0,0,0,0,0,0,0,0,42800,121700,0,0,0,0,0,0,0,0,0,0,0,0,0,0,0,0,0,
000016.SZ,000016,20251209,91903000,0,0,0,0,0,,,0,0,0,0,0,51500,51000,0,0,0,0,0,0,0,0,0,42800,0,0,0,0,0,0,0,0,0,51000,0,0,0,0,0,0,0,0,0,42800,130200,0,0,0,0,0,0,0,0,0,0,0,0,0,0,0,0,0,
000016.SZ,000016,20251209,91912000,0,0,0,0,0,,,0,0,0,0,0,51500,51000,0,0,0,0,0,0,0,0,0,42800,0,0,0,0,0,0,0,0,0,51000,0,0,0,0,0,0,0,0,0,42800,129600,0,0,0,0,0,0,0,0,0,0,0,0,0,0,0,0,0,
000016.SZ,000016,20251209,91921000,0,0,0,0,0,,,0,0,0,0,0,51500,51000,0,0,0,0,0,0,0,0,0,42800,0,0,0,0,0,0,0,0,0,51000,0,0,0,0,0,0,0,0,0,42800,130000,0,0,0,0,0,0,0,0,0,0,0,0,0,0,0,0,0,
000016.SZ,000016,20251209,91930000,0,0,0,0,0,,,0,0,0,0,0,51500,51000,0,0,0,0,0,0,0,0,0,43000,0,0,0,0,0,0,0,0,0,51000,0,0,0,0,0,0,0,0,0,43000,137000,0,0,0,0,0,0,0,0,0,0,0,0,0,0,0,0,0,
000016.SZ,000016,20251209,91939000,0,0,0,0,0,,,0,0,0,0,0,51500,51500,0,0,0,0,0,0,0,0,0,11000,3800,0,0,0,0,0,0,0,0,51500,0,0,0,0,0,0,0,0,0,11000,0,0,0,0,0,0,0,0,0,0,0,0,0,0,0,0,0,0,
000016.SZ,000016,20251209,91957000,0,0,0,0,0,,,0,0,0,0,0,51500,51500,0,0,0,0,0,0,0,0,0,11000,800,0,0,0,0,0,0,0,0,51500,0,0,0,0,0,0,0,0,0,11000,0,0,0,0,0,0,0,0,0,0,0,0,0,0,0,0,0,0,
000016.SZ,000016,20251209,92027000,0,0,0,0,0,,,0,0,0,0,0,51500,51500,0,0,0,0,0,0,0,0,0,11200,600,0,0,0,0,0,0,0,0,51500,0,0,0,0,0,0,0,0,0,11200,0,0,0,0,0,0,0,0,0,0,0,0,0,0,0,0,0,0,
000016.SZ,000016,20251209,92036000,0,0,0,0,0,,,0,0,0,0,0,51500,51500,0,0,0,0,0,0,0,0,0,11600,2900,0,0,0,0,0,0,0,0,51500,0,0,0,0,0,0,0,0,0,11600,0,0,0,0,0,0,0,0,0,0,0,0,0,0,0,0,0,0,
000016.SZ,000016,20251209,92103000,0,0,0,0,0,,,0,0,0,0,0,51500,51500,0,0,0,0,0,0,0,0,0,12100,2400,0,0,0,0,0,0,0,0,51500,0,0,0,0,0,0,0,0,0,12100,0,0,0,0,0,0,0,0,0,0,0,0,0,0,0,0,0,0,
000016.SZ,000016,20251209,92121000,0,0,0,0,0,,,0,0,0,0,0,51500,51500,0,0,0,0,0,0,0,0,0,12100,3900,0,0,0,0,0,0,0,0,51500,0,0,0,0,0,0,0,0,0,12100,0,0,0,0,0,0,0,0,0,0,0,0,0,0,0,0,0,0,
000016.SZ,000016,20251209,92139000,0,0,0,0,0,,,0,0,0,0,0,51500,51500,0,0,0,0,0,0,0,0,0,12100,5700,0,0,0,0,0,0,0,0,51500,0,0,0,0,0,0,0,0,0,12100,0,0,0,0,0,0,0,0,0,0,0,0,0,0,0,0,0,0,
000016.SZ,000016,20251209,92148000,0,0,0,0,0,,,0,0,0,0,0,51500,51500,0,0,0,0,0,0,0,0,0,12100,20400,0,0,0,0,0,0,0,0,51500,0,0,0,0,0,0,0,0,0,12100,0,0,0,0,0,0,0,0,0,0,0,0,0,0,0,0,0,0,
000016.SZ,000016,20251209,92215000,0,0,0,0,0,,,0,0,0,0,0,51500,51500,0,0,0,0,0,0,0,0,0,12100,20600,0,0,0,0,0,0,0,0,51500,0,0,0,0,0,0,0,0,0,12100,0,0,0,0,0,0,0,0,0,0,0,0,0,0,0,0,0,0,
000016.SZ,000016,20251209,92224000,0,0,0,0,0,,,0,0,0,0,0,51500,51500,0,0,0,0,0,0,0,0,0,12100,21600,0,0,0,0,0,0,0,0,51500,0,0,0,0,0,0,0,0,0,12100,0,0,0,0,0,0,0,0,0,0,0,0,0,0,0,0,0,0,
000016.SZ,000016,20251209,92242000,0,0,0,0,0,,,0,0,0,0,0,51500,51500,0,0,0,0,0,0,0,0,0,12100,22600,0,0,0,0,0,0,0,0,51500,0,0,0,0,0,0,0,0,0,12100,0,0,0,0,0,0,0,0,0,0,0,0,0,0,0,0,0,0,
000016.SZ,000016,20251209,92251000,0,0,0,0,0,,,0,0,0,0,0,51500,51500,0,0,0,0,0,0,0,0,0,12100,24600,0,0,0,0,0,0,0,0,51500,0,0,0,0,0,0,0,0,0,12100,0,0,0,0,0,0,0,0,0,0,0,0,0,0,0,0,0,0,
000016.SZ,000016,20251209,92300000,0,0,0,0,0,,,0,0,0,0,0,51500,51500,0,0,0,0,0,0,0,0,0,12800,24800,0,0,0,0,0,0,0,0,51500,0,0,0,0,0,0,0,0,0,12800,0,0,0,0,0,0,0,0,0,0,0,0,0,0,0,0,0,0,
000016.SZ,000016,20251209,92309000,0,0,0,0,0,,,0,0,0,0,0,51500,51500,0,0,0,0,0,0,0,0,0,12800,25400,0,0,0,0,0,0,0,0,51500,0,0,0,0,0,0,0,0,0,12800,0,0,0,0,0,0,0,0,0,0,0,0,0,0,0,0,0,0,
000016.SZ,000016,20251209,92327000,0,0,0,0,0,,,0,0,0,0,0,51500,51500,0,0,0,0,0,0,0,0,0,22500,15700,0,0,0,0,0,0,0,0,51500,0,0,0,0,0,0,0,0,0,22500,0,0,0,0,0,0,0,0,0,0,0,0,0,0,0,0,0,0,
000016.SZ,000016,20251209,92345000,0,0,0,0,0,,,0,0,0,0,0,51500,51500,0,0,0,0,0,0,0,0,0,23100,16200,0,0,0,0,0,0,0,0,51500,0,0,0,0,0,0,0,0,0,23100,0,0,0,0,0,0,0,0,0,0,0,0,0,0,0,0,0,0,
000016.SZ,000016,20251209,92354000,0,0,0,0,0,,,0,0,0,0,0,51500,51500,0,0,0,0,0,0,0,0,0,24500,16800,0,0,0,0,0,0,0,0,51500,0,0,0,0,0,0,0,0,0,24500,0,0,0,0,0,0,0,0,0,0,0,0,0,0,0,0,0,0,
000016.SZ,000016,20251209,92403000,0,0,0,0,0,,,0,0,0,0,0,51500,51500,0,0,0,0,0,0,0,0,0,25500,28100,0,0,0,0,0,0,0,0,51500,0,0,0,0,0,0,0,0,0,25500,0,0,0,0,0,0,0,0,0,0,0,0,0,0,0,0,0,0,
000016.SZ,000016,20251209,92412000,0,0,0,0,0,,,0,0,0,0,0,51500,51500,0,0,0,0,0,0,0,0,0,25500,33500,0,0,0,0,0,0,0,0,51500,0,0,0,0,0,0,0,0,0,25500,0,0,0,0,0,0,0,0,0,0,0,0,0,0,0,0,0,0,
000016.SZ,000016,20251209,92421000,0,0,0,0,0,,,0,0,0,0,0,51500,51500,0,0,0,0,0,0,0,0,0,25700,38200,0,0,0,0,0,0,0,0,51500,0,0,0,0,0,0,0,0,0,25700,0,0,0,0,0,0,0,0,0,0,0,0,0,0,0,0,0,0,
000016.SZ,000016,20251209,92430000,0,0,0,0,0,,,0,0,0,0,0,51500,51500,0,0,0,0,0,0,0,0,0,25700,43200,0,0,0,0,0,0,0,0,51500,0,0,0,0,0,0,0,0,0,25700,0,0,0,0,0,0,0,0,0,0,0,0,0,0,0,0,0,0,
000016.SZ,000016,20251209,92448000,0,0,0,0,0,,,0,0,0,0,0,51500,51500,0,0,0,0,0,0,0,0,0,25700,43700,0,0,0,0,0,0,0,0,51500,0,0,0,0,0,0,0,0,0,25700,0,0,0,0,0,0,0,0,0,0,0,0,0,0,0,0,0,0,
000016.SZ,000016,20251209,92457000,0,0,0,0,0,,,0,0,0,0,0,51500,51500,0,0,0,0,0,0,0,0,0,26200,44500,0,0,0,0,0,0,0,0,51500,0,0,0,0,0,0,0,0,0,26200,0,0,0,0,0,0,0,0,0,0,0,0,0,0,0,0,0,0,
000016.SZ,000016,20251209,92500000,51500,44600,229690,47,0,,,44600,229690,51500,51500,51500,51500,51500,51600,51700,51800,51900,52000,52100,52200,52300,52400,34100,25500,31000,52500,137200,104500,47700,38600,56000,43100,51300,51200,51100,51000,50900,50800,50700,50600,50500,50400,2700,3000,34100,237500,55600,28100,10600,77500,50000,7800,54800,49800,2909600,1110400,0,0,0,0,0,
000016.SZ,000016,20251209,93000000,51400,3100,15952,53,0,,,47700,245642,51500,51300,51500,51500,51500,51600,51700,51800,51900,52000,52100,52200,52300,52400,78900,25500,38700,84300,137600,104500,50700,38600,59800,43100,51400,51300,51200,51100,51000,50900,50800,50700,50600,50500,1200,15100,3000,36400,245000,55600,32100,10600,77500,50000,54900,49800,3329800,1153900,0,0,0,0,0,
000016.SZ,000016,20251209,93003000,51400,32800,168598,100,0,,,80500,414240,51500,51300,51500,51500,51400,51500,51600,51700,51800,51900,52000,52100,52200,52300,12000,91300,126200,79100,180400,153200,157400,102100,41100,80200,51300,51200,51100,51000,50900,50800,50700,50600,50500,50400,7200,31900,86600,255500,81100,44600,15300,80500,64500,3600,54600,49900,4036700,1339600,0,0,0,0,0,
000016.SZ,000016,20251209,93006000,51400,15400,79110,111,0,,,95900,493350,51500,51300,51500,51500,51400,51500,51600,51700,51800,51900,52000,52100,52200,52300,6800,116100,128700,72700,190400,153800,159200,102100,41100,80200,51300,51200,51100,51000,50900,50800,50700,50600,50500,50400,2600,32400,98600,255500,90900,45200,15300,84200,66500,3600,54500,49900,4136600,1367700,0,0,0,0,0,
000016.SZ,000016,20251209,93009000,51300,2000,10261,120,0,,,97900,503611,51500,51300,51500,51500,51400,51500,51600,51700,51800,51900,52000,52100,52200,52300,9700,121300,128700,72700,190400,158900,159200,102100,41100,80200,51300,51200,51100,51000,50900,50800,50700,50600,50500,50400,700,132400,98600,270500,90900,45200,15400,84200,70500,3600,54500,50000,4228600,1489500,0,0,0,0,0,
000016.SZ,000016,20251209,93012000,51300,2700,13871,124,0,,,100600,517482,51500,51300,51500,51500,51300,51400,51500,51600,51700,51800,51900,52000,52100,52200,400,23200,121300,128700,72700,187200,158900,159200,102100,41100,51200,51100,51000,50900,50800,50700,50600,50500,50400,50300,132400,108600,270500,90900,45200,15400,84200,70500,3600,38500,54500,50000,4248700,1498800,0,0,0,0,0,
000016.SZ,000016,20251209,93015000,51200,8400,43009,132,0,,,109000,560491,51500,51200,51500,51500,51300,51400,51500,51600,51700,51800,51900,52000,52100,52200,9600,23400,114500,128700,72700,187200,160400,159200,102100,41100,51200,51100,51000,50900,50800,50700,50600,50500,50400,50300,24100,108600,270500,90900,45200,15400,84200,70500,3600,38500,54500,50000,4265700,1390500,0,0,0,0,0,
000016.SZ,000016,20251209,93018000,51200,26500,135719,151,0,,,135500,696210,51500,51200,51500,51500,51300,51400,51500,51600,51700,51800,51900,52000,52100,52200,12800,24100,114400,128700,72700,187200,160400,164200,102100,47100,51200,51100,51000,50900,50800,50700,50600,50500,50400,50300,3200,107600,270500,90900,45200,15400,84200,70500,3600,38500,54500,49900,4282500,1368600,0,0,0,0,0,
000016.SZ,000016,20251209,93021000,51200,1000,5129,153,0,,,136500,701339,51500,51200,51500,51500,51300,51400,51500,51600,51700,51800,51900,52000,52100,52200,35400,24100,111600,128700,63300,187200,160400,164200,102100,47100,51200,51100,51000,50900,50800,50700,50600,50500,50400,50300,3100,107600,270500,90900,45200,15400,84200,70500,3600,38500,54500,49900,4308300,1374500,0,0,0,0,0,
000016.SZ,000016,20251209,93024000,51200,3100,15872,164,0,,,139600,717211,51500,51200,51500,51500,51200,51300,51400,51500,51600,51700,51800,51900,52000,52100,2000,35400,51500,111300,128700,63300,187200,160400,164200,102100,51100,51000,50900,50800,50700,50600,50500,50400,50300,50200,107800,265500,90900,45200,15400,84200,70500,3600,38500,96700,54400,49900,4376100,1366600,0,0,0,0,0,
000016.SZ,000016,20251209,93027000,51200,0,0,164,0,,,139600,717211,51500,51200,51500,51500,51200,51300,51400,51500,51600,51700,51800,51900,52000,52100,12100,35700,47200,116200,128700,53800,187200,160400,187700,102100,51100,51000,50900,50800,50700,50600,50500,50400,50300,50200,111300,265500,89000,45200,15400,84200,70500,3600,38500,96700,54400,49900,4405100,1368200,0,0,0,0,0,
000016.SZ,000016,20251209,93030000,51100,300,1533,165,0,,,139900,718744,51500,51100,51500,51500,51200,51300,51400,51500,51600,51700,51800,51900,52000,52100,20700,37700,55400,116200,128700,56100,187200,160400,187700,102100,51100,51000,50900,50800,50700,50600,50500,50400,50300,50200,115400,265500,91100,45200,15400,84200,72500,3600,38500,96700,54400,49900,4430200,1376400,0,0,0,0,0,
000016.SZ,000016,20251209,93033000,51200,6000,30700,172,0,,,145900,749444,51500,51100,51500,51500,51200,51300,51400,51500,51600,51700,51800,51900,52000,52100,25400,37700,55800,116200,128700,56100,187200,160400,187700,102100,51100,51000,50900,50800,50700,50600,50500,50400,50300,50200,121500,265500,91100,45200,15400,84200,72500,3600,38500,96700,54400,49900,4436300,1383500,0,0,0,0,0,
000016.SZ,000016,20251209,93036000,51100,2100,10751,175,0,,,148000,760195,51500,51100,51500,51500,51200,51300,51400,51500,51600,51700,51800,51900,52000,52100,26800,26500,40900,114800,128700,56100,187200,161400,187700,102100,51100,51000,50900,50800,50700,50600,50500,50400,50300,50200,125600,266500,91100,45200,15400,84200,70500,3600,36500,96700,54400,49900,4422100,1384600,0,0,0,0,0,
000016.SZ,000016,20251209,93039000,51200,700,3579,180,0,,,148700,763774,51500,51100,51500,51500,51200,51300,51400,51500,51600,51700,51800,51900,52000,52100,26600,26500,40900,114800,128700,50400,187200,165400,187700,102100,51100,51000,50900,50800,50700,50600,50500,50400,50300,50200,126300,268500,93300,45400,15400,84200,70500,3600,36500,96700,54400,49900,4420200,1389700,0,0,0,0,0,
000016.SZ,000016,20251209,93042000,51100,1000,5110,181,0,,,149700,768884,51500,51100,51500,51500,51200,51300,51400,51500,51600,51700,51800,51900,52000,52100,31500,26500,40900,101200,128700,50400,187200,165400,188700,102100,51100,51000,50900,50800,50700,50600,50500,50400,50300,50200,126600,268500,93300,45400,15400,84200,70500,3600,36500,96900,54400,49900,4418400,1390500,0,0,0,0,0,
000016.SZ,000016,20251209,93045000,51100,900,4605,186,0,,,150600,773489,51500,51100,51500,51500,51200,51300,51400,51500,51600,51700,51800,51900,52000,52100,33900,40100,40900,99200,128700,50400,187200,165400,188700,102100,51100,51000,50900,50800,50700,50600,50500,50400,50300,50200,145600,268500,93300,45400,15400,84200,73500,3600,36500,96900,54400,50000,4432400,1412500,0,0,0,0,0,
000016.SZ,000016,20251209,93048000,51100,19400,99136,195,0,,,170000,872625,51500,51100,51500,51500,51200,51300,51400,51500,51600,51700,51800,51900,52000,52100,48700,40100,57800,99200,128700,50400,187200,165400,188700,102100,51100,51000,50900,50800,50700,50600,50500,50400,50300,50200,140900,268500,93300,45200,15400,84200,80600,3600,36500,96900,54400,50000,4464100,1416700,0,0,0,0,0,
000016.SZ,000016,20251209,93051000,51100,2200,11242,197,0,,,172200,883867,51500,51100,51500,51500,51200,51300,51400,51500,51600,51700,51800,51900,52000,52100,48700,40100,57800,99200,128700,50400,187200,165400,178000,102100,51100,51000,50900,50800,50700,50600,50500,50400,50300,50200,148500,273500,93300,45200,15400,84300,80800,3600,36500,96900,54400,50000,4454700,1429600,0,0,0,0,0,
000016.SZ,000016,20251209,93054000,51100,0,0,197,0,,,172200,883867,51500,51100,51500,51500,51200,51300,51400,51500,51600,51700,51800,51900,52000,52100,58600,40100,57800,99200,128700,50400,187200,165400,178000,102100,51100,51000,50900,50800,50700,50600,50500,50400,50300,50200,161300,274700,93300,63200,15400,85300,80800,3600,36500,96900,54400,50000,4469600,1462600,0,0,0,0,0,
000016.SZ,000016,20251209,93057000,51100,1600,8176,199,0,,,173800,892043,51500,51100,51500,51500,51200,51300,51400,51500,51600,51700,51800,51900,52000,52100,59000,40900,57800,99200,128700,50400,187200,165400,178000,102100,51100,51000,50900,50800,50700,50600,50500,50400,50300,50200,167700,283300,93800,63200,15400,85300,80800,3600,37500,96900,54400,50000,4471900,1479100,0,0,0,0,0,
000016.SZ,000016,20251209,93100000,51200,900,4608,201,0,,,174700,896651,51500,51100,51500,51500,51200,51300,51400,51500,51600,51700,51800,51900,52000,52100,60000,40700,56300,99200,128700,50400,197900,165400,178000,102100,51100,51000,50900,50800,50700,50600,50500,50400,50300,50200,171600,283300,97200,68200,15400,85300,81300,3600,37500,96900,54400,50000,4481900,1492900,0,0,0,0,0,
000016.SZ,000016,20251209,93103000,51200,3600,18413,205,0,,,178300,915064,51500,51100,51500,51500,51200,51300,51400,51500,51600,51700,51800,51900,52000,52100,43600,40600,56300,99200,52700,50400,197900,165400,178000,102100,51100,51000,50900,50800,50700,50600,50500,50400,50300,50200,183900,285300,97200,68200,15400,87300,81300,3600,37500,99900,54500,50000,4391300,1513200,0,0,0,0,0,
000016.SZ,000016,20251209,93106000,51200,0,0,205,0,,,178300,915064,51500,51100,51500,51500,51200,51300,51400,51500,51600,51700,51800,51900,52000,52100,46400,40600,56300,99200,52700,50400,197900,165400,178000,102100,51100,51000,50900,50800,50700,50600,50500,50400,50300,50200,188600,286100,97200,68200,15400,87300,88000,3600,37500,99900,54500,50000,4398500,1525400,0,0,0,0,0,
000016.SZ,000016,20251209,93109000,51200,2600,13291,208,0,,,180900,928355,51500,51100,51500,51500,51200,51300,51400,51500,51600,51700,51800,51900,52000,52100,51900,40600,55700,99200,52700,50400,197900,165400,178000,102100,51100,51000,50900,50800,50700,50600,50500,50400,50300,50200,189500,291600,97200,68200,15400,88300,88000,3600,37500,99900,54500,50000,4418900,1542800,0,0,0,0,0,
000016.SZ,000016,20251209,93112000,51100,17000,86870,218,0,,,197900,1015225,51500,51100,51500,51500,51200,51300,51400,51500,51600,51700,51800,51900,52000,52100,52100,40600,55700,99200,52700,50400,197900,165400,178000,102100,51100,51000,50900,50800,50700,50600,50500,50400,50300,50200,175700,287700,107600,68200,15400,88300,91000,3600,37500,99900,54500,50000,4420500,1538500,0,0,0,0,0,
000016.SZ,000016,20251209,93115000,51100,0,0,218,0,,,197900,1015225,51500,51100,51500,51500,51200,51300,51400,51500,51600,51700,51800,51900,52000,52100,54200,40600,54500,99200,52700,50400,197900,165400,178000,102100,51100,51000,50900,50800,50700,50600,50500,50400,50300,50200,176300,302300,107800,79900,15400,88300,91000,3600,37500,99900,54500,50000,4423400,1566200,0,0,0,0,0,
000016.SZ,000016,20251209,93118000,51100,274600,1402291,366,0,,,472500,2417516,51500,51000,51500,51500,51100,51200,51300,51400,51500,51600,51700,51800,51900,52000,100,55600,38100,54400,99200,52700,50400,197900,165400,178000,51000,50900,50800,50700,50600,50500,50400,50300,50200,50100,220600,109800,79900,15400,91300,91200,3600,37500,99900,32100,54500,49800,4421200,1323400,0,0,0,0,0,
000016.SZ,000016,20251209,93121000,51100,4100,20951,376,0,,,476600,2438467,51500,51000,51500,51500,51100,51200,51300,51400,51500,51600,51700,51800,51900,52000,25400,65500,37200,42000,99200,52700,50400,202900,165400,178000,51000,50900,50800,50700,50600,50500,50400,50300,50200,50100,255500,109800,81900,25400,91300,91200,3600,37500,99900,32100,54400,49900,4448100,1371600,0,0,0,0,0,
000016.SZ,000016,20251209,93124000,51100,26700,136437,388,0,,,503300,2574904,51500,51000,51500,51500,51200,51300,51400,51500,51600,51700,51800,51900,52000,52100,65600,37200,42000,99200,52700,50400,202900,165400,178000,102100,51100,51000,50900,50800,50700,50600,50500,50400,50300,50200,11000,257100,109800,82500,25400,91300,91800,3600,37500,99900,54500,49900,4421600,1385400,0,0,0,0,0,
000016.SZ,000016,20251209,93127000,51100,100,511,389,0,,,503400,2575415,51500,51000,51500,51500,51200,51300,51400,51500,51600,51700,51800,51900,52000,52100,64600,37200,42000,99200,52700,50400,202900,165400,178000,102100,51100,51000,50900,50800,50700,50600,50500,50400,50300,50200,14400,257600,111300,82500,25400,91300,91800,3600,37500,99900,54500,49900,4420600,1392800,0,0,0,0,0,
000016.SZ,000016,20251209,93130000,51100,1200,6132,390,0,,,504600,2581547,51500,51000,51500,51500,51200,51300,51400,51500,51600,51700,51800,51900,52000,52100,64600,37200,42000,99200,52700,50400,193900,165400,178000,102100,51100,51000,50900,50800,50700,50600,50500,50400,50300,50200,17000,258200,111300,82500,26400,101300,91800,3600,42300,99900,54500,49900,4411600,1411800,0,0,0,0,0,
000016.SZ,000016,20251209,93133000,51100,0,0,390,0,,,504600,2581547,51500,51000,51500,51500,51200,51300,51400,51500,51600,51700,51800,51900,52000,52100,65300,37200,42000,99200,52700,50400,193900,165400,178000,102100,51100,51000,50900,50800,50700,50600,50500,50400,50300,50200,18200,260700,114300,82500,26400,102300,91800,3600,42300,100900,54500,49900,4415200,1425500,0,0,0,0,0,
000016.SZ,000016,20251209,93136000,51200,1300,6644,392,0,,,505900,2588191,51500,51000,51500,51500,51200,51300,51400,51500,51600,51700,51800,51900,52000,52100,54900,37200,42000,88200,53300,48400,193900,165400,178000,102100,51100,51000,50900,50800,50700,50600,50500,50400,50300,50200,19100,283200,114300,82500,26400,102300,91800,3600,42300,100900,54500,49900,4394400,1448900,0,0,0,0,0,
000016.SZ,000016,20251209,93139000,51200,20800,106318,407,0,,,526700,2694509,51500,51000,51500,51500,51200,51300,51400,51500,51600,51700,51800,51900,52000,52100,51900,37200,42000,88200,53300,48400,193900,165400,178000,102100,51100,51000,50900,50800,50700,50600,50500,50400,50300,50200,10900,286000,115300,82500,26400,107300,91800,3600,42300,100900,54500,49900,4397500,1449500,0,0,0,0,0,
000016.SZ,000016,20251209,93142000,51100,900,4599,409,0,,,527600,2699108,51500,51000,51500,51500,51200,51300,51400,51500,51600,51700,51800,51900,52000,52100,62100,37200,42000,115100,53300,48400,193900,165400,178000,102100,51100,51000,50900,50800,50700,50600,50500,50400,50300,50200,21400,287600,113200,82500,26400,107300,91800,7400,42300,100900,54500,49900,4435800,1463300,0,0,0,0,0,
000016.SZ,000016,20251209,93145000,51100,30900,158199,439,0,,,558500,2857307,51500,51000,51500,51500,51200,51300,51400,51500,51600,51700,51800,51900,52000,52100,33800,37200,42000,88200,53300,48400,193900,165400,178000,102100,51100,51000,50900,50800,50700,50600,50500,50400,50300,50200,23500,288100,113200,82500,26400,117600,91800,7400,42300,100900,54500,49900,4390000,1476200,0,0,0,0,0,
000016.SZ,000016,20251209,93148000,51100,2900,14819,443,0,,,561400,2872126,51500,51000,51500,51500,51200,51300,51400,51500,51600,51700,51800,51900,52000,52100,34200,37200,50500,88200,53300,48400,191900,165400,178000,102100,51100,51000,50900,50800,50700,50600,50500,50400,50300,50200,26600,298100,113200,83500,26400,118600,92400,7400,42300,100900,54500,49900,4394900,1492400,0,0,0,0,0,
000016.SZ,000016,20251209,93151000,51100,0,0,443,0,,,561400,2872126,51500,51000,51500,51500,51200,51300,51400,51500,51600,51700,51800,51900,52000,52100,38600,37200,50500,88200,53300,48400,191900,165400,178000,102100,51100,51000,50900,50800,50700,50600,50500,50400,50300,50200,37100,303100,102800,83500,26400,118600,92400,7400,42300,100900,54500,49900,4405600,1497500,0,0,0,0,0,
000016.SZ,000016,20251209,93154000,51200,6500,33273,449,0,,,567900,2905399,51500,51000,51500,51500,51200,51300,51400,51500,51600,51700,51800,51900,52000,52100,32800,37300,50500,88100,53300,48400,191900,165400,180000,102100,51100,51000,50900,50800,50700,50600,50500,50400,50300,50200,54300,305600,102800,84000,26400,118600,93400,7400,42300,100900,54500,50000,4411800,1519700,0,0,0,0,0,
000016.SZ,000016,20251209,93157000,51100,8900,45559,463,0,,,576800,2950958,51500,51000,51500,51500,51200,51300,51400,51500,51600,51700,51800,51900,52000,52100,24900,37300,50500,88100,53300,48400,191900,165400,180000,102100,51100,51000,50900,50800,50700,50600,50500,50400,50300,50200,74100,324500,102800,84000,26400,118600,92900,7400,42300,100900,54500,50000,4403900,1558900,0,0,0,0,0,
000016.SZ,000016,20251209,93200000,51200,2500,12790,465,0,,,579300,2963748,51500,51000,51500,51500,51200,51300,51400,51500,51600,51700,51800,51900,52000,52100,24000,37300,50500,87900,53300,48400,191900,165000,180000,102100,51100,51000,50900,50800,50700,50600,50500,50400,50300,50200,83900,325300,102800,84000,26400,118600,92900,7400,42300,99700,54500,50000,4407400,1569300,0,0,0,0,0,
000016.SZ,000016,20251209,93203000,51100,2500,12775,468,0,,,581800,2976523,51500,51000,51500,51500,51200,51300,51400,51500,51600,51700,51800,51900,52000,52100,27200,37300,50500,87900,53300,48400,162800,165000,180000,102100,51100,51000,50900,50800,50700,50600,50500,50400,50300,50200,94000,328300,104800,84000,34200,118600,97900,7400,42300,99700,54500,50000,4392900,1597300,0,0,0,0,0,
000016.SZ,000016,20251209,93206000,51100,1800,9198,472,0,,,583600,2985721,51500,51000,51500,51500,51200,51300,51400,51500,51600,51700,51800,51900,52000,52100,27600,37300,50500,89900,53300,48400,162800,165000,180000,102100,51100,51000,50900,50800,50700,50600,50500,50400,50300,50200,103100,334500,104800,84800,38000,118600,97900,7400,42300,149700,54500,50000,4397000,1667200,0,0,0,0,0,
000016.SZ,000016,20251209,93209000,51200,6700,34294,483,0,,,590300,3020015,51500,51000,51500,51500,51200,51300,51400,51500,51600,51700,51800,51900,52000,52100,34500,37300,50500,89900,53300,48400,162800,165000,180000,102100,51100,51000,50900,50800,50700,50600,50500,50400,50300,50200,104700,334000,104800,87800,38000,118600,97900,7400,42300,149700,54500,50000,4403900,1670700,0,0,0,0,0,
000016.SZ,000016,20251209,93212000,51100,1300,6643,485,0,,,591600,3026658,51500,51000,51500,51500,51200,51300,51400,51500,51600,51700,51800,51900,52000,52100,35300,37300,50500,89900,53300,77500,150700,165000,180000,102100,51100,51000,50900,50800,50700,50600,50500,50400,50300,50200,141600,340000,107400,92000,38300,118600,97900,7400,42300,149700,54500,50100,4421700,1724400,0,0,0,0,0,
000016.SZ,000016,20251209,93215000,51100,8500,43435,491,0,,,600100,3070093,51500,51000,51500,51500,51200,51300,51400,51500,51600,51700,51800,51900,52000,52100,26400,37300,50500,89900,53300,77500,150700,165000,180000,102100,51100,51000,50900,50800,50700,50600,50500,50400,50300,50200,133900,350500,107400,94500,38300,118600,97900,7400,42300,149700,54500,50100,4427800,1732700,0,0,0,0,0,
000016.SZ,000016,20251209,93218000,51200,22000,112588,513,0,,,622100,3182681,51500,51000,51500,51500,51200,51300,51400,51500,51600,51700,51800,51900,52000,52100,12000,37300,50500,99900,53300,77500,150700,165000,180000,102100,51100,51000,50900,50800,50700,50600,50500,50400,50300,50200,243000,350500,108400,97500,38300,118600,97900,7400,42300,149700,54500,50100,4426900,1845800,0,0,0,0,0,
000016.SZ,000016,20251209,93221000,51100,11500,58865,522,0,,,633600,3241546,51500,51000,51500,51500,51200,51300,51400,51500,51600,51700,51800,51900,52000,52100,2000,37300,50500,99900,53300,77900,150700,165000,180000,102100,51100,51000,50900,50800,50700,50600,50500,50400,50300,50200,245700,365900,109900,97500,39300,118600,97900,7400,42300,149700,54500,50100,4432300,1866400,0,0,0,0,0,
000016.SZ,000016,20251209,93224000,51100,10500,53677,532,0,,,644100,3295223,51500,51000,51500,51500,51200,51300,51400,51500,51600,51700,51800,51900,52000,52100,100,37300,50500,99900,53300,90000,150700,165000,180000,102100,51100,51000,50900,50800,50700,50600,50500,50400,50300,50200,238900,370600,110800,91900,39300,129100,97900,7400,42300,149700,54500,50100,4442400,1871600,0,0,0,0,0,
000016.SZ,000016,20251209,93227000,51200,7600,38916,546,0,,,651700,3334139,51500,51000,51500,51500,51300,51400,51500,51600,51700,51800,51900,52000,52100,52200,38000,50500,99900,53300,95000,150700,165000,180000,102100,49100,51200,51100,51000,50900,50800,50700,50600,50500,50400,50300,3100,248000,371600,111300,91900,39300,129100,97900,7400,42800,54500,50100,4448000,1888100,0,0,0,0,0,
000016.SZ,000016,20251209,93230000,51200,0,0,546,0,,,651700,3334139,51500,51000,51500,51500,51300,51400,51500,51600,51700,51800,51900,52000,52100,52200,38000,50500,99900,53300,95000,150700,165000,180000,102100,49100,51200,51100,51000,50900,50800,50700,50600,50500,50400,50300,3200,230000,374900,117900,91900,39300,129100,97900,12400,42800,54500,50100,4461900,1884900,0,0,0,0,0,
000016.SZ,000016,20251209,93233000,51200,36600,187265,560,0,,,688300,3521404,51500,51000,51500,51500,51200,51300,51400,51500,51600,51700,51800,51900,52000,52100,500,42700,50500,99900,53300,95000,150700,165000,180000,102100,51100,51000,50900,50800,50700,50600,50500,50400,50300,50200,238600,374900,117900,92100,39300,129100,97900,12400,42800,149700,54500,50100,4478600,1890500,0,0,0,0,0,
000016.SZ,000016,20251209,93236000,51200,3300,16899,570,0,,,691600,3538303,51500,51000,51500,51500,51200,51300,51400,51500,51600,51700,51800,51900,52000,52100,8500,47500,50500,99900,53300,95000,150700,165000,180000,102100,51100,51000,50900,50800,50700,50600,50500,50400,50300,50200,246100,375900,117900,92100,44300,129100,97900,12400,42800,149700,54500,50100,4499500,1904000,0,0,0,0,0,
000016.SZ,000016,20251209,93239000,51200,0,0,570,0,,,691600,3538303,51500,51000,51500,51500,51200,51300,51400,51500,51600,51700,51800,51900,52000,52100,19500,47500,50500,102900,53300,95000,150700,165000,180000,102100,51100,51000,50900,50800,50700,50600,50500,50400,50300,50200,247700,388300,117900,92200,44300,129100,98700,12400,42800,149700,54500,50100,4513500,1919400,0,0,0,0,0,
000016.SZ,000016,20251209,93242000,51200,2400,12288,571,0,,,694000,3550591,51500,51000,51500,51500,51200,51300,51400,51500,51600,51700,51800,51900,52000,52100,23400,47500,50500,102900,53300,95000,150700,165000,180000,102100,51100,51000,50900,50800,50700,50600,50500,50400,50300,50200,259600,389300,117900,92700,44300,129100,98700,12400,42800,155700,54500,50200,4517400,1938800,0,0,0,0,0,
000016.SZ,000016,20251209,93245000,51200,13400,68608,576,0,,,707400,3619199,51500,51000,51500,51500,51200,51300,51400,51500,51600,51700,51800,51900,52000,52100,14300,46600,50500,102900,53300,95000,150700,165000,180000,102100,51100,51000,50900,50800,50700,50600,50500,50400,50300,50200,262500,395700,117900,92700,44300,129100,98700,12400,42800,155700,54500,50200,4509700,1948100,0,0,0,0,0,
000016.SZ,000016,20251209,93248000,51200,0,0,576,0,,,707400,3619199,51500,51000,51500,51500,51200,51300,51400,51500,51600,51700,51800,51900,52000,52100,18900,46600,50500,102900,53300,95000,150700,165000,180000,102100,51100,51000,50900,50800,50700,50600,50500,50400,50300,50200,264100,391700,117900,92800,44300,129100,98700,12400,42800,155700,54500,50200,4515600,1945800,0,0,0,0,0,
000016.SZ,000016,20251209,93251000,51200,0,0,576,0,,,707400,3619199,51500,51000,51500,51500,51200,51300,51400,51500,51600,51700,51800,51900,52000,52100,18900,46600,50700,102900,53300,95000,150700,165000,180000,102100,51100,51000,50900,50800,50700,50600,50500,50400,50300,50200,269800,394500,117900,92700,44300,129100,98700,12400,45800,162600,54500,50200,4563500,1954100,0,0,0,0,0,
000016.SZ,000016,20251209,93254000,51100,4300,22015,580,0,,,711700,3641214,51500,51000,51500,51500,51200,51300,51400,51500,51600,51700,51800,51900,52000,52100,16700,46600,60700,102900,53300,95000,150700,165000,175900,102100,51100,51000,50900,50800,50700,50600,50500,50400,50300,50200,271200,416200,118600,102800,44300,130100,98800,12400,45800,162600,54500,50200,4567200,1990100,0,0,0,0,0,
000016.SZ,000016,20251209,93257000,51200,7200,36816,585,0,,,718900,3678030,51500,51000,51500,51500,51200,51300,51400,51500,51600,51700,51800,51900,52000,52100,14300,46600,60700,102900,53300,95000,150700,165000,175900,102100,51100,51000,50900,50800,50700,50600,50500,50400,50300,50200,283200,416000,116600,103800,44300,129000,98800,12400,45800,162600,54500,50200,4564800,1999800,0,0,0,0,0,
000016.SZ,000016,20251209,93300000,51100,2000,10220,589,0,,,720900,3688250,51500,51000,51500,51500,51200,51300,51400,51500,51600,51700,51800,51900,52000,52100,14600,33000,60700,102900,53300,95000,150700,165000,180700,102100,51100,51000,50900,50800,50700,50600,50500,50400,50300,50200,283200,420400,116600,103800,44400,129000,100700,12400,45800,162600,54500,50200,4561300,2006200,0,0,0,0,0,
000016.SZ,000016,20251209,93303000,51200,9900,50664,602,0,,,730800,3738914,51500,51000,51500,51500,51200,51300,51400,51500,51600,51700,51800,51900,52000,52100,7200,33000,60700,102900,53300,95000,150700,165000,180700,102100,51100,51000,50900,50800,50700,50600,50500,50400,50300,50200,281300,433400,116600,103800,55400,129000,100700,12400,45800,162600,54500,50200,4555300,2029300,0,0,0,0,0,
000016.SZ,000016,20251209,93306000,51200,1300,6656,607,0,,,732100,3745570,51500,51000,51500,51500,51200,51300,51400,51500,51600,51700,51800,51900,52000,52100,8600,33000,60700,102900,53300,95000,150700,165000,180700,102100,51100,51000,50900,50800,50700,50600,50500,50400,50300,50200,284000,435400,116600,103800,55400,131000,100700,12400,45800,162600,54500,50200,4557200,2036000,0,0,0,0,0,
000016.SZ,000016,20251209,93309000,51200,5700,29184,612,0,,,737800,3774754,51500,51000,51500,51500,51200,51300,51400,51500,51600,51700,51800,51900,52000,52100,2900,33000,60700,102900,57400,95000,150700,165000,180700,102100,51100,51000,50900,50800,50700,50600,50500,50400,50300,50200,286300,436300,116600,103800,60300,131000,102700,12400,45800,163700,54500,50200,4558400,2048400,0,0,0,0,0,
000016.SZ,000016,20251209,93312000,51200,100,512,613,0,,,737900,3775266,51500,51000,51500,51500,51200,51300,51400,51500,51600,51700,51800,51900,52000,52100,2800,33000,60700,102900,57400,95000,150700,165000,180700,102100,51100,51000,50900,50800,50700,50600,50500,50400,50300,50200,292800,436500,116600,102800,60300,131000,102700,12400,45800,163700,54500,50200,4558300,2054100,0,0,0,0,0,
000016.SZ,000016,20251209,93315000,51200,4300,22016,619,0,,,742200,3797282,51500,51000,51500,51500,51300,51400,51500,51600,51700,51800,51900,52000,52100,52200,33100,60700,102900,57400,95000,150700,165000,180700,102100,54100,51100,51000,50900,50800,50700,50600,50500,50400,50300,50200,289800,436500,116600,102800,63100,131200,108200,14400,45800,163700,54500,50200,4565000,2062600,0,0,0,0,0,
000016.SZ,000016,20251209,93318000,51300,3800,19462,624,0,,,746000,3816744,51500,51000,51500,51500,51300,51400,51500,51600,51700,51800,51900,52000,52100,52200,32600,60700,103900,57400,95000,150700,165000,180700,102100,54100,51200,51100,51000,50900,50800,50700,50600,50500,50400,50300,1800,293800,435700,116600,103100,63100,131200,108200,14400,45800,54500,50200,4567100,2069800,0,0,0,0,0,
000016.SZ,000016,20251209,93321000,51300,1200,6146,627,0,,,747200,3822890,51500,51000,51500,51500,51300,51400,51500,51600,51700,51800,51900,52000,52100,52200,32500,60700,103900,57400,95000,147800,165000,180700,102100,54100,51200,51100,51000,50900,50800,50700,50600,50500,50400,50300,2800,296800,435700,116600,103100,63100,131200,108200,14400,45800,54500,50200,4565200,2075800,0,0,0,0,0,
000016.SZ,000016,20251209,93324000,51300,500,2565,631,0,,,747700,3825455,51500,51000,51500,51500,51300,51400,51500,51600,51700,51800,51900,52000,52100,52200,32000,60700,103900,57400,95000,147800,165000,180700,102100,54100,51200,51100,51000,50900,50800,50700,50600,50500,50400,50300,9600,298000,435700,116600,103100,63100,131200,108200,14400,45800,54500,50200,4564700,2083800,0,0,0,0,0,
000016.SZ,000016,20251209,93327000,51200,3100,15872,635,0,,,750800,3841327,51500,51000,51500,51500,51300,51400,51500,51600,51700,51800,51900,52000,52100,52200,32000,60700,103900,57400,95000,147800,165000,180700,102100,54100,51200,51100,51000,50900,50800,50700,50600,50500,50400,50300,7900,299800,433700,106800,103100,63100,131200,108200,14400,45800,54500,50200,4564700,2072100,0,0,0,0,0,
000016.SZ,000016,20251209,93330000,51200,100,512,636,0,,,750900,3841839,51500,51000,51500,51500,51300,51400,51500,51600,51700,51800,51900,52000,52100,52200,32000,60700,103900,57400,95000,147800,165000,180700,82100,54100,51200,51100,51000,50900,50800,50700,50600,50500,50400,50300,7800,323700,432900,106800,104100,63100,147600,108200,14400,45800,54500,50200,4545700,2112500,0,0,0,0,0,
000016.SZ,000016,20251209,93333000,51200,0,0,636,0,,,750900,3841839,51500,51000,51500,51500,51300,51400,51500,51600,51700,51800,51900,52000,52100,52200,32100,60700,103900,57400,95000,147800,165000,180700,82100,54100,51200,51100,51000,50900,50800,50700,50600,50500,50400,50300,16300,323700,442900,106800,105600,63100,147600,108000,12600,45800,54500,50200,4545800,2131400,0,0,0,0,0,
000016.SZ,000016,20251209,93336000,51200,0,0,636,0,,,750900,3841839,51500,51000,51500,51500,51300,51400,51500,51600,51700,51800,51900,52000,52100,52200,32100,60700,103900,57400,95000,147800,165000,180700,82100,54100,51200,51100,51000,50900,50800,50700,50600,50500,50400,50300,23300,325700,447300,106900,105600,63100,147600,109000,12600,45800,54500,50200,4545800,2145900,0,0,0,0,0,
000016.SZ,000016,20251209,93339000,51200,0,0,636,0,,,750900,3841839,51500,51000,51500,51500,51300,51400,51500,51600,51700,51800,51900,52000,52100,52200,32100,60700,103900,57400,95000,147800,165000,180700,82100,54100,51200,51100,51000,50900,50800,50700,50600,50500,50400,50300,61700,339800,448300,106900,105600,63100,147600,109000,12600,45800,54500,50300,4550800,2199400,0,0,0,0,0,
000016.SZ,000016,20251209,93342000,51300,1000,5130,637,0,,,751900,3846969,51500,51000,51500,51500,51300,51400,51500,51600,51700,51800,51900,52000,52100,52200,31100,62100,100400,57400,95000,147800,165000,180700,82100,54100,51200,51100,51000,50900,50800,50700,50600,50500,50400,50300,61700,338300,448800,106900,108800,63100,147600,109000,12600,45800,54500,50300,4547700,2202600,0,0,0,0,0,
000016.SZ,000016,20251209,93345000,51200,8400,43018,642,0,,,760300,3889987,51500,51000,51500,51500,51300,51400,51500,51600,51700,51800,51900,52000,52100,52200,30000,62100,100400,57400,95000,147800,165000,180700,82100,54100,51200,51100,51000,50900,50800,50700,50600,50500,50400,50300,59600,336800,451900,106900,108900,63100,148700,109000,12600,45800,54500,50300,4546600,2203300,0,0,0,0,0,
000016.SZ,000016,20251209,93348000,51200,0,0,642,0,,,760300,3889987,51500,51000,51500,51500,51300,51400,51500,51600,51700,51800,51900,52000,52100,52200,32300,62100,100400,57400,95000,148300,165000,180700,82100,54100,51200,51100,51000,50900,50800,50700,50600,50500,50400,50300,54100,336800,448900,106900,108900,63100,148700,109000,12600,46000,54500,50200,4560000,2195000,0,0,0,0,0,
000016.SZ,000016,20251209,93351000,51200,0,0,642,0,,,760300,3889987,51500,51000,51500,51500,51300,51400,51500,51600,51700,51800,51900,52000,52100,52200,32300,62100,100400,57400,95000,148300,165000,180700,82100,54100,51200,51100,51000,50900,50800,50700,50600,50500,50400,50300,61600,336800,448900,106900,108900,63100,148700,112000,12600,46000,54500,50300,4572000,2201500,0,0,0,0,0,
000016.SZ,000016,20251209,93354000,51300,57400,294265,688,0,,,817700,4184252,51500,51000,51500,51500,51400,51500,51600,51700,51800,51900,52000,52100,52200,52300,77700,100400,57400,95000,148300,165000,180700,82500,54100,90200,51300,51200,51100,51000,50900,50800,50700,50600,50500,50400,12300,50500,336100,451800,106000,108900,63100,149500,112000,12600,54500,50300,4559400,2205300,0,0,0,0,0,
000016.SZ,000016,20251209,93357000,51300,1100,5643,691,0,,,818800,4189895,51500,51000,51500,51500,51400,51500,51600,51700,51800,51900,52000,52100,52200,52300,77800,100400,57400,95000,168300,165000,180700,82500,54100,90200,51300,51200,51100,51000,50900,50800,50700,50600,50500,50400,14000,62800,328800,451800,106000,108900,63100,149500,112000,12600,54500,50300,4589500,2213600,0,0,0,0,0,
000016.SZ,000016,20251209,93400000,51300,500,2565,692,0,,,819300,4192460,51500,51000,51500,51500,51400,51500,51600,51700,51800,51900,52000,52100,52200,52300,68400,100400,57400,95000,168300,165000,180700,82500,54100,90200,51300,51200,51100,51000,50900,50800,50700,50600,50500,50400,18500,88600,328800,461800,106500,108900,63100,149500,112000,12600,54500,50300,4580100,2256000,0,0,0,0,0,
000016.SZ,000016,20251209,93403000,51400,400,2056,696,0,,,819700,4194516,51500,51000,51500,51500,51400,51500,51600,51700,51800,51900,52000,52100,52200,52300,68000,100400,57400,95000,168300,165000,180700,82500,54100,90200,51300,51200,51100,51000,50900,50800,50700,50600,50500,50400,22200,105800,332000,453200,106500,108900,63100,149500,112000,12600,54500,50300,4586100,2271500,0,0,0,0,0,
000016.SZ,000016,20251209,93406000,51300,2100,10775,699,0,,,821800,4205291,51500,51000,51500,51500,51400,51500,51600,51700,51800,51900,52000,52100,52200,52300,67800,100400,57400,95000,168300,165000,180700,82500,54100,90200,51300,51200,51100,51000,50900,50800,50700,50600,50500,50400,21800,105800,379800,453200,106500,108900,63100,149500,112000,12600,54500,50300,4586400,2308900,0,0,0,0,0,
000016.SZ,000016,20251209,93409000,51400,27600,141619,714,0,,,849400,4346910,51500,51000,51500,51500,51400,51500,51600,51700,51800,51900,52000,52100,52200,52300,67100,100400,56400,95000,168300,165000,180700,82500,54100,90200,51300,51200,51100,51000,50900,50800,50700,50600,50500,50400,8800,98600,379800,457400,106500,128900,63100,149500,112400,12600,54500,50300,4584700,2313300,0,0,0,0,0,
000016.SZ,000016,20251209,93412000,51400,500,2570,716,0,,,849900,4349480,51500,51000,51500,51500,51400,51500,51600,51700,51800,51900,52000,52100,52200,52300,71600,100400,56400,95000,168300,165000,180700,82500,54100,90200,51300,51200,51100,51000,50900,50800,50700,50600,50500,50400,28100,101400,379800,454400,106500,128900,63100,149500,113200,12600,54500,50300,4591300,2333200,0,0,0,0,0,
000016.SZ,000016,20251209,93415000,51300,121700,623453,752,0,,,971600,4972933,51500,51000,51500,51500,51400,51500,51600,51700,51800,51900,52000,52100,52200,52300,71600,100400,52300,95000,177800,165000,180700,82500,54100,90200,51200,51100,51000,50900,50800,50700,50600,50500,50400,50300,14700,379800,456300,96600,128900,63100,149500,113200,12600,46000,54500,50300,4596700,2210400,0,0,0,0,0,
000016.SZ,000016,20251209,93418000,51300,400,2052,754,0,,,972000,4974985,51500,51000,51500,51500,51400,51500,51600,51700,51800,51900,52000,52100,52200,52300,71600,100400,52300,95000,177800,165000,180700,82500,54100,90200,51300,51200,51100,51000,50900,50800,50700,50600,50500,50400,1800,35100,382800,465900,96600,128900,63100,151200,113200,12600,54500,50300,4598700,2246900,0,0,0,0,0,
000016.SZ,000016,20251209,93421000,51200,47900,246008,770,0,,,1019900,5220993,51500,51000,51500,51500,51400,51500,51600,51700,51800,51900,52000,52100,52200,52300,42100,100400,52300,95000,177800,165000,184100,82500,54100,90200,51300,51200,51100,51000,50900,50800,50700,50600,50500,50400,5200,44400,382500,467700,96600,128900,63100,151200,113200,12600,54500,50300,4565000,2261100,0,0,0,0,0,
000016.SZ,000016,20251209,93424000,51300,12000,61560,773,0,,,1031900,5282553,51500,51000,51500,51500,51400,51500,51600,51700,51800,51900,52000,52100,52200,52300,42100,100400,52300,99100,177800,165000,184100,82500,54100,90200,51300,51200,51100,51000,50900,50800,50700,50600,50500,50400,7900,57300,382900,478500,96600,128900,63100,151200,113200,12600,54500,50300,4569600,2287400,0,0,0,0,0,
000016.SZ,000016,20251209,93427000,51300,0,0,773,0,,,1031900,5282553,51500,51000,51500,51500,51400,51500,51600,51700,51800,51900,52000,52100,52200,52300,47100,100400,52300,99100,177800,165000,184100,82500,54100,90200,51300,51200,51100,51000,50900,50800,50700,50600,50500,50400,14400,61100,382900,479900,96600,128900,63100,151200,113200,12600,54500,50300,4574600,2303700,0,0,0,0,0,
000016.SZ,000016,20251209,93430000,51300,34500,176985,794,0,,,1066400,5459538,51500,51000,51500,51500,51300,51400,51500,51600,51700,51800,51900,52000,52100,52200,6500,47100,100400,52300,95600,177800,165000,179900,82500,54100,51200,51100,51000,50900,50800,50700,50600,50500,50400,50300,81000,382900,480100,95900,128900,63100,151200,113200,12600,46000,54500,50300,4573400,2308700,0,0,0,0,0,
000016.SZ,000016,20251209,93433000,51300,2900,14877,797,0,,,1069300,5474415,51500,51000,51500,51500,51300,51400,51500,51600,51700,51800,51900,52000,52100,52200,3600,47100,100400,52300,95600,177800,165000,179900,82500,54100,51200,51100,51000,50900,50800,50700,50600,50500,50400,50300,87700,382900,480100,95900,130900,65100,151200,113200,12600,46000,54500,50300,4577500,2319400,0,0,0,0,0,
000016.SZ,000016,20251209,93436000,51300,1000,5130,799,0,,,1070300,5479545,51500,51000,51500,51500,51300,51400,51500,51600,51700,51800,51900,52000,52100,52200,3600,51300,100400,52300,95600,177800,165000,179900,82500,54100,51200,51100,51000,50900,50800,50700,50600,50500,50400,50300,87800,382900,480100,95900,133900,65100,151200,113200,13100,46000,54500,50300,4611600,2323000,0,0,0,0,0,
000016.SZ,000016,20251209,93439000,51300,1000,5130,800,0,,,1071300,5484675,51500,51000,51500,51500,51300,51400,51500,51600,51700,51800,51900,52000,52100,52200,2600,51300,100400,52300,98100,177800,165000,181000,82500,54100,51200,51100,51000,50900,50800,50700,50600,50500,50400,50300,87800,369500,480100,95900,133900,65100,151200,117000,13100,46000,54500,50300,4614200,2313400,0,0,0,0,0,
000016.SZ,000016,20251209,93442000,51300,3600,18468,804,0,,,1074900,5503143,51500,51000,51500,51500,51400,51500,51600,51700,51800,51900,52000,52100,52200,52300,51300,83600,52300,98100,177800,190800,181000,82500,54100,90200,51300,51200,51100,51000,50900,50800,50700,50600,50500,50400,6600,87800,369000,483900,95900,133900,65100,151200,117000,13100,54500,50300,4620600,2323300,0,0,0,0,0,
000016.SZ,000016,20251209,93445000,51300,1800,9251,807,0,,,1076700,5512394,51500,51000,51500,51500,51400,51500,51600,51700,51800,51900,52000,52100,52200,52300,49600,83600,52300,98100,177800,191800,181000,82500,54100,90200,51300,51200,51100,51000,50900,50800,50700,50600,50500,50400,15300,95800,369000,506100,95900,137900,65100,151200,117000,13100,54500,50300,4623900,2364400,0,0,0,0,0,
000016.SZ,000016,20251209,93448000,51300,3000,15390,810,0,,,1079700,5527784,51500,51000,51500,51500,51400,51500,51600,51700,51800,51900,52000,52100,52200,52300,44600,78300,52300,98100,177800,191800,181000,82500,54100,90200,51300,51200,51100,51000,50900,50800,50700,50600,50500,50400,15000,96300,369500,506100,97900,137600,65100,151200,117000,13100,54500,50300,4613600,2362700,0,0,0,0,0,
000016.SZ,000016,20251209,93451000,51400,10300,52942,812,0,,,1090000,5580726,51500,51000,51500,51500,51400,51500,51600,51700,51800,51900,52000,52100,52200,52300,34300,78300,52300,98100,177800,191800,181000,82500,54100,90200,51300,51200,51100,51000,50900,50800,50700,50600,50500,50400,12900,128600,365900,506200,97900,137600,65100,151200,117000,13100,54500,50300,4624500,2389400,0,0,0,0,0,
000016.SZ,000016,20251209,93454000,51400,0,0,812,0,,,1090000,5580726,51500,51000,51500,51500,51400,51500,51600,51700,51800,51900,52000,52100,52200,52300,34300,78300,52300,103300,177800,191800,181000,82500,54100,90200,51300,51200,51100,51000,50900,50800,50700,50600,50500,50400,26000,129600,360100,506200,97900,137600,65100,151200,119000,13100,54500,50300,4627600,2399700,0,0,0,0,0,
000016.SZ,000016,20251209,93457000,51400,0,0,812,0,,,1090000,5580726,51500,51000,51500,51500,51400,51500,51600,51700,51800,51900,52000,52100,52200,52300,34300,79300,52300,117400,177800,191800,181000,82500,54100,90200,51300,51200,51100,51000,50900,50800,50700,50600,50500,50400,34300,137400,361900,509300,97900,138600,65100,151200,119000,13100,54500,50300,4642700,2421700,0,0,0,0,0,
000016.SZ,000016,20251209,93500000,51400,0,0,812,0,,,1090000,5580726,51500,51000,51500,51500,51400,51500,51600,51700,51800,51900,52000,52100,52200,52300,34300,79300,52300,105800,177800,191800,181000,82500,54100,90200,51300,51200,51100,51000,50900,50800,50700,50600,50500,50400,35700,143100,366300,509900,97900,138600,65100,151200,119000,13100,54500,50300,4631100,2434200,0,0,0,0,0,
000016.SZ,000016,20251209,93503000,51300,900,4623,814,0,,,1090900,5585349,51500,51000,51500,51500,51400,51500,51600,51700,51800,51900,52000,52100,52200,52300,29500,79300,52300,105800,177800,191800,181000,82500,54100,90200,51300,51200,51100,51000,50900,50800,50700,50600,50500,50400,38400,143100,366300,511700,97900,138600,65100,151200,119000,13100,54500,50300,4636400,2438900,0,0,0,0,0,
000016.SZ,000016,20251209,93506000,51400,1000,5140,815,0,,,1091900,5590489,51500,51000,51500,51500,51400,51500,51600,51700,51800,51900,52000,52100,52200,52300,29500,79300,63900,105800,177800,191800,181000,82500,54100,90200,51300,51200,51100,51000,50900,50800,50700,50600,50500,50400,38900,138400,361600,511700,97900,138600,65100,151200,119000,13100,54500,50300,4648000,2430000,0,0,0,0,0,
000016.SZ,000016,20251209,93509000,51400,1000,5140,816,0,,,1092900,5595629,51500,51000,51500,51500,51400,51500,51600,51700,51800,51900,52000,52100,52200,52300,40000,79300,63900,105800,177800,191800,183000,82500,54100,90200,51300,51200,51100,51000,50900,50800,50700,50600,50500,50400,44100,136200,360700,510200,98400,138600,65100,151200,119000,14100,54500,50300,4660500,2432100,0,0,0,0,0,
000016.SZ,000016,20251209,93512000,51300,1700,8731,819,0,,,1094600,5604360,51500,51000,51500,51500,51400,51500,51600,51700,51800,51900,52000,52100,52200,52300,46000,79300,65400,105800,177800,191800,183000,82500,54100,90200,51300,51200,51100,51000,50900,50800,50700,50600,50500,50400,49000,138200,358700,510200,96400,138600,65100,151200,119900,14100,54500,50300,4689700,2435900,0,0,0,0,0,
000016.SZ,000016,20251209,93515000,51500,125600,646380,840,0,,,1220200,6250740,51500,51000,51500,51500,51600,51700,51800,51900,52000,52100,52200,52300,52400,52500,65400,105800,177800,191800,183000,82500,54100,90200,71600,335200,51400,51300,51200,51100,51000,50900,50800,50700,50600,50500,18900,49500,138200,268600,510200,102200,149200,65100,151200,119900,54600,50300,4564400,2381600,0,0,0,0,0,
000016.SZ,000016,20251209,93518000,51500,5000,25702,844,0,,,1225200,6276442,51500,51000,51500,51500,51600,51700,51800,51900,52000,52100,52200,52300,52400,52500,103600,105800,177800,192200,183000,82500,54100,90200,71600,335700,51400,51300,51200,51100,51000,50900,50800,50700,50600,50500,7700,59000,130800,268700,510200,102200,150200,69100,151200,119900,54500,50300,4603700,2377600,0,0,0,0,0,
000016.SZ,000016,20251209,93521000,51500,0,0,844,0,,,1225200,6276442,51500,51000,51500,51500,51500,51600,51700,51800,51900,52000,52100,52200,52300,52400,5900,104700,105800,190100,192200,183000,82500,54100,90200,71600,51400,51300,51200,51100,51000,50900,50800,50700,50600,50500,10000,74600,130800,264700,511400,102200,150200,69100,151200,119900,54500,50300,4623000,2394000,0,0,0,0,0,
000016.SZ,000016,20251209,93524000,51500,19300,99402,854,0,,,1244500,6375844,51600,51000,51500,51500,51600,51700,51800,51900,52000,52100,52200,52300,52400,52500,104000,105800,190100,192200,180000,82500,54100,90200,71600,335700,51400,51300,51200,51100,51000,50900,50800,50700,50600,50500,10000,76400,129200,262500,487800,102200,150200,69100,151200,119900,54500,50300,4613400,2368400,0,0,0,0,0,
000016.SZ,000016,20251209,93527000,51500,0,0,854,0,,,1244500,6375844,51600,51000,51500,51500,51500,51600,51700,51800,51900,52000,52100,52200,52300,52400,5000,104000,105800,190100,192200,180000,82500,54100,90200,71600,51400,51300,51200,51100,51000,50900,50800,50700,50600,50500,36700,75100,118800,258600,486600,102200,150200,69100,151200,119900,54500,50300,4624400,2380000,0,0,0,0,0,
000016.SZ,000016,20251209,93530000,51500,7200,37080,860,0,,,1251700,6412924,51600,51000,51500,51500,51600,51700,51800,51900,52000,52100,52200,52300,52400,52500,104100,105800,177800,192200,180000,82500,54600,90200,71600,335700,51500,51400,51300,51200,51100,51000,50900,50800,50700,50600,13100,37700,70100,118800,257300,486600,102200,150200,69100,151200,54500,50300,4607700,2389200,0,0,0,0,0,
000016.SZ,000016,20251209,93533000,51500,100,515,861,0,,,1251800,6413439,51600,51000,51500,51500,51600,51700,51800,51900,52000,52100,52200,52300,52400,52500,104100,106200,177300,191800,182000,82500,54600,90200,71600,335700,51500,51400,51300,51200,51100,51000,50900,50800,50700,50600,13000,37700,80400,118900,247300,493200,102200,150200,69100,151200,54500,50300,4609200,2396100,0,0,0,0,0,
000016.SZ,000016,20251209,93536000,51600,600,3095,864,0,,,1252400,6416534,51600,51000,51500,51500,51600,51700,51800,51900,52000,52100,52200,52300,52400,52500,105600,106200,177300,191800,182000,82500,54600,90200,71600,335700,51500,51400,51300,51200,51100,51000,50900,50800,50700,50600,22200,41300,96700,118900,247300,492000,102200,150200,69100,151200,54500,50300,4611700,2428500,0,0,0,0,0,
000016.SZ,000016,20251209,93539000,51600,3400,17532,869,0,,,1255800,6434066,51600,51000,51500,51500,51600,51700,51800,51900,52000,52100,52200,52300,52400,52500,106400,106200,174600,191800,192000,82500,54600,90200,71600,335700,51500,51400,51300,51200,51100,51000,50900,50800,50700,50600,27100,41300,103900,118900,247300,493000,102200,150200,69100,151200,54500,50300,4619800,2443000,0,0,0,0,0,
000016.SZ,000016,20251209,93542000,51600,14900,76884,874,0,,,1270700,6510950,51600,51000,51500,51500,51600,51700,51800,51900,52000,52100,52200,52300,52400,52500,93000,106200,175600,191800,192000,82500,54600,90200,71600,335700,51500,51400,51300,51200,51100,51000,50900,50800,50700,50600,28700,39400,106900,120100,247300,493700,102200,150200,69100,151200,54500,50300,4608800,2447600,0,0,0,0,0,
000016.SZ,000016,20251209,93545000,51500,36400,187460,894,0,,,1307100,6698410,51600,51000,51500,51500,51500,51600,51700,51800,51900,52000,52100,52200,52300,52400,26400,93000,106200,175600,191800,197000,82500,54600,90200,71600,51400,51300,51200,51100,51000,50900,50800,50700,50600,50500,39400,106900,126400,247300,493700,102200,150200,69100,151200,120900,54500,50300,4640200,2375200,0,0,0,0,0,
000016.SZ,000016,20251209,93548000,51600,27200,140088,898,0,,,1334300,6838498,51600,51000,51500,51500,51600,51700,51800,51900,52000,52100,52200,52300,52400,52500,94200,106200,175600,191800,197000,82500,54600,90200,71600,335700,51500,51400,51300,51200,51100,51000,50900,50800,50700,50600,29400,39700,99700,116700,247200,493700,102200,150100,69100,152200,54500,50300,4617200,2388800,0,0,0,0,0,
000016.SZ,000016,20251209,93551000,51600,12300,63468,903,0,,,1346600,6901966,51600,51000,51500,51500,51600,51700,51800,51900,52000,52100,52200,52300,52400,52500,81900,105200,155600,191800,190200,82500,54600,90200,71600,335700,51500,51400,51300,51200,51100,51000,50900,50800,50700,50600,47800,299300,99700,116700,240600,485000,102100,150100,69100,152200,54600,50500,4577100,2651700,0,0,0,0,0,
000016.SZ,000016,20251209,93554000,51500,12400,63970,908,0,,,1359000,6965936,51600,51000,51500,51500,51600,51700,51800,51900,52000,52100,52200,52300,52400,52500,116600,104800,154600,191800,190200,82500,54600,90200,71600,335700,51500,51400,51300,51200,51100,51000,50900,50800,50700,50600,36900,299300,95400,116700,240600,485000,102100,150100,69100,152200,54500,50400,4610900,2636500,0,0,0,0,0,
000016.SZ,000016,20251209,93557000,51500,60600,312090,920,0,,,1419600,7278026,51600,51000,51500,51500,51500,51600,51700,51800,51900,52000,52100,52200,52300,52400,11700,121500,104800,154600,191800,192100,82500,54600,90200,71600,51400,51300,51200,51100,51000,50900,50800,50700,50600,50500,299900,102600,78300,240600,484000,102100,150100,69100,152200,120900,54500,50400,4639400,2568000,0,0,0,0,0,
000016.SZ,000016,20251209,93600000,51600,11900,61287,924,0,,,1431500,7339313,51600,51000,51500,51500,51600,51700,51800,51900,52000,52100,52200,52300,52400,52500,112700,104800,154600,191800,192100,82500,54600,90200,71600,335700,51500,51400,51300,51200,51100,51000,50900,50800,50700,50600,2400,306000,100600,78300,238800,473900,102100,150100,69100,152200,54500,50400,4619300,2562600,0,0,0,0,0,
000016.SZ,000016,20251209,93603000,51500,18500,95275,937,0,,,1450000,7434588,51600,51000,51500,51500,51500,51600,51700,51800,51900,52000,52100,52200,52300,52400,1200,112700,104800,154600,196300,192100,82500,54600,90200,71600,51400,51300,51200,51100,51000,50900,50800,50700,50600,50500,48500,98800,78300,239800,474000,102100,151100,69100,152700,120900,54500,50300,4605000,2304500,0,0,0,0,0,
000016.SZ,000016,20251209,93606000,51500,3100,15979,945,0,,,1453100,7450567,51600,51000,51500,51500,51600,51700,51800,51900,52000,52100,52200,52300,52400,52500,116400,104800,109700,196300,192100,82500,54600,90200,71600,335700,51500,51400,51300,51200,51100,51000,50900,50800,50700,50600,3500,48500,98800,77200,240200,474000,102100,151100,69100,152700,54600,50300,4562600,2307300,0,0,0,0,0,
000016.SZ,000016,20251209,93609000,51500,2700,13907,957,0,,,1455800,7464474,51600,51000,51500,51500,51500,51600,51700,51800,51900,52000,52100,52200,52300,52400,200,147200,104800,109700,195700,292100,82500,54600,89800,70900,51400,51300,51200,51100,51000,50900,50800,50700,50600,50500,51800,98800,335700,240200,473900,102100,151300,69100,152700,120900,54500,50400,4698500,2565700,0,0,0,0,0,
000016.SZ,000016,20251209,93612000,51500,1900,9793,962,0,,,1457700,7474267,51600,51000,51500,51500,51600,51700,51800,51900,52000,52100,52200,52300,52400,52500,146400,104800,133800,195700,292100,82500,54600,89800,70900,336400,51500,51400,51300,51200,51100,51000,50900,50800,50700,50600,1800,57800,98800,335800,240700,473900,102100,151300,69100,152700,54500,50400,4809100,2574800,0,0,0,0,0,
000016.SZ,000016,20251209,93615000,51500,5300,27295,969,0,,,1463000,7501562,51600,51000,51500,51500,51500,51600,51700,51800,51900,52000,52100,52200,52300,52400,11100,159700,104800,133800,195700,292100,82500,54600,89800,70900,51400,51300,51200,51100,51000,50900,50800,50700,50600,50500,57800,98800,336800,238700,473900,152100,151300,69100,152700,120900,54500,50400,4843100,2622000,0,0,0,0,0,
000016.SZ,000016,20251209,93618000,51500,7000,36050,971,0,,,1470000,7537612,51600,51000,51500,51500,51500,51600,51700,51800,51900,52000,52100,52200,52300,52400,24400,159700,104800,133800,165700,292100,82500,54600,89800,70900,51400,51300,51200,51100,51000,50900,50800,50700,50600,50500,58400,98800,336800,238700,473900,152100,151300,69100,152700,120900,54500,50400,4826400,2622600,0,0,0,0,0,
000016.SZ,000016,20251209,93621000,51500,12800,65920,996,0,,,1482800,7603532,51600,51000,51500,51500,51500,51600,51700,51800,51900,52000,52100,52200,52300,52400,11600,159700,104800,143800,165700,292100,82500,54600,89800,70900,51400,51300,51200,51100,51000,50900,50800,50700,50600,50500,88900,91800,336800,238700,475900,152100,151300,69100,152700,120900,54500,50400,4827600,2648100,0,0,0,0,0,
000016.SZ,000016,20251209,93624000,51500,500,2575,997,0,,,1483300,7606107,51600,51000,51500,51500,51500,51600,51700,51800,51900,52000,52100,52200,52300,52400,11100,159700,104800,143800,165700,322100,65100,54600,89800,70900,51400,51300,51200,51100,51000,50900,50800,50700,50600,50500,85900,93800,336800,238700,478900,152100,151300,69100,152700,120900,54500,50400,4895400,2650100,0,0,0,0,0,
000016.SZ,000016,20251209,93627000,51500,0,0,997,0,,,1483300,7606107,51600,51000,51500,51500,51500,51600,51700,51800,51900,52000,52100,52200,52300,52400,11100,159700,100800,145700,165700,322100,65100,54600,112300,70900,51400,51300,51200,51100,51000,50900,50800,50700,50600,50500,89900,103800,336800,246700,474500,152100,151300,69100,152700,120900,54500,50400,4924000,2667700,0,0,0,0,0,
000016.SZ,000016,20251209,93630000,51500,7300,37595,1001,0,,,1490600,7643702,51600,51000,51500,51500,51500,51600,51700,51800,51900,52000,52100,52200,52300,52400,14500,159700,100800,145700,165700,322100,65100,54100,112300,70900,51400,51300,51200,51100,51000,50900,50800,50700,50600,50500,89900,96000,334000,246700,474500,152100,151300,69100,152700,120900,54500,50400,4927900,2657100,0,0,0,0,0,
000016.SZ,000016,20251209,93633000,51500,0,0,1001,0,,,1490600,7643702,51600,51000,51500,51500,51500,51600,51700,51800,51900,52000,52100,52200,52300,52400,16600,165200,100800,145700,165700,322100,65100,54100,112300,70900,51400,51300,51200,51100,51000,50900,50800,50700,50600,50500,97700,96000,334000,246700,477900,152100,151300,69100,142700,120900,54500,50400,4935500,2661700,0,0,0,0,0,
000016.SZ,000016,20251209,93636000,51500,35100,180765,1018,0,,,1525700,7824467,51600,51000,51500,51500,51600,51700,51800,51900,52000,52100,52200,52300,52400,52500,165400,100800,145700,165700,322100,65100,74100,112300,70900,338400,51500,51400,51300,51200,51100,51000,50900,50800,50700,50600,1400,97700,97700,334400,246700,477900,152100,151300,69100,142700,54500,50400,4941100,2665200,0,0,0,0,0,
000016.SZ,000016,20251209,93639000,51500,7000,36050,1022,0,,,1532700,7860517,51600,51000,51500,51500,51600,51700,51800,51900,52000,52100,52200,52300,52400,52500,165500,100800,145700,165700,322100,65100,74100,112300,70900,338400,51500,51400,51300,51200,51100,51000,50900,50800,50700,50600,5800,97600,97700,334900,247300,477900,152100,151300,69100,142700,54500,50400,4942400,2670600,0,0,0,0,0,
000016.SZ,000016,20251209,93642000,51500,200,1030,1023,0,,,1532900,7861547,51600,51000,51500,51500,51600,51700,51800,51900,52000,52100,52200,52300,52400,52500,165500,100900,145700,183100,322100,65100,74100,112300,70900,338400,51500,51400,51300,51200,51100,51000,50900,50800,50700,50600,9100,95800,97800,334900,247300,477900,152100,151300,69100,142700,54500,50400,4960800,2672200,0,0,0,0,0,
000016.SZ,000016,20251209,93645000,51500,0,0,1023,0,,,1532900,7861547,51600,51000,51500,51500,51600,51700,51800,51900,52000,52100,52200,52300,52400,52500,162000,100900,145700,183100,322100,65100,74100,112300,70900,338400,51500,51400,51300,51200,51100,51000,50900,50800,50700,50600,9200,99800,97800,334900,247500,477900,152100,151300,69100,142700,54500,50400,4958300,2678700,0,0,0,0,0,
000016.SZ,000016,20251209,93648000,51600,7900,40689,1030,0,,,1540800,7902236,51600,51000,51500,51500,51600,51700,51800,51900,52000,52100,52200,52300,52400,52500,163100,100900,145700,195400,322100,65100,74100,112300,70900,338400,51500,51400,51300,51200,51100,51000,50900,50800,50700,50600,1700,104100,97800,334900,247500,484200,172100,151300,70100,142700,54500,50400,4972200,2703800,0,0,0,0,0,
000016.SZ,000016,20251209,93651000,51500,3200,16480,1036,0,,,1544000,7918716,51600,51000,51500,51500,51600,51700,51800,51900,52000,52100,52200,52300,52400,52500,163100,100900,145700,196700,322100,65100,74100,112300,70900,338400,51500,51400,51300,51200,51100,51000,50900,50800,50700,50600,300,104100,97800,334900,247500,484200,172100,151300,70100,142700,54500,50400,4973500,2703200,0,0,0,0,0,
000016.SZ,000016,20251209,93654000,51500,0,0,1036,0,,,1544000,7918716,51600,51000,51500,51500,51600,51700,51800,51900,52000,52100,52200,52300,52400,52500,162400,100900,145700,196700,322100,65100,74100,112300,70900,338400,51500,51400,51300,51200,51100,51000,50900,50800,50700,50600,20000,104100,97800,334900,247500,484200,172100,151300,70100,142700,54500,50400,4973100,2722900,0,0,0,0,0,
000016.SZ,000016,20251209,93657000,51500,1900,9785,1038,0,,,1545900,7928501,51600,51000,51500,51500,51600,51700,51800,51900,52000,52100,52200,52300,52400,52500,175800,100900,145700,195400,322100,65100,74100,112300,70900,338400,51500,51400,51300,51200,51100,51000,50900,50800,50700,50600,18700,104100,97800,336000,247500,484200,172100,151300,70100,142700,54500,50400,4995600,2722700,0,0,0,0,0,
000016.SZ,000016,20251209,93700000,51500,0,0,1038,0,,,1545900,7928501,51600,51000,51500,51500,51600,51700,51800,51900,52000,52100,52200,52300,52400,52500,175800,101300,144900,195400,322100,65100,74100,117000,70900,338400,51500,51400,51300,51200,51100,51000,50900,50800,50700,50600,31100,156700,88100,336000,247500,484200,172100,151300,70100,142700,54500,50500,5002900,2778000,0,0,0,0,0,
000016.SZ,000016,20251209,93703000,51600,27100,139836,1049,0,,,1573000,8068337,51600,51000,51500,51500,51600,51700,51800,51900,52000,52100,52200,52300,52400,52500,148700,101300,146200,195400,322100,65100,74100,117000,74100,338400,51500,51400,51300,51200,51100,51000,50900,50800,50700,50600,51100,156700,98100,336000,247500,484200,172100,151300,60100,142700,54500,50500,4992300,2798000,0,0,0,0,0,
000016.SZ,000016,20251209,93706000,51600,0,0,1049,0,,,1573000,8068337,51600,51000,51500,51500,51600,51700,51800,51900,52000,52100,52200,52300,52400,52500,148700,101300,146200,195400,323000,65100,74100,117000,74100,338400,51500,51400,51300,51200,51100,51000,50900,50800,50700,50600,51200,156700,98100,336000,244500,484200,173600,151300,60100,142700,54500,50500,4993600,2796600,0,0,0,0,0,
000016.SZ,000016,20251209,93709000,51500,5000,25750,1050,0,,,1578000,8094087,51600,51000,51500,51500,51600,51700,51800,51900,52000,52100,52200,52300,52400,52500,175700,101300,147200,195400,323000,65100,74100,117000,74100,338400,51500,51400,51300,51200,51100,51000,50900,50800,50700,50600,50200,156700,104100,336000,228400,484200,173600,151300,60100,142700,54500,50500,5021600,2785500,0,0,0,0,0,
000016.SZ,000016,20251209,93712000,51500,0,0,1050,0,,,1578000,8094087,51600,51000,51500,51500,51600,51700,51800,51900,52000,52100,52200,52300,52400,52500,190700,100300,147200,195400,328000,65100,74100,119000,74100,338400,51500,51400,51300,51200,51100,51000,50900,50800,50700,50600,73800,156700,104100,336000,228400,484300,173600,151300,60100,142700,54500,50500,5052200,2809200,0,0,0,0,0,
000016.SZ,000016,20251209,93715000,51500,2000,10300,1052,0,,,1580000,8104387,51600,51000,51500,51500,51600,51700,51800,51900,52000,52100,52200,52300,52400,52500,191800,100300,147200,195400,328000,65100,74100,119000,74100,338400,51500,51400,51300,51200,51100,51000,50900,50800,50700,50600,72000,156700,104100,336000,228400,494300,173600,143100,60100,142700,54500,50500,5053800,2809700,0,0,0,0,0,
000016.SZ,000016,20251209,93718000,51500,2900,14935,1053,0,,,1582900,8119322,51600,51000,51500,51500,51600,51700,51800,51900,52000,52100,52200,52300,52400,52500,194800,100300,148400,195400,326000,65100,74100,119000,74100,338400,51500,51400,51300,51200,51100,51000,50900,50800,50700,50600,75900,156700,104100,336000,228400,494800,173600,143100,60100,142700,54500,50500,5062600,2813700,0,0,0,0,0,
000016.SZ,000016,20251209,93721000,51600,300,1548,1054,0,,,1583200,8120870,51600,51000,51500,51500,51600,51700,51800,51900,52000,52100,52200,52300,52400,52500,189900,100300,149400,195400,346000,65100,74100,119000,74100,338400,51500,51400,51300,51200,51100,51000,50900,50800,50700,50600,78800,156700,104100,344200,228400,493200,173600,143100,60100,142700,54500,50500,5078700,2823200,0,0,0,0,0,
000016.SZ,000016,20251209,93724000,51600,1600,8256,1055,0,,,1584800,8129126,51600,51000,51500,51500,51600,51700,51800,51900,52000,52100,52200,52300,52400,52500,193300,100300,149400,195400,346000,65100,74100,119000,74100,338400,51500,51400,51300,51200,51100,51000,50900,50800,50700,50600,79300,156700,104100,344200,228400,493700,173600,146100,60100,145700,54500,50500,5086100,2830200,0,0,0,0,0,
000016.SZ,000016,20251209,93727000,51600,900,4644,1056,0,,,1585700,8133770,51600,51000,51500,51500,51600,51700,51800,51900,52000,52100,52200,52300,52400,52500,193300,100400,149400,195400,346000,65100,74100,119000,74100,338700,51500,51400,51300,51200,51100,51000,50900,50800,50700,50600,79300,157100,104100,344200,228400,493200,173600,146100,60100,145700,54500,50500,5086500,2830100,0,0,0,0,0,
000016.SZ,000016,20251209,93730000,51600,0,0,1056,0,,,1585700,8133770,51600,51000,51500,51500,51600,51700,51800,51900,52000,52100,52200,52300,52400,52500,193800,100400,149400,195400,346000,65100,74100,119000,74100,338700,51500,51400,51300,51200,51100,51000,50900,50800,50700,50600,84300,156200,104100,344200,228400,493200,173600,146100,60100,145700,54500,50500,5097000,2834200,0,0,0,0,0,
000016.SZ,000016,20251209,93733000,51600,14500,74820,1058,0,,,1600200,8208590,51600,51000,51500,51500,51600,51700,51800,51900,52000,52100,52200,52300,52400,52500,180900,100400,149900,195400,346000,65100,77100,119000,74100,338700,51500,51400,51300,51200,51100,51000,50900,50800,50700,50600,89400,156200,109100,344200,228300,493200,173600,146100,60100,145700,54500,50500,5088100,2853200,0,0,0,0,0,
000016.SZ,000016,20251209,93736000,51600,9000,46440,1060,0,,,1609200,8255030,51600,51000,51500,51500,51600,51700,51800,51900,52000,52100,52200,52300,52400,52500,215200,100400,148900,194400,346000,65100,77100,119000,74100,338700,51500,51400,51300,51200,51100,51000,50900,50800,50700,50600,96800,156200,117100,344200,227800,493200,173600,146100,60100,145700,54500,50500,5137100,2868100,0,0,0,0,0,
000016.SZ,000016,20251209,93739000,51600,400,2064,1062,0,,,1609600,8257094,51600,51000,51500,51500,51600,51700,51800,51900,52000,52100,52200,52300,52400,52500,214800,100400,147900,194400,346000,65100,77100,119000,74100,338700,51500,51400,51300,51200,51100,51000,50900,50800,50700,50600,100000,154200,116800,344200,228400,499700,173600,147600,60100,145700,54500,50500,5140600,2877600,0,0,0,0,0,
000016.SZ,000016,20251209,93742000,51600,0,0,1062,0,,,1609600,8257094,51600,51000,51500,51500,51600,51700,51800,51900,52000,52100,52200,52300,52400,52500,214800,100400,147900,194400,346000,75100,77100,119000,74100,338700,51500,51400,51300,51200,51100,51000,50900,50800,50700,50600,101600,154200,116600,344200,228400,499700,173600,147600,60100,145700,54500,50500,5150600,2879000,0,0,0,0,0,
000016.SZ,000016,20251209,93745000,51600,300,1548,1063,0,,,1609900,8258642,51600,51000,51500,51500,51600,51700,51800,51900,52000,52100,52200,52300,52400,52500,215100,120200,147900,195400,346000,75100,77100,119000,74100,338700,51500,51400,51300,51200,51100,51000,50900,50800,50700,50600,111700,150200,116600,344200,228400,499700,173600,147600,60100,145700,54400,50500,5176200,2885100,0,0,0,0,0,
000016.SZ,000016,20251209,93748000,51500,39600,204322,1076,0,,,1649500,8462964,51600,51000,51500,51500,51600,51700,51800,51900,52000,52100,52200,52300,52400,52500,185900,120200,147900,195400,346000,75100,77100,119000,74100,338700,51500,51400,51300,51200,51100,51000,50900,50800,50700,50600,112500,149900,116600,344200,228400,499700,173600,147600,60100,145700,54500,50500,5147000,2885600,0,0,0,0,0,
000016.SZ,000016,20251209,93751000,51600,3000,15480,1077,0,,,1652500,8478444,51600,51000,51500,51500,51600,51700,51800,51900,52000,52100,52200,52300,52400,52500,182900,120200,147900,219600,344100,75100,77100,119000,74100,338700,51500,51400,51300,51200,51100,51000,50900,50800,50700,50600,113300,149900,116600,347000,228400,499700,173600,147600,60100,145700,54500,50500,5144700,2889200,0,0,0,0,0,
000016.SZ,000016,20251209,93754000,51600,600,3096,1078,0,,,1653100,8481540,51600,51000,51500,51500,51600,51700,51800,51900,52000,52100,52200,52300,52400,52500,182500,120200,147900,219600,348100,75100,77100,119000,74100,338700,51500,51400,51300,51200,51100,51000,50900,50800,50700,50600,116400,149900,117700,347000,230400,501700,173600,147600,60100,145700,54500,50500,5148300,2903400,0,0,0,0,0,
000016.SZ,000016,20251209,93757000,51600,44800,231168,1086,0,,,1697900,8712708,51600,51000,51500,51500,51600,51700,51800,51900,52000,52100,52200,52300,52400,52500,139700,120200,149100,219600,348100,75100,77100,119000,74100,338700,51500,51400,51300,51200,51100,51000,50900,50800,50700,50600,117400,149900,117700,347000,230400,502700,173600,147600,60100,145700,54500,50500,5106700,2905400,0,0,0,0,0,
000016.SZ,000016,20251209,93800000,51600,2400,12384,1089,0,,,1700300,8725092,51600,51000,51500,51500,51600,51700,51800,51900,52000,52100,52200,52300,52400,52500,137300,120200,149100,219600,348100,75100,77100,119000,84900,338700,51500,51400,51300,51200,51100,51000,50900,50800,50700,50600,113600,149900,118700,348000,230400,507700,173600,147600,60100,146800,54500,50500,5128700,2909700,0,0,0,0,0,
000016.SZ,000016,20251209,93803000,51600,700,3612,1091,0,,,1701000,8728704,51600,51000,51500,51500,51600,51700,51800,51900,52000,52100,52200,52300,52400,52500,137600,120200,152100,219600,348100,75100,77100,119000,84900,338700,51500,51400,51300,51200,51100,51000,50900,50800,50700,50600,113600,151500,118700,348000,230400,508200,173600,147600,60100,146800,54500,50500,5132500,2911800,0,0,0,0,0,
000016.SZ,000016,20251209,93806000,51600,0,0,1091,0,,,1701000,8728704,51600,51000,51500,51500,51600,51700,51800,51900,52000,52100,52200,52300,52400,52500,140200,120200,152100,219600,348100,75100,77100,119000,84900,338700,51500,51400,51300,51200,51100,51000,50900,50800,50700,50600,130700,144700,118700,348000,230400,508200,180500,147600,60100,146800,54500,50500,5163600,2929000,0,0,0,0,0,
000016.SZ,000016,20251209,93809000,51600,0,0,1091,0,,,1701000,8728704,51600,51000,51500,51500,51600,51700,51800,51900,52000,52100,52200,52300,52400,52500,140200,129000,152100,219600,348100,75100,77100,119000,84900,338700,51500,51400,51300,51200,51100,51000,50900,50800,50700,50600,130900,144700,118700,348000,230400,508200,180500,147600,60100,146800,54500,50500,5184900,2929200,0,0,0,0,0,
000016.SZ,000016,20251209,93812000,51600,1000,5160,1092,0,,,1702000,8733864,51600,51000,51500,51500,51600,51700,51800,51900,52000,52100,52200,52300,52400,52500,149200,129800,153400,219600,348100,75100,77100,119000,84900,338700,51500,51400,51300,51200,51100,51000,50900,50800,50700,50600,137100,145900,114000,348000,230400,508200,180500,147600,60100,146800,54500,50500,5204900,2931900,0,0,0,0,0,
000016.SZ,000016,20251209,93815000,51600,2400,12370,1094,0,,,1704400,8746234,51600,51000,51500,51500,51600,51700,51800,51900,52000,52100,52200,52300,52400,52500,148300,129800,153900,219600,348100,75100,77100,119000,84900,338700,51500,51400,51300,51200,51100,51000,50900,50800,50700,50600,135700,145900,114000,347600,230400,508200,181500,147600,60100,146800,54500,50500,5218300,2921100,0,0,0,0,0,
000016.SZ,000016,20251209,93818000,51500,1400,7223,1098,0,,,1705800,8753457,51600,51000,51500,51500,51600,51700,51800,51900,52000,52100,52200,52300,52400,52500,147000,129800,153900,219600,348100,75100,77100,119000,84900,338700,51500,51400,51300,51200,51100,51000,50900,50800,50700,50600,136400,146900,114000,347600,230400,503200,176500,148400,60100,146800,54500,50500,5221800,2913600,0,0,0,0,0,
000016.SZ,000016,20251209,93821000,51500,9700,49955,1124,0,,,1715500,8803412,51600,51000,51500,51500,51600,51700,51800,51900,52000,52100,52200,52300,52400,52500,150800,129800,153900,219600,348600,75100,77100,119000,84900,338700,51500,51400,51300,51200,51100,51000,50900,50800,50700,50600,127700,146900,114000,347600,230400,503200,176500,148400,60100,146800,54500,50500,5254000,2904900,0,0,0,0,0,
000016.SZ,000016,20251209,93824000,51500,18900,97440,1142,0,,,1734400,8900852,51600,51000,51500,51500,51600,51700,51800,51900,52000,52100,52200,52300,52400,52500,132300,129800,144400,219600,348600,75100,79100,119000,84900,338700,51500,51400,51300,51200,51100,51000,50900,50800,50700,50600,121300,146900,114000,347600,230400,504200,176500,148400,60100,146800,54500,50500,5228500,2899500,0,0,0,0,0,
000016.SZ,000016,20251209,93827000,51500,3600,18552,1145,0,,,1738000,8919404,51600,51000,51500,51500,51600,51700,51800,51900,52000,52100,52200,52300,52400,52500,136100,130200,144900,219600,356500,70100,81100,119000,84900,338700,51500,51400,51300,51200,51100,51000,50900,50800,50700,50600,120800,124200,90500,347600,230400,507100,178500,158400,60100,146800,54500,50500,5233600,2867700,0,0,0,0,0,
000016.SZ,000016,20251209,93830000,51500,40000,206100,1152,0,,,1778000,9125504,51600,51000,51500,51500,51600,51700,51800,51900,52000,52100,52200,52300,52400,52500,132000,130200,144900,219600,356500,70100,81100,119000,84900,338700,51500,51400,51300,51200,51100,51000,50900,50800,50700,50600,112300,124200,92300,347600,230400,507100,178500,158400,60100,146800,54500,50500,5229500,2859600,0,0,0,0,0,
000016.SZ,000016,20251209,93833000,51600,700,3612,1153,0,,,1778700,9129116,51600,51000,51500,51500,51600,51700,51800,51900,52000,52100,52200,52300,52400,52500,138200,130200,144900,219600,356500,70100,81100,119000,84900,338700,51500,51400,51300,51200,51100,51000,50900,50800,50700,50600,112300,124200,92300,347600,227400,507100,178500,158400,60100,146800,54500,50500,5235700,2859600,0,0,0,0,0,
000016.SZ,000016,20251209,93836000,51500,200,1030,1154,0,,,1778900,9130146,51600,51000,51500,51500,51600,51700,51800,51900,52000,52100,52200,52300,52400,52500,138200,130200,144900,219600,356500,70100,81100,119000,84900,340700,51500,51400,51300,51200,51100,51000,50900,50800,50700,50600,114100,124200,92300,347600,227400,508600,178500,158400,60100,146800,54500,50500,5243700,2862900,0,0,0,0,0,
000016.SZ,000016,20251209,93839000,51600,5300,27345,1157,0,,,1784200,9157491,51600,51000,51500,51500,51600,51700,51800,51900,52000,52100,52200,52300,52400,52500,133200,130200,144900,219600,356500,70100,81100,119000,84900,340700,51500,51400,51300,51200,51100,51000,50900,50800,50700,50600,113800,124200,97700,347600,227400,516600,178500,158400,60100,146800,54500,50500,5238700,2876000,0,0,0,0,0,
000016.SZ,000016,20251209,93842000,51600,500,2580,1158,0,,,1784700,9160071,51600,51000,51500,51500,51600,51700,51800,51900,52000,52100,52200,52300,52400,52500,135300,130200,144900,228000,357500,70100,81100,119000,84900,340700,51500,51400,51300,51200,51100,51000,50900,50800,50700,50600,115900,124200,97700,347600,228400,516600,178500,158400,60100,146800,54500,50500,5274600,2880100,0,0,0,0,0,
000016.SZ,000016,20251209,93845000,51500,62600,323015,1178,0,,,1847300,9483086,51600,51000,51500,51500,51600,51700,51800,51900,52000,52100,52200,52300,52400,52500,92200,131800,144900,228000,358500,70100,81100,119000,84900,340700,51500,51400,51300,51200,51100,51000,50900,50800,50700,50600,115700,124200,98700,349400,228400,516600,178500,161300,60100,146800,54500,50500,5243600,2885600,0,0,0,0,0,
000016.SZ,000016,20251209,93848000,51500,21500,110735,1186,0,,,1868800,9593821,51600,51000,51500,51500,51600,51700,51800,51900,52000,52100,52200,52300,52400,52500,95800,131800,144900,228000,358500,70100,81100,119000,84900,340700,51500,51400,51300,51200,51100,51000,50900,50800,50700,50600,96200,157000,98700,349400,228400,516600,178500,161300,60100,146800,54500,50500,5248700,2898900,0,0,0,0,0,
000016.SZ,000016,20251209,93851000,51600,2300,11868,1188,0,,,1871100,9605689,51600,51000,51500,51500,51600,51700,51800,51900,52000,52100,52200,52300,52400,52500,88900,131800,144900,228000,358500,70100,84100,119000,84900,340700,51500,51400,51300,51200,51100,51000,50900,50800,50700,50600,96900,157000,98700,349400,228400,513800,178500,161300,60100,146800,54500,50500,5244800,2898600,0,0,0,0,0,
000016.SZ,000016,20251209,93854000,51500,1000,5150,1189,0,,,1872100,9610839,51600,51000,51500,51500,51600,51700,51800,51900,52000,52100,52200,52300,52400,52500,88900,133800,144900,231000,358500,70100,84100,119000,84900,340700,51500,51400,51300,51200,51100,51000,50900,50800,50700,50600,95900,157000,98700,349400,228400,533800,178500,161300,60100,146800,54500,50500,5251000,2917600,0,0,0,0,0,
000016.SZ,000016,20251209,93857000,51600,2100,10836,1191,0,,,1874200,9621675,51600,51000,51500,51500,51600,51700,51800,51900,52000,52100,52200,52300,52400,52500,86800,133800,144900,231000,358500,70100,84100,119000,84900,340700,51500,51400,51300,51200,51100,51000,50900,50800,50700,50600,97900,157000,99100,352400,228400,530200,178500,161300,60100,146800,54500,50500,5248900,2918400,0,0,0,0,0,
000016.SZ,000016,20251209,93900000,51600,0,0,1191,0,,,1874200,9621675,51600,51000,51500,51500,51600,51700,51800,51900,52000,52100,52200,52300,52400,52500,87300,133900,144900,231000,358500,70100,84100,119000,84900,340700,51500,51400,51300,51200,51100,51000,50900,50800,50700,50600,104900,157000,99100,352400,228400,530200,178500,161300,60100,146800,54500,50500,5233700,2925400,0,0,0,0,0,
000016.SZ,000016,20251209,93903000,51600,0,0,1191,0,,,1874200,9621675,51600,51000,51500,51500,51600,51700,51800,51900,52000,52100,52200,52300,52400,52500,93600,133900,144900,230000,358500,70100,84100,119000,84900,340700,51500,51400,51300,51200,51100,51000,50900,50800,50700,50600,104900,166800,99100,352400,228400,529700,178500,161300,60100,146800,54500,50500,5239000,2934700,0,0,0,0,0,
000016.SZ,000016,20251209,93906000,51600,0,0,1191,0,,,1874200,9621675,51600,51000,51500,51500,51600,51700,51800,51900,52000,52100,52200,52300,52400,52500,96200,133900,144900,235600,358500,70100,84100,119000,84900,340700,51500,51400,51300,51200,51100,51000,50900,50800,50700,50600,123700,166800,99100,352400,228400,528900,178500,161300,60100,146800,54500,50500,5247200,2972800,0,0,0,0,0,
000016.SZ,000016,20251209,93909000,51600,0,0,1191,0,,,1874200,9621675,51600,51000,51500,51500,51600,51700,51800,51900,52000,52100,52200,52300,52400,52500,97200,133900,145900,234100,358500,69700,84100,119000,84900,340700,51500,51400,51300,51200,51100,51000,50900,50800,50700,50600,123700,166800,99100,352400,225900,528900,178500,161300,60100,146800,54500,50500,5277800,2970600,0,0,0,0,0,
000016.SZ,000016,20251209,93912000,51600,0,0,1191,0,,,1874200,9621675,51600,51000,51500,51500,51600,51700,51800,51900,52000,52100,52200,52300,52400,52500,111100,133900,145900,234100,358500,69700,84100,119000,84900,341700,51500,51400,51300,51200,51100,51000,50900,50800,50700,50600,125400,167000,99100,352400,221700,528900,178500,161300,60100,146800,54500,50500,5398000,2963500,0,0,0,0,0,
000016.SZ,000016,20251209,93915000,51600,12700,65532,1192,0,,,1886900,9687207,51600,51000,51500,51500,51600,51700,51800,51900,52000,52100,52200,52300,52400,52500,107500,133900,145900,234600,358500,69700,84100,119000,84900,341700,51500,51400,51300,51200,51100,51000,50900,50800,50700,50600,125400,167000,99100,352400,245300,519300,178500,161300,60100,146800,54500,50500,5394900,2977600,0,0,0,0,0,
000016.SZ,000016,20251209,93918000,51600,12700,65532,1198,0,,,1899600,9752739,51600,51000,51500,51500,51600,51700,51800,51900,52000,52100,52200,52300,52400,52500,95400,143300,145900,285600,361000,69700,84100,119000,84900,341700,51500,51400,51300,51200,51100,51000,50900,50800,50700,50600,125400,168000,99100,352400,253300,519300,178500,160300,60100,146800,54500,50500,5445700,2985600,0,0,0,0,0,
000016.SZ,000016,20251209,93921000,51500,1100,5671,1201,0,,,1900700,9758410,51600,51000,51500,51500,51600,51700,51800,51900,52000,52100,52200,52300,52400,52500,136300,143300,146400,285600,361000,69700,84100,119000,84900,341700,51500,51400,51300,51200,51100,51000,50900,50800,50700,50600,123400,168000,99100,352400,244300,520300,178500,160300,60100,146800,54500,50500,5489100,2975600,0,0,0,0,0,
000016.SZ,000016,20251209,93924000,51500,0,0,1201,0,,,1900700,9758410,51600,51000,51500,51500,51600,51700,51800,51900,52000,52100,52200,52300,52400,52500,139300,143300,147000,285600,363000,69700,84100,119000,84900,341700,51500,51400,51300,51200,51100,51000,50900,50800,50700,50600,141500,168300,99400,352400,237300,520300,178500,160300,60100,146800,54500,50500,5494700,2998300,0,0,0,0,0,
000016.SZ,000016,20251209,93927000,51500,7400,38110,1205,0,,,1908100,9796520,51600,51000,51500,51500,51600,51700,51800,51900,52000,52100,52200,52300,52400,52500,139400,144300,147000,285600,363000,69700,84100,119000,84900,341700,51500,51400,51300,51200,51100,51000,50900,50800,50700,50600,139700,168300,99400,361400,237300,520300,178500,160300,60100,146800,54500,50500,5510800,3005500,0,0,0,0,0,
000016.SZ,000016,20251209,93930000,51500,0,0,1205,0,,,1908100,9796520,51600,51000,51500,51500,51600,51700,51800,51900,52000,52100,52200,52300,52400,52500,139400,144300,147000,285600,363000,69700,84100,119000,84900,341700,51500,51400,51300,51200,51100,51000,50900,50800,50700,50600,139700,168300,99400,361400,238300,520300,178500,160300,60100,146800,54500,50500,5512800,3006500,0,0,0,0,0,
000016.SZ,000016,20251209,93933000,51500,18800,96992,1221,0,,,1926900,9893512,51600,51000,51500,51500,51600,51700,51800,51900,52000,52100,52200,52300,52400,52500,122000,144300,147000,285600,363000,69700,84100,119000,84900,341700,51500,51400,51300,51200,51100,51000,50900,50800,50700,50600,125100,166300,99400,361500,238300,523300,178500,160300,60100,146800,54500,50500,5502700,2993000,0,0,0,0,0,
000016.SZ,000016,20251209,93936000,51500,3100,15975,1232,0,,,1930000,9909487,51600,51000,51500,51500,51600,51700,51800,51900,52000,52100,52200,52300,52400,52500,120200,144300,147000,285600,365000,69700,84100,119000,84900,341700,51500,51400,51300,51200,51100,51000,50900,50800,50700,50600,123000,166300,138600,358500,238400,523100,178500,160300,60100,146800,54500,50500,5502900,3027000,0,0,0,0,0,
000016.SZ,000016,20251209,93939000,51500,30700,158105,1286,0,,,1960700,10067592,51600,51000,51500,51500,51600,51700,51800,51900,52000,52100,52200,52300,52400,52500,119200,144300,147000,285600,365000,69700,84100,119000,84900,341700,51500,51400,51300,51200,51100,51000,50900,50800,50700,50600,93900,166300,138600,358500,238400,534000,178300,160300,60100,146800,54500,50500,5506900,3018600,0,0,0,0,0,
000016.SZ,000016,20251209,93942000,51500,10200,52530,1300,0,,,1970900,10120122,51600,51000,51500,51500,51600,51700,51800,51900,52000,52100,52200,52300,52400,52500,118800,144300,147000,285600,366000,69700,84100,119000,84900,341700,51500,51400,51300,51200,51100,51000,50900,50800,50700,50600,78800,166300,138600,363000,238400,535000,178300,160300,60100,146800,54500,50500,5516000,3006400,0,0,0,0,0,
000016.SZ,000016,20251209,93945000,51500,78800,405820,1351,0,,,2049700,10525942,51600,51000,51500,51500,51500,51600,51700,51800,51900,52000,52100,52200,52300,52400,3800,122600,144300,147000,285600,366000,69700,84100,119000,84900,51400,51300,51200,51100,51000,50900,50800,50700,50600,50500,166300,143500,362000,239200,535800,178300,160300,60100,146800,115400,54500,50500,5524600,2933100,0,0,0,0,0,
000016.SZ,000016,20251209,93948000,51500,1000,5150,1354,0,,,2050700,10531092,51600,51000,51500,51500,51500,51600,51700,51800,51900,52000,52100,52200,52300,52400,13600,127700,144300,147000,297500,366000,69700,84100,119000,84900,51400,51300,51200,51100,51000,50900,50800,50700,50600,50500,166300,143500,361900,239700,535800,178300,160300,60100,146800,115400,54500,50500,5574400,2933500,0,0,0,0,0,
000016.SZ,000016,20251209,93951000,51500,5000,25750,1365,0,,,2055700,10556842,51600,51000,51500,51500,51500,51600,51700,51800,51900,52000,52100,52200,52300,52400,10800,123700,144300,147000,298000,366000,69700,84100,119000,84900,51400,51300,51200,51100,51000,50900,50800,50700,50600,50500,166300,143500,361900,239700,545900,178300,160300,60100,146800,115400,54500,50500,5568300,2943600,0,0,0,0,0,
000016.SZ,000016,20251209,93954000,51500,3300,16991,1378,0,,,2059000,10573833,51600,51000,51500,51500,51500,51600,51700,51800,51900,52000,52100,52200,52300,52400,32700,131300,144300,147000,298000,366000,69700,84100,119000,84900,51400,51300,51200,51100,51000,50900,50800,50700,50600,50500,166400,143500,362400,239700,545900,178300,160800,60100,146800,115400,54500,50500,5597800,2944700,0,0,0,0,0,
000016.SZ,000016,20251209,93957000,51500,4900,25235,1385,0,,,2063900,10599068,51600,51000,51500,51500,51500,51600,51700,51800,51900,52000,52100,52200,52300,52400,35000,128300,144300,147000,298000,366000,69700,84100,119000,84900,51400,51300,51200,51100,51000,50900,50800,50700,50600,50500,157100,143500,362400,239700,548100,178300,160800,60100,146800,115400,54500,50500,5597600,2937600,0,0,0,0,0,
000016.SZ,000016,20251209,94000000,51500,0,0,1385,0,,,2063900,10599068,51600,51000,51500,51500,51500,51600,51700,51800,51900,52000,52100,52200,52300,52400,37000,124100,144300,147000,298000,366000,69700,84100,119000,84900,51400,51300,51200,51100,51000,50900,50800,50700,50600,50500,162600,146200,362400,239700,548600,178300,160800,60100,146800,115400,54500,50500,5595400,2950100,0,0,0,0,0,
000016.SZ,000016,20251209,94003000,51400,300,1542,1386,0,,,2064200,10600610,51600,51000,51500,51500,51500,51600,51700,51800,51900,52000,52100,52200,52300,52400,46400,124100,144300,147000,298000,363000,69700,84100,119000,84900,51400,51300,51200,51100,51000,50900,50800,50700,50600,50500,162300,146200,362400,239700,546500,178300,160800,60100,146800,115400,54500,50500,5603800,2948000,0,0,0,0,0,
000016.SZ,000016,20251209,94006000,51500,300,1545,1387,0,,,2064500,10602155,51600,51000,51500,51500,51500,51600,51700,51800,51900,52000,52100,52200,52300,52400,46700,124100,144300,147000,298000,363000,69700,84100,119000,84900,51400,51300,51200,51100,51000,50900,50800,50700,50600,50500,162500,146200,362400,239700,537900,178300,160800,60100,146800,115400,54500,50500,5616100,2939600,0,0,0,0,0,
000016.SZ,000016,20251209,94009000,51500,0,0,1387,0,,,2064500,10602155,51600,51000,51500,51500,51500,51600,51700,51800,51900,52000,52100,52200,52300,52400,46800,124100,144300,147000,270800,333000,69700,84100,119000,84900,51400,51300,51200,51100,51000,50900,50800,50700,50600,50500,162700,146200,362400,239700,538200,178300,160800,60100,148800,115400,54500,50500,5559000,2942900,0,0,0,0,0,
000016.SZ,000016,20251209,94012000,51400,200,1028,1389,0,,,2064700,10603183,51600,51000,51500,51500,51500,51600,51700,51800,51900,52000,52100,52200,52300,52400,51800,128100,144300,147000,270800,333000,69700,84100,119000,84900,51400,51300,51200,51100,51000,50900,50800,50700,50600,50500,164400,146200,362400,239700,538200,178300,160800,60100,148800,115400,54500,50500,5571500,2944600,0,0,0,0,0,
000016.SZ,000016,20251209,94015000,51400,0,0,1389,0,,,2064700,10603183,51600,51000,51500,51500,51500,51600,51700,51800,51900,52000,52100,52200,52300,52400,56800,128400,144300,177000,269700,333000,69300,84100,119000,84900,51400,51300,51200,51100,51000,50900,50800,50700,50600,50500,164400,146200,362500,239700,538200,178300,160800,60100,148800,115400,54500,50500,5605300,2944700,0,0,0,0,0,
000016.SZ,000016,20251209,94018000,51400,0,0,1389,0,,,2064700,10603183,51600,51000,51500,51500,51500,51600,51700,51800,51900,52000,52100,52200,52300,52400,59800,133000,142000,176000,269700,333000,69300,84100,119000,84900,51400,51300,51200,51100,51000,50900,50800,50700,50600,50500,167700,146200,362500,239700,538200,178300,160800,60100,148800,115400,54500,50500,5611600,2948000,0,0,0,0,0,
000016.SZ,000016,20251209,94021000,51400,0,0,1389,0,,,2064700,10603183,51600,51000,51500,51500,51500,51600,51700,51800,51900,52000,52100,52200,52300,52400,59800,132900,142000,176000,269700,333000,69300,84100,119000,84900,51400,51300,51200,51100,51000,50900,50800,50700,50600,50500,158400,146200,362500,239700,538200,178300,160800,60100,148800,115400,54500,50500,5611500,2938700,0,0,0,0,0,
000016.SZ,000016,20251209,94024000,51400,100,514,1390,0,,,2064800,10603697,51600,51000,51500,51500,51500,51600,51700,51800,51900,52000,52100,52200,52300,52400,60300,132900,142000,176000,270100,333000,69300,84100,119000,84900,51400,51300,51200,51100,51000,50900,50800,50700,50600,50500,158300,107000,362500,239700,539200,178300,160800,60100,148800,115400,54500,50500,5612400,2900400,0,0,0,0,0,
000016.SZ,000016,20251209,94027000,51500,400,2060,1391,0,,,2065200,10605757,51600,51000,51500,51500,51500,51600,51700,51800,51900,52000,52100,52200,52300,52400,59900,135200,142000,173000,270100,333000,69300,84100,119000,84900,51400,51300,51200,51100,51000,50900,50800,50700,50600,50500,158400,105900,362500,239700,539500,178300,160800,60100,148800,115400,54500,50500,5611300,2899700,0,0,0,0,0,
000016.SZ,000016,20251209,94030000,51400,63000,323820,1417,0,,,2128200,10929577,51600,51000,51500,51500,51500,51600,51700,51800,51900,52000,52100,52200,52300,52400,61900,135200,142000,173000,270100,334000,69300,84100,119000,84900,51400,51300,51200,51100,51000,50900,50800,50700,50600,50500,95500,105900,362500,239700,539500,178300,160800,60100,148800,115400,54500,50400,5638300,2836800,0,0,0,0,0,
000016.SZ,000016,20251209,94033000,51400,0,0,1417,0,,,2128200,10929577,51600,51000,51500,51500,51500,51600,51700,51800,51900,52000,52100,52200,52300,52400,61900,121300,142000,173000,270100,334000,69300,84100,119000,84900,51400,51300,51200,51100,51000,50900,50800,50700,50600,50500,95500,105900,362500,239700,542900,176400,160800,60100,148800,115400,54500,50400,5624400,2840100,0,0,0,0,0,
000016.SZ,000016,20251209,94036000,51400,3600,18504,1418,0,,,2131800,10948081,51600,51000,51500,51500,51500,51600,51700,51800,51900,52000,52100,52200,52300,52400,259800,121300,142000,173000,270100,334000,69300,84100,119000,84900,51400,51300,51200,51100,51000,50900,50800,50700,50600,50500,88900,108900,362500,239700,542900,176400,160800,60100,148800,115400,54400,50400,5826000,2837300,0,0,0,0,0,
000016.SZ,000016,20251209,94039000,51400,700,3598,1420,0,,,2132500,10951679,51600,51000,51500,51500,51500,51600,51700,51800,51900,52000,52100,52200,52300,52400,275400,121300,142000,173000,270100,334000,71300,84100,119000,84900,51400,51300,51200,51100,51000,50900,50800,50700,50600,50500,88200,108900,362500,239700,542900,176400,160800,60100,148800,115400,54400,50400,5843600,2836600,0,0,0,0,0,
000016.SZ,000016,20251209,94042000,51400,4300,22116,1424,0,,,2136800,10973795,51600,51000,51500,51500,51500,51600,51700,51800,51900,52000,52100,52200,52300,52400,274000,120900,142000,173000,270100,334000,71300,84100,119000,84900,51400,51300,51200,51100,51000,50900,50800,50700,50600,50500,85300,108900,362500,238700,545200,175400,160800,60100,148800,115400,54400,50400,5842900,2834000,0,0,0,0,0,
000016.SZ,000016,20251209,94045000,51400,2000,10280,1425,0,,,2138800,10984075,51600,51000,51500,51500,51500,51600,51700,51800,51900,52000,52100,52200,52300,52400,276400,120900,142000,173000,270100,334000,71300,84100,119000,84900,51400,51300,51200,51100,51000,50900,50800,50700,50600,50500,85100,108900,362500,238700,545200,175400,160800,60100,148800,115400,54400,50400,5845300,2833800,0,0,0,0,0,
000016.SZ,000016,20251209,94048000,51500,4400,22660,1428,0,,,2143200,11006735,51600,51000,51500,51500,51500,51600,51700,51800,51900,52000,52100,52200,52300,52400,272000,111400,142000,173000,272100,334000,71300,84100,119000,84900,51400,51300,51200,51100,51000,50900,50800,50700,50600,50500,88600,118900,362500,241700,545200,175400,160800,60100,148800,115400,54400,50400,5839300,2850300,0,0,0,0,0,
000016.SZ,000016,20251209,94051000,51400,500,2570,1429,0,,,2143700,11009305,51600,51000,51500,51500,51500,51600,51700,51800,51900,52000,52100,52200,52300,52400,272400,111400,142000,173000,272100,334000,71300,84100,119000,84900,51400,51300,51200,51100,51000,50900,50800,50700,50600,50500,146400,118900,362500,241700,545200,175400,160800,60600,148800,115400,54400,50500,5839900,2908600,0,0,0,0,0,
000016.SZ,000016,20251209,94054000,51400,0,0,1429,0,,,2143700,11009305,51600,51000,51500,51500,51500,51600,51700,51800,51900,52000,52100,52200,52300,52400,272400,114800,142000,173000,272100,334000,71300,84100,119000,84900,51400,51300,51200,51100,51000,50900,50800,50700,50600,50500,147600,118900,362500,241700,548200,175600,157800,60600,148800,115400,54400,50500,5847300,2889900,0,0,0,0,0,
000016.SZ,000016,20251209,94057000,51400,500,2570,1430,0,,,2144200,11011875,51600,51000,51500,51500,51500,51600,51700,51800,51900,52000,52100,52200,52300,52400,272400,117800,142000,173000,272100,334000,71300,84100,119000,84900,51400,51300,51200,51100,51000,50900,50800,50700,50600,50500,147100,118900,362500,241700,548500,175600,157800,60600,148800,115400,54400,50500,5877300,2891700,0,0,0,0,0,
000016.SZ,000016,20251209,94100000,51400,300,1542,1431,0,,,2144500,11013417,51600,51000,51500,51500,51500,51600,51700,51800,51900,52000,52100,52200,52300,52400,268000,117900,142000,173000,272100,334000,71300,84100,119000,89900,51400,51300,51200,51100,51000,50900,50800,50700,50600,50500,156800,118900,362700,241600,549800,175600,157800,60600,148800,115400,54400,50500,5878000,2902800,0,0,0,0,0,
000016.SZ,000016,20251209,94103000,51500,3900,20085,1432,0,,,2148400,11033502,51600,51000,51500,51500,51500,51600,51700,51800,51900,52000,52100,52200,52300,52400,264100,117900,142000,173300,272100,341500,71300,84100,119000,89900,51400,51300,51200,51100,51000,50900,50800,50700,50600,50500,156900,118900,364100,242100,549800,175600,157800,60600,148800,115400,54400,50500,5881900,2904100,0,0,0,0,0,
000016.SZ,000016,20251209,94106000,51500,0,0,1432,0,,,2148400,11033502,51600,51000,51500,51500,51500,51600,51700,51800,51900,52000,52100,52200,52300,52400,262800,117900,142000,173300,272100,341500,71300,84100,119000,89900,51400,51300,51200,51100,51000,50900,50800,50700,50600,50500,196900,118900,364100,242100,554800,175600,158200,60600,148800,115400,54400,50500,5892600,2948700,0,0,0,0,0,
000016.SZ,000016,20251209,94109000,51500,200,1030,1433,0,,,2148600,11034532,51600,51000,51500,51500,51500,51600,51700,51800,51900,52000,52100,52200,52300,52400,268400,117900,142000,143300,272100,341500,71300,84100,119000,89900,51400,51300,51200,51100,51000,50900,50800,50700,50600,50500,206900,118900,364100,242100,554800,175600,158200,60600,149800,115400,54400,50500,5868200,2962700,0,0,0,0,0,
000016.SZ,000016,20251209,94112000,51500,400,2060,1435,0,,,2149000,11036592,51600,51000,51500,51500,51500,51600,51700,51800,51900,52000,52100,52200,52300,52400,268000,117900,142000,143300,272100,342500,71300,84100,119000,89900,51400,51300,51200,51100,51000,50900,50800,50700,50600,50500,209900,118900,364100,242100,554800,176200,158200,60600,149800,115400,54400,50500,5868400,2966300,0,0,0,0,0,
000016.SZ,000016,20251209,94115000,51400,2800,14392,1437,0,,,2151800,11050984,51600,51000,51500,51500,51500,51600,51700,51800,51900,52000,52100,52200,52300,52400,266600,130600,142000,143300,272100,342500,71300,84100,119000,89900,51400,51300,51200,51100,51000,50900,50800,50700,50600,50500,207100,118900,364100,249500,554800,176200,158200,60600,149800,115400,54400,50500,5891500,2971900,0,0,0,0,0,
000016.SZ,000016,20251209,94118000,51500,12200,62830,1443,0,,,2164000,11113814,51600,51000,51500,51500,51500,51600,51700,51800,51900,52000,52100,52200,52300,52400,256400,130600,142000,143300,302100,343000,71300,84100,119000,89900,51400,51300,51200,51100,51000,50900,50800,50700,50600,50500,207100,118900,364100,249500,556700,176200,158200,60600,149800,115400,54400,50500,5911800,2974800,0,0,0,0,0,
000016.SZ,000016,20251209,94121000,51400,400,2056,1444,0,,,2164400,11115870,51600,51000,51500,51500,51500,51600,51700,51800,51900,52000,52100,52200,52300,52400,257500,131000,142000,143300,289800,343000,71300,84100,119000,89900,51400,51300,51200,51100,51000,50900,50800,50700,50600,50500,206700,118900,364100,249500,556700,176200,158200,60600,149800,115400,54400,50500,5902000,2974400,0,0,0,0,0,
000016.SZ,000016,20251209,94124000,51400,0,0,1444,0,,,2164400,11115870,51600,51000,51500,51500,51500,51600,51700,51800,51900,52000,52100,52200,52300,52400,257500,131000,142000,148800,289800,343000,71300,84100,119000,89900,51400,51300,51200,51100,51000,50900,50800,50700,50600,50500,206700,118900,364100,249500,556700,176200,158300,60600,149800,115400,54400,50500,5907500,2977500,0,0,0,0,0,
000016.SZ,000016,20251209,94127000,51400,3400,17496,1447,0,,,2167800,11133366,51600,51000,51500,51500,51500,51600,51700,51800,51900,52000,52100,52200,52300,52400,250500,123400,142000,148800,289800,355300,75200,84100,119000,89900,51400,51300,51200,51100,51000,50900,50800,50700,50600,50500,206800,118900,364100,249500,556900,176200,158300,60600,149800,115400,54400,50500,5899900,2977800,0,0,0,0,0,
000016.SZ,000016,20251209,94130000,51400,0,0,1447,0,,,2167800,11133366,51600,51000,51500,51500,51500,51600,51700,51800,51900,52000,52100,52200,52300,52400,252300,123400,142000,148800,289800,355300,75200,84100,119000,89900,51400,51300,51200,51100,51000,50900,50800,50700,50600,50500,209100,118900,364100,251600,556900,176200,158300,60600,149800,115400,54400,50500,5904700,2982200,0,0,0,0,0,
000016.SZ,000016,20251209,94133000,51400,0,0,1447,0,,,2167800,11133366,51600,51000,51500,51500,51500,51600,51700,51800,51900,52000,52100,52200,52300,52400,252300,123400,142000,148800,289800,353300,75200,84100,119000,93400,51400,51300,51200,51100,51000,50900,50800,50700,50600,50500,209100,118900,364100,251600,558500,176200,158800,60600,149800,115400,54400,50500,5906200,2984300,0,0,0,0,0,
000016.SZ,000016,20251209,94136000,51400,0,0,1447,0,,,2167800,11133366,51600,51000,51500,51500,51500,51600,51700,51800,51900,52000,52100,52200,52300,52400,252300,123400,142000,148800,289800,353300,75200,84100,119000,93400,51400,51300,51200,51100,51000,50900,50800,50700,50600,50500,215800,118900,364100,249600,559000,176200,158800,60600,149800,115400,54400,50500,5907800,2989500,0,0,0,0,0,
000016.SZ,000016,20251209,94139000,51400,0,0,1447,0,,,2167800,11133366,51600,51000,51500,51500,51500,51600,51700,51800,51900,52000,52100,52200,52300,52400,252300,123400,142000,148800,289800,353300,75200,84100,119000,93400,51400,51300,51200,51100,51000,50900,50800,50700,50600,50500,214600,118900,364100,249600,561900,176200,158800,60600,149800,115400,54400,50500,5897800,2991200,0,0,0,0,0,
000016.SZ,000016,20251209,94142000,51400,0,0,1447,0,,,2167800,11133366,51600,51000,51500,51500,51500,51600,51700,51800,51900,52000,52100,52200,52300,52400,250300,125300,142000,148800,289800,353300,75200,84100,119000,93400,51400,51300,51200,51100,51000,50900,50800,50700,50600,50500,214700,118900,364100,256600,559900,176200,158800,60600,149800,115400,54400,50500,5899200,2996300,0,0,0,0,0,
