万得代码,交易所代码,自然日,时间,委托编号,交易所委托号,委托类型,委托代码,委托价格,委托数量,
000016.SZ,000016,20251209,91500040,0,478,0,S,51400,1500,
000016.SZ,000016,20251209,91500040,0,601,0,S,56600,100,
000016.SZ,000016,20251209,91500050,0,1332,0,S,56600,6000,
000016.SZ,000016,20251209,91500050,0,1560,0,S,56700,100,
000016.SZ,000016,20251209,91500050,0,1598,0,S,53500,400,
000016.SZ,000016,20251209,91500060,0,2882,0,S,56700,14000,
000016.SZ,000016,20251209,91500060,0,2973,0,S,56700,4000,
000016.SZ,000016,20251209,91500060,0,2977,0,S,56700,5000,
000016.SZ,000016,20251209,91500060,0,3096,0,B,51000,200,
000016.SZ,000016,20251209,91500060,0,3336,0,S,56700,20000,
000016.SZ,000016,20251209,91500070,0,5324,0,S,56700,15000,
000016.SZ,000016,20251209,91500070,0,7516,0,S,52500,1000,
000016.SZ,000016,20251209,91500070,0,7518,0,S,53000,2000,
000016.SZ,000016,20251209,91500070,0,7519,0,S,53500,3000,
000016.SZ,000016,20251209,91500070,0,7521,0,S,54000,4000,
000016.SZ,000016,20251209,91500070,0,7845,0,B,50000,10000,
000016.SZ,000016,20251209,91500070,0,8282,0,S,56600,3000,
000016.SZ,000016,20251209,91500080,0,9141,0,B,50200,400,
000016.SZ,000016,20251209,91500080,0,9366,0,B,51000,1000,
000016.SZ,000016,20251209,91500080,0,9418,0,S,52400,600,
000016.SZ,000016,20251209,91500080,0,9421,0,S,52900,600,
000016.SZ,000016,20251209,91500080,0,9424,0,S,53400,600,
000016.SZ,000016,20251209,91500080,0,10267,0,S,52500,5000,
000016.SZ,000016,20251209,91500080,0,10276,0,S,52000,5000,
000016.SZ,000016,20251209,91500080,0,10814,0,S,56400,4000,
000016.SZ,000016,20251209,91500080,0,11054,0,S,56500,100,
000016.SZ,000016,20251209,91500080,0,11653,0,S,56700,10000,
000016.SZ,000016,20251209,91500080,0,11833,0,S,56700,10000,
000016.SZ,000016,20251209,91500080,0,11852,0,B,47100,100,
000016.SZ,000016,20251209,91500080,0,12843,0,S,54500,20400,
000016.SZ,000016,20251209,91500080,0,12844,0,S,56700,20300,
000016.SZ,000016,20251209,91500080,0,12845,0,B,50000,5000,
000016.SZ,000016,20251209,91500090,0,13883,0,B,50900,5000,
000016.SZ,000016,20251209,91500090,0,14848,0,B,51000,200,
000016.SZ,000016,20251209,91500090,0,14897,0,B,50900,500,
000016.SZ,000016,20251209,91500090,0,15455,0,S,56700,100,
000016.SZ,000016,20251209,91500090,0,15807,0,S,53000,1000,
000016.SZ,000016,20251209,91500090,0,15808,0,S,54000,1000,
000016.SZ,000016,20251209,91500090,0,15810,0,B,51000,1000,
000016.SZ,000016,20251209,91500090,0,15811,0,B,50000,1000,
000016.SZ,000016,20251209,91500090,0,15873,0,S,56700,500,
000016.SZ,000016,20251209,91500090,0,16367,0,B,50200,600,
000016.SZ,000016,20251209,91500090,0,16374,0,B,50000,600,
000016.SZ,000016,20251209,91500090,0,16394,0,B,49800,600,
000016.SZ,000016,20251209,91500090,0,16398,0,B,49600,600,
000016.SZ,000016,20251209,91500090,0,16549,0,S,53600,5600,
000016.SZ,000016,20251209,91500100,0,16840,0,S,51800,2600,
000016.SZ,000016,20251209,91500100,0,16848,0,S,52100,9500,
000016.SZ,000016,20251209,91500100,0,16852,0,S,52000,2800,
000016.SZ,000016,20251209,91500100,0,17192,0,S,56700,10000,
000016.SZ,000016,20251209,91500100,0,18575,0,B,51000,800,
000016.SZ,000016,20251209,91500100,0,19424,0,S,52100,4000,
000016.SZ,000016,20251209,91500100,0,19550,0,B,48700,500,
000016.SZ,000016,20251209,91500100,0,19551,0,S,55300,1500,
000016.SZ,000016,20251209,91500110,0,19851,0,B,50900,9800,
000016.SZ,000016,20251209,91500110,0,20517,0,S,56700,6600,
000016.SZ,000016,20251209,91500110,0,21623,0,B,49900,300,
000016.SZ,000016,20251209,91500120,0,22846,0,S,56700,1000,
000016.SZ,000016,20251209,91500120,0,23072,0,S,55900,17800,
000016.SZ,000016,20251209,91500120,0,24197,0,B,46500,7100,
000016.SZ,000016,20251209,91500120,0,24460,0,S,54000,3600,
000016.SZ,000016,20251209,91500120,0,24906,0,B,50800,10000,
000016.SZ,000016,20251209,91500120,0,25506,0,S,54500,500,
000016.SZ,000016,20251209,91500120,0,25713,0,S,56700,14200,
000016.SZ,000016,20251209,91500130,0,26491,0,S,55000,1000,
000016.SZ,000016,20251209,91500130,0,27745,0,S,56700,1400,
000016.SZ,000016,20251209,91500130,0,27915,0,S,56400,300,
000016.SZ,000016,20251209,91500130,0,27950,0,S,56600,100,
000016.SZ,000016,20251209,91500130,0,28610,0,S,51600,1000,
000016.SZ,000016,20251209,91500130,0,28970,0,B,50400,1500,
000016.SZ,000016,20251209,91500130,0,29069,0,S,52400,500,
000016.SZ,000016,20251209,91500130,0,29269,0,S,56600,14200,
000016.SZ,000016,20251209,91500130,0,29408,0,S,54500,18000,
000016.SZ,000016,20251209,91500130,0,29409,0,S,55500,30000,
000016.SZ,000016,20251209,91500130,0,29410,0,S,56500,40000,
000016.SZ,000016,20251209,91500130,0,29493,0,S,56700,100,
000016.SZ,000016,20251209,91500140,0,31126,0,S,53000,1000,
000016.SZ,000016,20251209,91500140,0,31127,0,S,53300,1100,
000016.SZ,000016,20251209,91500140,0,31514,0,S,56700,500,
000016.SZ,000016,20251209,91500140,0,32209,0,S,56700,2000,
000016.SZ,000016,20251209,91500140,0,33241,0,S,56600,1500,
000016.SZ,000016,20251209,91500150,0,36392,0,S,56700,4500,
000016.SZ,000016,20251209,91500160,0,37228,0,S,51600,20000,
000016.SZ,000016,20251209,91500160,0,37482,0,S,52900,800,
000016.SZ,000016,20251209,91500160,0,37724,0,S,56600,10000,
000016.SZ,000016,20251209,91500160,0,38015,0,S,56600,300,
000016.SZ,000016,20251209,91500160,0,39022,0,S,56700,5000,
000016.SZ,000016,20251209,91500160,0,39356,0,B,50900,300,
000016.SZ,000016,20251209,91500160,0,39722,0,B,50200,500,
000016.SZ,000016,20251209,91500170,0,41354,0,S,51900,4200,
000016.SZ,000016,20251209,91500170,0,41355,0,S,52000,4200,
000016.SZ,000016,20251209,91500180,0,45586,0,B,50200,10100,
000016.SZ,000016,20251209,91500190,0,45954,0,S,56700,3700,
000016.SZ,000016,20251209,91500190,0,46035,0,B,49300,300,
000016.SZ,000016,20251209,91500190,0,46036,0,B,46500,4800,
000016.SZ,000016,20251209,91500190,0,46372,0,S,53500,1000,
000016.SZ,000016,20251209,91500190,0,46373,0,B,50000,500,
000016.SZ,000016,20251209,91500190,0,46374,0,B,49000,500,
000016.SZ,000016,20251209,91500190,0,46375,0,B,48000,500,
000016.SZ,000016,20251209,91500190,0,46376,0,B,47000,500,
000016.SZ,000016,20251209,91500190,0,47155,0,S,52400,500,
000016.SZ,000016,20251209,91500200,0,48472,0,S,56700,1000,
000016.SZ,000016,20251209,91500200,0,49057,0,B,56700,6700,
000016.SZ,000016,20251209,91500200,0,49256,0,S,53700,6600,
000016.SZ,000016,20251209,91500200,0,49911,0,S,56700,2000,
000016.SZ,000016,20251209,91500210,0,51010,0,B,50900,2800,
000016.SZ,000016,20251209,91500210,0,51134,0,S,53200,3000,
000016.SZ,000016,20251209,91500220,0,53919,0,B,51000,37700,
000016.SZ,000016,20251209,91500220,0,53947,0,S,56500,200,
000016.SZ,000016,20251209,91500220,0,54397,0,S,56700,800,
000016.SZ,000016,20251209,91500230,0,55435,0,S,56000,1000,
000016.SZ,000016,20251209,91500230,0,55436,0,S,56000,1000,
000016.SZ,000016,20251209,91500240,0,58103,0,S,56600,1000,
000016.SZ,000016,20251209,91500250,0,59389,0,S,51700,10000,
000016.SZ,000016,20251209,91500250,0,59870,0,S,54000,5000,
000016.SZ,000016,20251209,91500250,0,59871,0,S,56000,4000,
000016.SZ,000016,20251209,91500250,0,60239,0,S,52500,8000,
000016.SZ,000016,20251209,91500250,0,60255,0,B,46400,20000,
000016.SZ,000016,20251209,91500250,0,60256,0,B,46800,10000,
000016.SZ,000016,20251209,91500250,0,60368,0,S,52300,2000,
000016.SZ,000016,20251209,91500260,0,61015,0,S,56700,4100,
000016.SZ,000016,20251209,91500270,0,62359,0,S,56700,700,
000016.SZ,000016,20251209,91500270,0,62361,0,B,50700,5000,
000016.SZ,000016,20251209,91500270,0,62392,0,S,56200,200,
000016.SZ,000016,20251209,91500280,0,63203,0,S,56600,1700,
000016.SZ,000016,20251209,91500280,0,63489,0,S,56700,500,
000016.SZ,000016,20251209,91500280,0,63640,0,S,51900,3000,
000016.SZ,000016,20251209,91500280,0,63641,0,S,55000,100,
000016.SZ,000016,20251209,91500280,0,63898,0,S,54900,18000,
000016.SZ,000016,20251209,91500280,0,64138,0,B,49800,1200,
000016.SZ,000016,20251209,91500280,0,64293,0,S,56700,100,
000016.SZ,000016,20251209,91500280,0,64402,0,S,54800,500,
000016.SZ,000016,20251209,91500280,0,64432,0,S,52500,2300,
000016.SZ,000016,20251209,91500280,0,64535,0,S,51900,4000,
000016.SZ,000016,20251209,91500280,0,64539,0,S,53300,27100,
000016.SZ,000016,20251209,91500280,0,64610,0,S,51900,5000,
000016.SZ,000016,20251209,91500280,0,64611,0,S,51900,3000,
000016.SZ,000016,20251209,91500280,0,64618,0,S,56700,1600,
000016.SZ,000016,20251209,91500290,0,64859,0,S,53200,5000,
000016.SZ,000016,20251209,91500290,0,65378,0,B,56700,900,
000016.SZ,000016,20251209,91500290,0,65905,0,S,54500,4700,
000016.SZ,000016,20251209,91500290,0,65926,0,S,53200,2000,
000016.SZ,000016,20251209,91500300,0,66584,0,S,56000,12300,
000016.SZ,000016,20251209,91500300,0,66628,0,S,51900,3000,
000016.SZ,000016,20251209,91500300,0,67161,0,B,49800,500,
000016.SZ,000016,20251209,91500300,0,67673,0,S,52400,1000,
000016.SZ,000016,20251209,91500310,0,68216,0,B,47000,1000,
000016.SZ,000016,20251209,91500310,0,68650,0,S,52400,10000,
000016.SZ,000016,20251209,91500310,0,68651,0,S,56700,20000,
000016.SZ,000016,20251209,91500310,0,69093,0,S,56600,1500,
000016.SZ,000016,20251209,91500310,0,70039,0,B,50100,2000,
000016.SZ,000016,20251209,91500320,0,70256,0,B,50500,10000,
000016.SZ,000016,20251209,91500320,0,70488,0,S,55000,4000,
000016.SZ,000016,20251209,91500320,0,70539,0,S,52400,200,
000016.SZ,000016,20251209,91500330,0,72703,0,B,51500,100,
000016.SZ,000016,20251209,91500330,0,73167,0,B,48000,30000,
000016.SZ,000016,20251209,91500340,0,73949,0,S,53600,900,
000016.SZ,000016,20251209,91500340,0,74432,0,B,50600,700,
000016.SZ,000016,20251209,91500340,0,74524,0,S,53400,34000,
000016.SZ,000016,20251209,91500350,0,75293,0,S,56600,600,
000016.SZ,000016,20251209,91500350,0,75930,0,B,46400,5500,
000016.SZ,000016,20251209,91500360,0,76552,0,S,52900,3000,
000016.SZ,000016,20251209,91500360,0,76553,0,S,54300,3000,
000016.SZ,000016,20251209,91500360,0,76985,0,S,54000,600,
000016.SZ,000016,20251209,91500360,0,77076,0,S,56700,400,
000016.SZ,000016,20251209,91500370,0,77585,0,S,56600,500,
000016.SZ,000016,20251209,91500370,0,77811,0,S,56000,700,
000016.SZ,000016,20251209,91500370,0,77839,0,S,54900,100,
000016.SZ,000016,20251209,91500380,0,79407,0,S,54600,57600,
000016.SZ,000016,20251209,91500400,0,81054,0,S,56700,56000,
000016.SZ,000016,20251209,91500410,0,82425,0,B,50000,3000,
000016.SZ,000016,20251209,91500410,0,82735,0,S,56700,500,
000016.SZ,000016,20251209,91500410,0,83233,0,B,50100,400,
000016.SZ,000016,20251209,91500430,0,84602,0,B,50000,1500,
000016.SZ,000016,20251209,91500430,0,84618,0,S,52000,10000,
000016.SZ,000016,20251209,91500430,0,84620,0,S,52500,10000,
000016.SZ,000016,20251209,91500430,0,84621,0,B,51000,10000,
000016.SZ,000016,20251209,91500430,0,84622,0,B,50500,20000,
000016.SZ,000016,20251209,91500430,0,85237,0,B,48800,400,
000016.SZ,000016,20251209,91500430,0,85291,0,S,54400,800,
000016.SZ,000016,20251209,91500430,0,85435,0,S,56600,400,
000016.SZ,000016,20251209,91500440,0,86733,0,S,54900,1500,
000016.SZ,000016,20251209,91500440,0,86763,0,S,53800,1500,
000016.SZ,000016,20251209,91500480,0,90528,0,S,56500,4000,
000016.SZ,000016,20251209,91500480,0,90724,0,B,49000,40600,
000016.SZ,000016,20251209,91500480,0,90731,0,B,50000,1000,
000016.SZ,000016,20251209,91500490,0,91337,0,B,50700,800,
000016.SZ,000016,20251209,91500490,0,91340,0,B,51000,1000,
000016.SZ,000016,20251209,91500490,0,91341,0,B,51200,500,
000016.SZ,000016,20251209,91500490,0,91365,0,S,56600,1500,
000016.SZ,000016,20251209,91500490,0,91366,0,S,55700,900,
000016.SZ,000016,20251209,91500490,0,91829,0,S,55100,4000,
000016.SZ,000016,20251209,91500490,0,91870,0,S,51800,12100,
000016.SZ,000016,20251209,91500500,0,93549,0,B,50800,1800,
000016.SZ,000016,20251209,91500510,0,93746,0,S,51800,20000,
000016.SZ,000016,20251209,91500520,0,95185,0,S,51800,200,
000016.SZ,000016,20251209,91500520,0,95616,0,S,56700,30000,
000016.SZ,000016,20251209,91500540,0,96826,0,S,52500,3900,
000016.SZ,000016,20251209,91500540,0,96867,0,B,50300,2000,
000016.SZ,000016,20251209,91500540,0,97564,0,B,47000,4200,
000016.SZ,000016,20251209,91500540,0,97645,0,S,55400,1300,
000016.SZ,000016,20251209,91500550,0,98265,0,S,56000,1100,
000016.SZ,000016,20251209,91500550,0,98583,0,S,55900,500,
000016.SZ,000016,20251209,91500550,0,98584,0,S,54900,500,
000016.SZ,000016,20251209,91500550,0,98586,0,B,49100,500,
000016.SZ,000016,20251209,91500550,0,98587,0,B,48600,500,
000016.SZ,000016,20251209,91500550,0,98588,0,B,48100,500,
000016.SZ,000016,20251209,91500550,0,98589,0,B,47100,500,
000016.SZ,000016,20251209,91500550,0,98617,0,B,46600,500,
000016.SZ,000016,20251209,91500560,0,98779,0,S,56600,5000,
000016.SZ,000016,20251209,91500560,0,98829,0,S,54200,100,
000016.SZ,000016,20251209,91500560,0,99174,0,S,54800,5000,
000016.SZ,000016,20251209,91500560,0,99977,0,B,50000,2000,
000016.SZ,000016,20251209,91500560,0,99978,0,S,56700,2000,
000016.SZ,000016,20251209,91500570,0,100314,0,S,52200,1000,
000016.SZ,000016,20251209,91500580,0,101296,0,B,50300,20000,
000016.SZ,000016,20251209,91500580,0,101796,0,S,52500,7000,
000016.SZ,000016,20251209,91500590,0,102179,0,B,50600,3000,
000016.SZ,000016,20251209,91500590,0,102816,0,B,50900,2000,
000016.SZ,000016,20251209,91500600,0,103419,0,S,53700,500,
000016.SZ,000016,20251209,91500600,0,103502,0,S,56500,4000,
000016.SZ,000016,20251209,91500610,0,104105,0,S,56700,1700,
000016.SZ,000016,20251209,91500610,0,104440,0,B,50000,4000,
000016.SZ,000016,20251209,91500610,0,105043,0,B,50100,500,
000016.SZ,000016,20251209,91500620,0,105956,0,S,53900,1000,
000016.SZ,000016,20251209,91500620,0,105957,0,S,55900,900,
000016.SZ,000016,20251209,91500630,0,106703,0,B,50100,5000,
000016.SZ,000016,20251209,91500640,0,107922,0,B,46400,300,
000016.SZ,000016,20251209,91500650,0,108548,0,B,50800,1000,
000016.SZ,000016,20251209,91500650,0,108759,0,S,51900,1100,
000016.SZ,000016,20251209,91500650,0,108795,0,S,53000,5000,
000016.SZ,000016,20251209,91500650,0,108796,0,S,53500,5000,
000016.SZ,000016,20251209,91500650,0,108798,0,S,54000,6200,
000016.SZ,000016,20251209,91500650,0,108815,0,S,54500,6200,
000016.SZ,000016,20251209,91500650,0,108816,0,S,55000,6300,
000016.SZ,000016,20251209,91500650,0,108817,0,S,55500,6200,
000016.SZ,000016,20251209,91500650,0,108941,0,S,56600,9800,
000016.SZ,000016,20251209,91500660,0,109380,0,S,56700,10000,
000016.SZ,000016,20251209,91500660,0,109424,0,S,53400,3100,
000016.SZ,000016,20251209,91500660,0,109901,0,B,50500,2500,
000016.SZ,000016,20251209,91500670,0,110605,0,S,53500,900,
000016.SZ,000016,20251209,91500670,0,110962,0,B,46400,2100,
000016.SZ,000016,20251209,91500670,0,111124,0,B,50900,3000,
000016.SZ,000016,20251209,91500690,0,112182,0,S,56700,10000,
000016.SZ,000016,20251209,91500690,0,112230,0,B,51100,300,
000016.SZ,000016,20251209,91500690,0,112423,0,B,50500,500,
000016.SZ,000016,20251209,91500690,0,112424,0,S,54600,500,
000016.SZ,000016,20251209,91500710,0,113497,0,S,53300,3000,
000016.SZ,000016,20251209,91500710,0,113498,0,S,56300,3100,
000016.SZ,000016,20251209,91500710,0,113766,0,S,56700,60000,
000016.SZ,000016,20251209,91500710,0,113946,0,S,51800,1000,
000016.SZ,000016,20251209,91500710,0,114257,0,S,53500,800,
000016.SZ,000016,20251209,91500710,0,114481,0,S,55500,500,
000016.SZ,000016,20251209,91500720,0,114569,0,S,56700,200,
000016.SZ,000016,20251209,91500740,0,116204,0,S,55000,5000,
000016.SZ,000016,20251209,91500760,0,117785,0,S,52200,8000,
000016.SZ,000016,20251209,91500760,0,117809,0,S,53200,600,
000016.SZ,000016,20251209,91500780,0,119459,0,B,46500,800,
000016.SZ,000016,20251209,91500780,0,119640,0,B,51000,5000,
000016.SZ,000016,20251209,91500780,0,119905,0,S,56000,8000,
000016.SZ,000016,20251209,91500800,0,121502,0,S,56600,1400,
000016.SZ,000016,20251209,91500820,0,122424,0,S,56400,100,
000016.SZ,000016,20251209,91500820,0,122522,0,S,52200,2000,
000016.SZ,000016,20251209,91500840,0,124259,0,B,50500,600,
000016.SZ,000016,20251209,91500840,0,124512,0,S,56500,100,
000016.SZ,000016,20251209,91500850,0,124752,0,S,56700,10000,
000016.SZ,000016,20251209,91500850,0,124881,0,S,53800,2000,
000016.SZ,000016,20251209,91500850,0,125241,0,B,52100,500,
000016.SZ,000016,20251209,91500860,0,125568,0,B,50600,20000,
000016.SZ,000016,20251209,91500860,0,125720,0,B,49900,2000,
000016.SZ,000016,20251209,91500870,0,126231,0,S,53700,3300,
000016.SZ,000016,20251209,91500870,0,126336,0,B,50600,20000,
000016.SZ,000016,20251209,91500880,0,127200,0,S,54000,200,
000016.SZ,000016,20251209,91500890,0,127638,0,S,56700,500,
000016.SZ,000016,20251209,91500920,0,129280,0,S,56700,10000,
000016.SZ,000016,20251209,91500920,0,129282,0,S,56700,10000,
000016.SZ,000016,20251209,91500920,0,129332,0,S,56700,14100,
000016.SZ,000016,20251209,91500940,0,130882,0,S,52000,10000,
000016.SZ,000016,20251209,91500940,0,130883,0,S,53000,20000,
000016.SZ,000016,20251209,91500960,0,132412,0,B,49700,500,
000016.SZ,000016,20251209,91500970,0,132817,0,S,56700,3000,
000016.SZ,000016,20251209,91500970,0,133046,0,B,51000,10000,
000016.SZ,000016,20251209,91500980,0,133231,0,S,56600,500,
000016.SZ,000016,20251209,91500980,0,133403,0,B,50600,2000,
000016.SZ,000016,20251209,91501010,0,135463,0,S,51400,2000,
000016.SZ,000016,20251209,91501010,0,135694,0,S,56700,200,
000016.SZ,000016,20251209,91501020,0,136617,0,S,56000,100,
000016.SZ,000016,20251209,91501020,0,136716,0,B,47500,20000,
000016.SZ,000016,20251209,91501030,0,137320,0,S,56200,5000,
000016.SZ,000016,20251209,91501060,0,138910,0,S,52500,500,
000016.SZ,000016,20251209,91501070,0,139516,0,B,50000,1000,
000016.SZ,000016,20251209,91501090,0,141011,0,S,52700,1000,
000016.SZ,000016,20251209,91501110,0,142355,0,S,56700,199000,
000016.SZ,000016,20251209,91501110,0,142591,0,S,56700,5000,
000016.SZ,000016,20251209,91501140,0,144321,0,B,46400,300,
000016.SZ,000016,20251209,91501140,0,144331,0,S,55800,700,
000016.SZ,000016,20251209,91501140,0,144335,0,S,56600,500,
000016.SZ,000016,20251209,91501150,0,144915,0,S,52000,300,
000016.SZ,000016,20251209,91501160,0,145827,0,S,56700,9200,
000016.SZ,000016,20251209,91501160,0,146499,0,B,50500,3000,
000016.SZ,000016,20251209,91501180,0,148096,0,B,49500,1000,
000016.SZ,000016,20251209,91501200,0,149413,0,B,51000,30000,
000016.SZ,000016,20251209,91501210,0,149525,0,S,52200,2400,
000016.SZ,000016,20251209,91501210,0,149960,0,S,52500,1000,
000016.SZ,000016,20251209,91501220,0,150462,0,S,54900,3000,
000016.SZ,000016,20251209,91501220,0,150468,0,S,56400,3000,
000016.SZ,000016,20251209,91501220,0,150477,0,S,55900,5000,
000016.SZ,000016,20251209,91501220,0,150793,0,S,53500,1000,
000016.SZ,000016,20251209,91501230,0,151326,0,B,50800,500,
000016.SZ,000016,20251209,91501230,0,151472,0,B,50800,1300,
000016.SZ,000016,20251209,91501230,0,151473,0,B,50300,1300,
000016.SZ,000016,20251209,91501230,0,151476,0,S,52900,1300,
000016.SZ,000016,20251209,91501250,0,152293,0,B,51000,1600,
000016.SZ,000016,20251209,91501260,0,152418,0,B,50600,1000,
000016.SZ,000016,20251209,91501270,0,152737,0,B,50200,48300,
000016.SZ,000016,20251209,91501270,0,153099,0,S,51800,1400,
000016.SZ,000016,20251209,91501270,0,153105,0,B,50800,1000,
000016.SZ,000016,20251209,91501300,0,154465,0,B,50300,1000,
000016.SZ,000016,20251209,91501310,0,154555,0,S,52000,900,
000016.SZ,000016,20251209,91501310,0,154908,0,S,53000,1000,
000016.SZ,000016,20251209,91501320,0,155251,0,S,54400,500,
000016.SZ,000016,20251209,91501330,0,156373,0,S,56700,3600,
000016.SZ,000016,20251209,91501380,0,158597,0,S,56700,400,
000016.SZ,000016,20251209,91501380,0,158894,0,S,51900,1000,
000016.SZ,000016,20251209,91501380,0,158896,0,S,53100,2000,
000016.SZ,000016,20251209,91501390,0,159764,0,S,53800,5000,
000016.SZ,000016,20251209,91501410,0,160867,0,S,55500,300,
000016.SZ,000016,20251209,91501410,0,160971,0,S,55900,400,
000016.SZ,000016,20251209,91501410,0,161060,0,S,56600,20000,
000016.SZ,000016,20251209,91501420,0,161301,0,B,46500,800,
000016.SZ,000016,20251209,91501430,0,161812,0,S,52000,400,
000016.SZ,000016,20251209,91501430,0,161817,0,S,52200,500,
000016.SZ,000016,20251209,91501430,0,162185,0,S,52100,400,
000016.SZ,000016,20251209,91501430,0,162187,0,S,52400,500,
000016.SZ,000016,20251209,91501430,0,162188,0,S,52600,500,
000016.SZ,000016,20251209,91501430,0,162189,0,S,52700,500,
000016.SZ,000016,20251209,91501430,0,162191,0,S,53000,500,
000016.SZ,000016,20251209,91501430,0,162192,0,S,53100,500,
000016.SZ,000016,20251209,91501430,0,162193,0,S,53300,500,
000016.SZ,000016,20251209,91501430,0,162195,0,S,53500,500,
000016.SZ,000016,20251209,91501430,0,162201,0,S,53800,500,
000016.SZ,000016,20251209,91501430,0,162202,0,S,53900,500,
000016.SZ,000016,20251209,91501430,0,162203,0,S,54200,500,
000016.SZ,000016,20251209,91501430,0,162204,0,S,55000,500,
000016.SZ,000016,20251209,91501440,0,162462,0,S,56700,7000,
000016.SZ,000016,20251209,91501450,0,163414,0,B,48900,2600,
000016.SZ,000016,20251209,91501490,0,166177,0,S,56700,500,
000016.SZ,000016,20251209,91501500,0,166654,0,S,55800,2000,
000016.SZ,000016,20251209,91501520,0,168395,0,S,56700,8000,
000016.SZ,000016,20251209,91501530,0,169036,0,S,56000,12300,
000016.SZ,000016,20251209,91501530,0,169380,0,B,50600,15900,
000016.SZ,000016,20251209,91501530,0,169388,0,S,56700,4100,
000016.SZ,000016,20251209,91501540,0,170230,0,S,54500,400,
000016.SZ,000016,20251209,91501550,0,170637,0,S,53000,34400,
000016.SZ,000016,20251209,91501550,0,170659,0,S,56500,1500,
000016.SZ,000016,20251209,91501550,0,170692,0,S,52300,500,
000016.SZ,000016,20251209,91501550,0,170695,0,S,52500,500,
000016.SZ,000016,20251209,91501550,0,170698,0,S,52800,500,
000016.SZ,000016,20251209,91501550,0,170699,0,S,52900,500,
000016.SZ,000016,20251209,91501550,0,170701,0,S,53200,500,
000016.SZ,000016,20251209,91501550,0,170703,0,S,53400,500,
000016.SZ,000016,20251209,91501550,0,170704,0,S,53600,500,
000016.SZ,000016,20251209,91501550,0,170705,0,S,53700,500,
000016.SZ,000016,20251209,91501550,0,170706,0,S,54000,500,
000016.SZ,000016,20251209,91501550,0,170707,0,S,54100,500,
000016.SZ,000016,20251209,91501550,0,170708,0,S,54300,500,
000016.SZ,000016,20251209,91501550,0,170710,0,S,54400,500,
000016.SZ,000016,20251209,91501550,0,170712,0,S,54500,500,
000016.SZ,000016,20251209,91501550,0,170714,0,S,54600,500,
000016.SZ,000016,20251209,91501550,0,170715,0,S,54700,500,
000016.SZ,000016,20251209,91501550,0,170716,0,S,54800,500,
000016.SZ,000016,20251209,91501550,0,170719,0,S,54900,500,
000016.SZ,000016,20251209,91501550,0,170722,0,S,55100,500,
000016.SZ,000016,20251209,91501550,0,171109,0,B,50800,5800,
000016.SZ,000016,20251209,91501570,0,171953,0,S,52000,3300,
000016.SZ,000016,20251209,91501570,0,172384,0,S,56700,400,
000016.SZ,000016,20251209,91501570,0,172387,0,B,50600,400,
000016.SZ,000016,20251209,91501590,0,173175,0,S,52800,500,
000016.SZ,000016,20251209,91501590,0,173501,0,S,56600,900,
000016.SZ,000016,20251209,91501600,0,173773,0,B,50000,1200,
000016.SZ,000016,20251209,91501600,0,173774,0,B,47500,1600,
000016.SZ,000016,20251209,91501600,0,173775,0,S,54000,2000,
000016.SZ,000016,20251209,91501600,0,173796,0,S,56600,3000,
000016.SZ,000016,20251209,91501630,0,175269,0,S,55000,2000,
000016.SZ,000016,20251209,91501630,0,175403,0,S,54900,600,
000016.SZ,000016,20251209,91501630,0,175456,0,S,53600,800,
000016.SZ,000016,20251209,91501640,0,176283,0,S,52600,1000,
000016.SZ,000016,20251209,91501640,0,176284,0,S,53600,1000,
000016.SZ,000016,20251209,91501640,0,176449,0,B,49900,100,
000016.SZ,000016,20251209,91501640,0,176598,0,S,56700,600,
000016.SZ,000016,20251209,91501650,0,177319,0,S,56500,3000,
000016.SZ,000016,20251209,91501670,0,178642,0,S,53500,1000,
000016.SZ,000016,20251209,91501670,0,178677,0,B,46500,100,
000016.SZ,000016,20251209,91501670,0,178682,0,B,47000,100,
000016.SZ,000016,20251209,91501680,0,179112,0,B,47000,1500,
000016.SZ,000016,20251209,91501680,0,179251,0,S,56700,2000,
000016.SZ,000016,20251209,91501700,0,180144,0,B,50200,1000,
000016.SZ,000016,20251209,91501700,0,180153,0,S,56600,1500,
000016.SZ,000016,20251209,91501700,0,180162,0,S,55500,1500,
000016.SZ,000016,20251209,91501700,0,180166,0,S,53000,300,
000016.SZ,000016,20251209,91501720,0,181095,0,B,50000,10000,
000016.SZ,000016,20251209,91501740,0,181724,0,S,52000,500,
000016.SZ,000016,20251209,91501740,0,181725,0,S,52100,500,
000016.SZ,000016,20251209,91501740,0,181727,0,S,53000,1000,
000016.SZ,000016,20251209,91501740,0,181728,0,S,53100,1000,
000016.SZ,000016,20251209,91501740,0,181729,0,S,53200,1000,
000016.SZ,000016,20251209,91501740,0,181730,0,S,53300,1000,
000016.SZ,000016,20251209,91501740,0,181731,0,S,53400,1000,
000016.SZ,000016,20251209,91501740,0,181732,0,S,53600,1000,
000016.SZ,000016,20251209,91501740,0,181733,0,S,53700,1000,
000016.SZ,000016,20251209,91501740,0,181734,0,S,53800,1000,
000016.SZ,000016,20251209,91501740,0,181738,0,S,54200,2000,
000016.SZ,000016,20251209,91501740,0,181740,0,S,54600,2000,
000016.SZ,000016,20251209,91501740,0,181741,0,S,55000,2000,
000016.SZ,000016,20251209,91501740,0,181743,0,S,55200,2000,
000016.SZ,000016,20251209,91501740,0,181744,0,S,55300,2000,
000016.SZ,000016,20251209,91501750,0,182458,0,B,50100,600,
000016.SZ,000016,20251209,91501760,0,182605,0,S,54500,1000,
000016.SZ,000016,20251209,91501780,0,183548,0,S,56700,3000,
000016.SZ,000016,20251209,91501800,0,184315,0,S,56600,600,
000016.SZ,000016,20251209,91501800,0,184430,0,B,50000,500,
000016.SZ,000016,20251209,91501800,0,184622,0,S,56700,2000,
000016.SZ,000016,20251209,91501830,0,185819,0,B,50700,1100,
000016.SZ,000016,20251209,91501830,0,185820,0,B,49900,1100,
000016.SZ,000016,20251209,91501830,0,185822,0,B,49100,2200,
000016.SZ,000016,20251209,91501830,0,185824,0,S,52500,1500,
000016.SZ,000016,20251209,91501840,0,185893,0,S,56700,103600,
000016.SZ,000016,20251209,91501850,0,186567,0,S,55800,400,
000016.SZ,000016,20251209,91501900,0,188427,0,S,52200,500,
000016.SZ,000016,20251209,91501900,0,188428,0,S,52300,1000,
000016.SZ,000016,20251209,91501900,0,188429,0,S,52400,1000,
000016.SZ,000016,20251209,91501900,0,188430,0,S,52500,1000,
000016.SZ,000016,20251209,91501900,0,188431,0,S,52600,1000,
000016.SZ,000016,20251209,91501900,0,188432,0,S,52700,1000,
000016.SZ,000016,20251209,91501900,0,188433,0,S,52800,1000,
000016.SZ,000016,20251209,91501900,0,188435,0,S,52900,1000,
000016.SZ,000016,20251209,91501900,0,188438,0,S,53500,1000,
000016.SZ,000016,20251209,91501900,0,188441,0,S,53900,1000,
000016.SZ,000016,20251209,91501900,0,188442,0,S,54000,1000,
000016.SZ,000016,20251209,91501900,0,188443,0,S,54100,2000,
000016.SZ,000016,20251209,91501900,0,188445,0,S,54300,2000,
000016.SZ,000016,20251209,91501900,0,188446,0,S,54400,2000,
000016.SZ,000016,20251209,91501900,0,188449,0,S,54500,2000,
000016.SZ,000016,20251209,91501900,0,188450,0,S,54700,2000,
000016.SZ,000016,20251209,91501900,0,188451,0,S,54800,2000,
000016.SZ,000016,20251209,91501900,0,188452,0,S,54900,2000,
000016.SZ,000016,20251209,91501900,0,188453,0,S,55100,2000,
000016.SZ,000016,20251209,91501900,0,188583,0,S,56700,2000,
000016.SZ,000016,20251209,91501910,0,188848,0,S,56600,5600,
000016.SZ,000016,20251209,91501910,0,189029,0,S,56600,800,
000016.SZ,000016,20251209,91501920,0,189389,0,S,54400,5000,
000016.SZ,000016,20251209,91501940,0,190162,0,S,55200,1100,
000016.SZ,000016,20251209,91501940,0,190163,0,B,50200,1100,
000016.SZ,000016,20251209,91501940,0,190164,0,B,48200,1100,
000016.SZ,000016,20251209,91501960,0,191025,0,B,50900,100,
000016.SZ,000016,20251209,91501960,0,191201,0,S,52500,2000,
000016.SZ,000016,20251209,91501970,0,191804,0,S,55500,2000,
000016.SZ,000016,20251209,91501970,0,191811,0,S,56000,2000,
000016.SZ,000016,20251209,91501970,0,191812,0,S,56700,3000,
000016.SZ,000016,20251209,91501980,0,191987,0,S,55000,1000,
000016.SZ,000016,20251209,91501990,0,192249,0,B,50000,5000,
000016.SZ,000016,20251209,91501990,0,192298,0,B,51000,1000,
000016.SZ,000016,20251209,91501990,0,192299,0,B,50000,1000,
000016.SZ,000016,20251209,91501990,0,192300,0,B,49000,1000,
000016.SZ,000016,20251209,91501990,0,192301,0,S,52500,1000,
000016.SZ,000016,20251209,91501990,0,192302,0,S,53000,1000,
000016.SZ,000016,20251209,91501990,0,192303,0,S,54000,1000,
000016.SZ,000016,20251209,91502000,0,192903,0,S,53900,200,
000016.SZ,000016,20251209,91502000,0,193232,0,S,56700,300,
000016.SZ,000016,20251209,91502010,0,193421,0,S,55500,2000,
000016.SZ,000016,20251209,91502070,0,196505,0,S,56700,3000,
000016.SZ,000016,20251209,91502080,0,197021,0,S,56600,800,
000016.SZ,000016,20251209,91502080,0,197152,0,B,51500,200,
000016.SZ,000016,20251209,91502090,0,197415,0,B,50100,2000,
000016.SZ,000016,20251209,91502150,0,199294,0,S,56500,5000,
000016.SZ,000016,20251209,91502160,0,200126,0,S,52800,1500,
000016.SZ,000016,20251209,91502160,0,200128,0,S,53700,1500,
000016.SZ,000016,20251209,91502170,0,200562,0,S,54500,500,
000016.SZ,000016,20251209,91502170,0,200679,0,B,49200,1500,
000016.SZ,000016,20251209,91502190,0,201635,0,S,56700,900,
000016.SZ,000016,20251209,91502200,0,202106,0,B,51100,1000,
000016.SZ,000016,20251209,91502230,0,203560,0,S,56700,10000,
000016.SZ,000016,20251209,91502230,0,203561,0,S,56600,5000,
000016.SZ,000016,20251209,91502230,0,203564,0,S,56400,5000,
000016.SZ,000016,20251209,91502250,0,204400,0,S,54200,200,
000016.SZ,000016,20251209,91502250,0,204401,0,S,54800,200,
000016.SZ,000016,20251209,91502260,0,204607,0,S,56700,300,
000016.SZ,000016,20251209,91502260,0,204611,0,B,51000,900,
000016.SZ,000016,20251209,91502280,0,205089,0,S,56500,5000,
000016.SZ,000016,20251209,91502290,0,205609,0,S,54000,3000,
000016.SZ,000016,20251209,91502300,0,205836,0,S,53900,5000,
000016.SZ,000016,20251209,91502300,0,205961,0,S,52400,4000,
000016.SZ,000016,20251209,91502320,0,206624,0,B,48000,1000,
000016.SZ,000016,20251209,91502360,0,208076,0,S,52300,200,
000016.SZ,000016,20251209,91502400,0,209306,0,S,52800,2000,
000016.SZ,000016,20251209,91502400,0,209307,0,S,53200,1000,
000016.SZ,000016,20251209,91502420,0,210206,0,S,52200,500,
000016.SZ,000016,20251209,91502440,0,210813,0,S,56600,2000,
000016.SZ,000016,20251209,91502480,0,212520,0,S,52500,1400,
000016.SZ,000016,20251209,91502480,0,212815,0,B,50900,100,
000016.SZ,000016,20251209,91502500,0,213514,0,B,50000,2000,
000016.SZ,000016,20251209,91502500,0,213657,0,S,56300,100,
000016.SZ,000016,20251209,91502510,0,214297,0,B,51000,1000,
000016.SZ,000016,20251209,91502550,0,216207,0,S,56700,9000,
000016.SZ,000016,20251209,91502560,0,216666,0,S,56700,1000,
000016.SZ,000016,20251209,91502560,0,216909,0,S,55000,2000,
000016.SZ,000016,20251209,91502580,0,217690,0,B,50000,5000,
000016.SZ,000016,20251209,91502600,0,218429,0,B,50000,200,
000016.SZ,000016,20251209,91502610,0,218976,0,S,56700,800,
000016.SZ,000016,20251209,91502610,0,219020,0,B,50000,2000,
000016.SZ,000016,20251209,91502610,0,219021,0,B,50000,2000,
000016.SZ,000016,20251209,91502630,0,219431,0,S,52600,1800,
000016.SZ,000016,20251209,91502640,0,219813,0,S,51900,40000,
000016.SZ,000016,20251209,91502640,0,219978,0,S,56500,35000,
000016.SZ,000016,20251209,91502650,0,220417,0,S,56700,3000,
000016.SZ,000016,20251209,91502650,0,220552,0,B,51500,200,
000016.SZ,000016,20251209,91502690,0,222082,0,B,50000,10000,
000016.SZ,000016,20251209,91502700,0,222282,0,S,56600,500,
000016.SZ,000016,20251209,91502760,0,224028,0,B,50000,1000,
000016.SZ,000016,20251209,91502760,0,224029,0,S,56700,500,
000016.SZ,000016,20251209,91502800,0,224579,0,S,56700,1000,
000016.SZ,000016,20251209,91502800,0,224700,0,B,51000,500,
000016.SZ,000016,20251209,91502800,0,224702,0,B,50300,1000,
000016.SZ,000016,20251209,91502800,0,224703,0,B,50000,1000,
000016.SZ,000016,20251209,91502800,0,224706,0,B,49100,1000,
000016.SZ,000016,20251209,91502820,0,225123,0,B,51500,200,
000016.SZ,000016,20251209,91502830,0,225340,0,S,55800,4000,
000016.SZ,000016,20251209,91502870,0,226053,0,B,50800,100,
000016.SZ,000016,20251209,91502870,0,226064,0,S,56700,600,
000016.SZ,000016,20251209,91502870,0,226065,0,S,55500,600,
000016.SZ,000016,20251209,91502870,0,226066,0,S,55100,600,
000016.SZ,000016,20251209,91502880,0,226179,0,B,51500,500,
000016.SZ,000016,20251209,91502890,0,226297,0,S,56600,9500,
000016.SZ,000016,20251209,91502890,0,226397,0,B,46400,10800,
000016.SZ,000016,20251209,91502920,0,227121,0,B,51200,500,
000016.SZ,000016,20251209,91502940,0,227902,0,B,50900,5000,
000016.SZ,000016,20251209,91502950,0,228191,0,S,56700,1800,
000016.SZ,000016,20251209,91502970,0,229001,0,S,53600,500,
000016.SZ,000016,20251209,91502990,0,229621,0,B,51500,4600,
000016.SZ,000016,20251209,91503000,0,230143,0,B,50800,1000,
000016.SZ,000016,20251209,91503010,0,230235,0,S,52600,1200,
000016.SZ,000016,20251209,91503010,0,230413,0,S,56700,7000,
000016.SZ,000016,20251209,91503030,0,231110,0,S,52000,2000,
000016.SZ,000016,20251209,91503100,0,232508,0,S,55000,400,
000016.SZ,000016,20251209,91503100,0,232798,0,B,51100,100,
000016.SZ,000016,20251209,91503100,0,232800,0,B,50600,100,
000016.SZ,000016,20251209,91503120,0,233318,0,S,52600,1000,
000016.SZ,000016,20251209,91503150,0,234174,0,S,53800,1000,
000016.SZ,000016,20251209,91503160,0,234448,0,S,52800,1000,
000016.SZ,000016,20251209,91503160,0,234581,0,B,51600,800,
000016.SZ,000016,20251209,91503210,0,235833,0,S,56500,300,
000016.SZ,000016,20251209,91503210,0,235834,0,S,56000,300,
000016.SZ,000016,20251209,91503210,0,235836,0,S,55800,200,
000016.SZ,000016,20251209,91503210,0,235839,0,B,50000,300,
000016.SZ,000016,20251209,91503210,0,235840,0,B,47500,300,
000016.SZ,000016,20251209,91503220,0,235907,0,S,54800,3700,
000016.SZ,000016,20251209,91503220,0,235930,0,S,53800,500,
000016.SZ,000016,20251209,91503250,0,236502,0,S,56500,300,
000016.SZ,000016,20251209,91503250,0,236571,0,S,54000,1900,
000016.SZ,000016,20251209,91503280,0,237010,0,S,54300,5000,
000016.SZ,000016,20251209,91503280,0,237011,0,S,54100,5000,
000016.SZ,000016,20251209,91503280,0,237012,0,S,53700,5000,
000016.SZ,000016,20251209,91503300,0,237261,0,S,56500,200,
000016.SZ,000016,20251209,91503310,0,237565,0,S,56700,500,
000016.SZ,000016,20251209,91503320,0,237804,0,S,56700,100,
000016.SZ,000016,20251209,91503350,0,238395,0,B,49900,1000,
000016.SZ,000016,20251209,91503400,0,239514,0,B,50900,1900,
000016.SZ,000016,20251209,91503430,0,240257,0,S,56700,3000,
000016.SZ,000016,20251209,91503460,0,240968,0,S,53900,200,
000016.SZ,000016,20251209,91503470,0,240990,0,S,55800,200,
000016.SZ,000016,20251209,91503470,0,240991,0,S,56700,200,
000016.SZ,000016,20251209,91503470,0,241064,0,S,55000,23400,
000016.SZ,000016,20251209,91503490,0,241648,0,S,54000,15000,
000016.SZ,000016,20251209,91503490,0,241858,0,S,52400,23500,
000016.SZ,000016,20251209,91503520,0,242820,0,B,50700,100,
000016.SZ,000016,20251209,91503530,0,243164,0,S,52800,2100,
000016.SZ,000016,20251209,91503550,0,243941,0,B,51000,2000,
000016.SZ,000016,20251209,91503550,0,244166,0,B,51000,100,
000016.SZ,000016,20251209,91503570,0,244959,0,S,55000,1500,
000016.SZ,000016,20251209,91503580,0,245193,0,S,56700,10000,
000016.SZ,000016,20251209,91503600,0,245550,0,S,52700,13100,
000016.SZ,000016,20251209,91503610,0,245685,0,S,56600,1400,
000016.SZ,000016,20251209,91503610,0,245739,0,S,53500,300,
000016.SZ,000016,20251209,91503630,0,246439,0,S,56600,2000,
000016.SZ,000016,20251209,91503650,0,247026,0,S,52100,1600,
000016.SZ,000016,20251209,91503670,0,247413,0,B,50800,1000,
000016.SZ,000016,20251209,91503670,0,247517,0,S,51400,3500,
000016.SZ,000016,20251209,91503680,0,247734,0,S,53200,1000,
000016.SZ,000016,20251209,91503750,0,249343,0,S,52200,20000,
000016.SZ,000016,20251209,91503780,0,249649,0,B,51200,1000,
000016.SZ,000016,20251209,91503790,0,249752,0,S,53900,200,
000016.SZ,000016,20251209,91503790,0,249754,0,S,54500,200,
000016.SZ,000016,20251209,91503870,0,250565,0,S,53700,10000,
000016.SZ,000016,20251209,91503900,0,250988,0,S,52000,1500,
000016.SZ,000016,20251209,91503910,0,251153,0,S,54000,200,
000016.SZ,000016,20251209,91503920,0,251218,0,S,55000,200,
000016.SZ,000016,20251209,91503920,0,251221,0,S,56000,200,
000016.SZ,000016,20251209,91503920,0,251223,0,S,56700,200,
000016.SZ,000016,20251209,91503930,0,251603,0,S,56700,100,
000016.SZ,000016,20251209,91503940,0,251906,0,B,46500,1000,
000016.SZ,000016,20251209,91503950,0,252152,0,S,52600,7800,
000016.SZ,000016,20251209,91503950,0,252194,0,S,53000,5000,
000016.SZ,000016,20251209,91503950,0,252207,0,S,53000,10000,
000016.SZ,000016,20251209,91503980,0,252765,0,S,56700,4200,
000016.SZ,000016,20251209,91504000,0,253059,0,S,52300,4500,
000016.SZ,000016,20251209,91504000,0,253063,0,S,53700,10000,
000016.SZ,000016,20251209,91504020,0,253404,0,S,51900,2500,
000016.SZ,000016,20251209,91504070,0,253891,0,B,48000,100,
000016.SZ,000016,20251209,91504160,0,254843,0,S,52500,2000,
000016.SZ,000016,20251209,91504170,0,255144,0,S,55100,600,
000016.SZ,000016,20251209,91504170,0,255145,0,B,51200,600,
000016.SZ,000016,20251209,91504200,0,255472,0,B,51300,500,
000016.SZ,000016,20251209,91504200,0,255473,0,B,51100,500,
000016.SZ,000016,20251209,91504200,0,255553,0,B,49200,1100,
000016.SZ,000016,20251209,91504200,0,255554,0,B,47200,1100,
000016.SZ,000016,20251209,91504270,0,256305,0,S,53900,5000,
000016.SZ,000016,20251209,91504300,0,256838,0,S,53900,200,
000016.SZ,000016,20251209,91504320,0,256990,0,S,56700,500,
000016.SZ,000016,20251209,91504370,0,257508,0,S,56700,1000,
000016.SZ,000016,20251209,91504510,0,259545,0,B,50800,300,
000016.SZ,000016,20251209,91504520,0,259645,0,S,54500,1000,
000016.SZ,000016,20251209,91504540,0,259981,0,S,55000,1500,
000016.SZ,000016,20251209,91504540,0,260076,0,B,52500,2500,
000016.SZ,000016,20251209,91504650,0,262081,0,S,55500,2000,
000016.SZ,000016,20251209,91504650,0,262083,0,S,56500,2000,
000016.SZ,000016,20251209,91504750,0,263134,0,S,56700,1900,
000016.SZ,000016,20251209,91504920,0,263626,0,B,50500,500,
000016.SZ,000016,20251209,91504920,0,263627,0,B,50000,1000,
000016.SZ,000016,20251209,91505100,0,264908,0,S,56700,2000,
000016.SZ,000016,20251209,91505170,0,265421,0,S,56500,7200,
000016.SZ,000016,20251209,91505230,0,266059,0,S,56700,1300,
000016.SZ,000016,20251209,91505230,0,266131,0,B,51100,3000,
000016.SZ,000016,20251209,91505330,0,266630,0,B,49600,300,
000016.SZ,000016,20251209,91505550,0,268542,0,B,50700,200,
000016.SZ,000016,20251209,91505550,0,268543,0,B,51000,200,
000016.SZ,000016,20251209,91505580,0,269380,0,S,52500,1000,
000016.SZ,000016,20251209,91505600,0,269560,0,S,52700,700,
000016.SZ,000016,20251209,91505610,0,269604,0,B,50700,400,
000016.SZ,000016,20251209,91505640,0,270096,0,S,52800,500,
000016.SZ,000016,20251209,91505690,0,270653,0,B,51000,100,
000016.SZ,000016,20251209,91505690,0,270654,0,B,50000,100,
000016.SZ,000016,20251209,91505690,0,270655,0,B,49000,100,
000016.SZ,000016,20251209,91505690,0,270656,0,S,56000,100,
000016.SZ,000016,20251209,91505750,0,271069,0,S,56700,300,
000016.SZ,000016,20251209,91505940,0,271767,0,S,56700,10300,
000016.SZ,000016,20251209,91505950,0,271872,0,B,50000,1000,
000016.SZ,000016,20251209,91506150,0,272443,0,B,50300,500,
000016.SZ,000016,20251209,91506390,0,273603,0,S,56700,700,
000016.SZ,000016,20251209,91506530,0,274349,0,B,48000,1000,
000016.SZ,000016,20251209,91506550,0,274610,0,S,53100,600,
000016.SZ,000016,20251209,91506610,0,275242,0,B,50400,2000,
000016.SZ,000016,20251209,91506650,0,275649,0,S,52100,17400,
000016.SZ,000016,20251209,91506680,0,275930,0,S,56700,1000,
000016.SZ,000016,20251209,91506680,0,275938,0,S,55500,10000,
000016.SZ,000016,20251209,91507000,0,276995,0,S,52000,27000,
000016.SZ,000016,20251209,91507240,0,278035,0,S,56700,6700,
000016.SZ,000016,20251209,91507330,0,278265,0,S,56500,1000,
000016.SZ,000016,20251209,91507490,0,278592,0,S,56700,8800,
000016.SZ,000016,20251209,91507490,0,278624,0,S,56600,30000,
000016.SZ,000016,20251209,91507640,0,279626,0,B,49600,100,
000016.SZ,000016,20251209,91507700,0,280112,0,S,51800,200,
000016.SZ,000016,20251209,91507700,0,280114,0,S,51900,200,
000016.SZ,000016,20251209,91507700,0,280125,0,S,52000,300,
000016.SZ,000016,20251209,91507700,0,280127,0,S,52100,300,
000016.SZ,000016,20251209,91507700,0,280128,0,S,52200,300,
000016.SZ,000016,20251209,91507700,0,280131,0,S,52300,300,
000016.SZ,000016,20251209,91507700,0,280132,0,S,52400,400,
000016.SZ,000016,20251209,91507700,0,280133,0,S,52500,400,
000016.SZ,000016,20251209,91507700,0,280134,0,B,51200,400,
000016.SZ,000016,20251209,91507710,0,280172,0,B,51100,300,
000016.SZ,000016,20251209,91507710,0,280174,0,B,51000,300,
000016.SZ,000016,20251209,91507710,0,280176,0,B,50900,400,
000016.SZ,000016,20251209,91507920,0,280434,0,S,53100,400,
000016.SZ,000016,20251209,91507920,0,280438,0,S,54600,500,
000016.SZ,000016,20251209,91507920,0,280442,0,S,56100,500,
000016.SZ,000016,20251209,91508480,0,281381,0,S,56700,2500,
000016.SZ,000016,20251209,91508550,0,281585,0,S,56700,900,
000016.SZ,000016,20251209,91508640,0,282151,0,S,56700,2000,
000016.SZ,000016,20251209,91508650,0,282198,0,B,50000,1000,
000016.SZ,000016,20251209,91508910,0,282765,0,S,55500,3000,
000016.SZ,000016,20251209,91509010,0,283022,0,B,50000,8000,
000016.SZ,000016,20251209,91509030,0,283047,0,S,56700,4000,
000016.SZ,000016,20251209,91509030,0,283048,0,S,56700,4000,
000016.SZ,000016,20251209,91509030,0,283049,0,S,56700,4000,
000016.SZ,000016,20251209,91509030,0,283050,0,S,56700,4100,
000016.SZ,000016,20251209,91509310,0,283340,0,B,46500,1000,
000016.SZ,000016,20251209,91509640,0,284211,0,S,53000,10000,
000016.SZ,000016,20251209,91510290,0,284994,0,S,56600,600,
000016.SZ,000016,20251209,91510590,0,285467,0,B,47800,1000,
000016.SZ,000016,20251209,91510650,0,285779,0,B,50400,100,
000016.SZ,000016,20251209,91510650,0,285785,0,S,52400,100,
000016.SZ,000016,20251209,91511540,0,286632,0,S,53800,800,
000016.SZ,000016,20251209,91511650,0,287017,0,B,50000,600,
000016.SZ,000016,20251209,91513590,0,288225,0,S,55000,500,
000016.SZ,000016,20251209,91513600,0,288300,0,S,55000,500,
000016.SZ,000016,20251209,91516340,0,288897,0,S,52100,500,
000016.SZ,000016,20251209,91518430,0,289310,0,S,52700,500,
000016.SZ,000016,20251209,91536150,0,292995,0,B,51500,100,
000016.SZ,000016,20251209,91536150,0,292996,0,B,51500,100,
000016.SZ,000016,20251209,91537020,0,293191,0,B,49000,400,
000016.SZ,000016,20251209,91542220,0,294421,0,B,51000,100,
000016.SZ,000016,20251209,91552080,0,296869,0,B,51100,2000,
000016.SZ,000016,20251209,91553540,0,297291,0,S,51800,10000,
000016.SZ,000016,20251209,91603530,0,299995,0,B,46400,24200,
000016.SZ,000016,20251209,91604930,0,300402,0,S,53400,10000,
000016.SZ,000016,20251209,91606220,0,300814,0,B,50600,1000,
000016.SZ,000016,20251209,91614390,0,302960,0,S,52500,10000,
000016.SZ,000016,20251209,91617500,0,303756,0,S,56700,2000,
000016.SZ,000016,20251209,91620730,0,304554,0,B,50000,1200,
000016.SZ,000016,20251209,91620990,0,304606,0,S,53000,1700,
000016.SZ,000016,20251209,91621540,0,304755,0,S,56600,14200,
000016.SZ,000016,20251209,91621580,0,304770,0,S,56700,200,
000016.SZ,000016,20251209,91624330,0,305455,0,S,54500,4300,
000016.SZ,000016,20251209,91625540,0,305745,0,B,50800,10000,
000016.SZ,000016,20251209,91629420,0,307023,0,S,56700,300,
000016.SZ,000016,20251209,91631270,0,307514,0,S,52800,4500,
000016.SZ,000016,20251209,91635090,0,308663,0,S,46400,42800,
000016.SZ,000016,20251209,91635800,0,308832,0,B,49600,10000,
000016.SZ,000016,20251209,91638990,0,309669,0,S,56000,1600,
000016.SZ,000016,20251209,91649160,0,312417,0,S,56700,3000,
000016.SZ,000016,20251209,91652730,0,313352,0,S,56000,500,
000016.SZ,000016,20251209,91653830,0,313672,0,B,51000,1000,
000016.SZ,000016,20251209,91655430,0,314106,0,S,56700,4000,
000016.SZ,000016,20251209,91656190,0,314349,0,S,54800,5000,
000016.SZ,000016,20251209,91705800,0,317226,0,B,48000,5000,
000016.SZ,000016,20251209,91706210,0,317339,0,B,49600,500,
000016.SZ,000016,20251209,91706570,0,317446,0,S,51900,1600,
000016.SZ,000016,20251209,91717980,0,320774,0,B,50300,500,
000016.SZ,000016,20251209,91719210,0,321165,0,B,51000,100,
000016.SZ,000016,20251209,91719950,0,321373,0,S,52200,1000,
000016.SZ,000016,20251209,91720030,0,321393,0,B,50000,300,
000016.SZ,000016,20251209,91721170,0,321742,0,S,56700,58000,
000016.SZ,000016,20251209,91722460,0,322129,0,S,56600,400,
000016.SZ,000016,20251209,91724100,0,322606,0,B,51000,500,
000016.SZ,000016,20251209,91726460,0,323386,0,S,53000,2000,
000016.SZ,000016,20251209,91728710,0,324068,0,B,51000,20000,
000016.SZ,000016,20251209,91730010,0,324490,0,B,50500,2300,
000016.SZ,000016,20251209,91735530,0,326222,0,B,50000,2000,
000016.SZ,000016,20251209,91736550,0,326568,0,S,51500,4600,
000016.SZ,000016,20251209,91737090,0,326752,0,B,46400,4400,
000016.SZ,000016,20251209,91737330,0,326837,0,B,51000,1000,
000016.SZ,000016,20251209,91739600,0,327590,0,B,51000,1000,
000016.SZ,000016,20251209,91751330,0,331361,0,B,46400,1000,
000016.SZ,000016,20251209,91753920,0,332198,0,B,50000,30000,
000016.SZ,000016,20251209,91755950,0,332870,0,B,46400,500,
000016.SZ,000016,20251209,91757250,0,333303,0,B,50100,500,
000016.SZ,000016,20251209,91757820,0,333492,0,B,50500,900,
000016.SZ,000016,20251209,91758320,0,333654,0,B,51000,500,
000016.SZ,000016,20251209,91801370,0,334675,0,B,51000,1000,
000016.SZ,000016,20251209,91801470,0,334707,0,B,51000,3000,
000016.SZ,000016,20251209,91804230,0,335586,0,B,49800,10000,
000016.SZ,000016,20251209,91804900,0,335785,0,S,56700,32600,
000016.SZ,000016,20251209,91805930,0,336118,0,B,50000,800,
000016.SZ,000016,20251209,91805990,0,336139,0,B,49000,2000,
000016.SZ,000016,20251209,91807230,0,336528,0,B,50000,800,
000016.SZ,000016,20251209,91808840,0,337030,0,B,51000,5000,
000016.SZ,000016,20251209,91814390,0,338805,0,B,48000,1000,
000016.SZ,000016,20251209,91814870,0,338975,0,B,49500,2200,
000016.SZ,000016,20251209,91820450,0,340844,0,B,50300,200,
000016.SZ,000016,20251209,91822210,0,341466,0,B,51000,300,
000016.SZ,000016,20251209,91824710,0,342362,0,S,55000,200,
000016.SZ,000016,20251209,91826130,0,342856,0,B,51000,500,
000016.SZ,000016,20251209,91827060,0,343187,0,B,49100,1000,
000016.SZ,000016,20251209,91828610,0,343724,0,B,50400,4200,
000016.SZ,000016,20251209,91829090,0,343883,0,B,47000,53200,
000016.SZ,000016,20251209,91829440,0,343999,0,B,51000,500,
000016.SZ,000016,20251209,91829960,0,344166,0,B,50200,2000,
000016.SZ,000016,20251209,91830330,0,344296,0,B,50700,200,
000016.SZ,000016,20251209,91831330,0,344635,0,B,51000,500,
000016.SZ,000016,20251209,91831690,0,344760,0,B,50100,2000,
000016.SZ,000016,20251209,91833830,0,345476,0,B,50500,2000,
000016.SZ,000016,20251209,91837420,0,346697,0,S,56700,200,
000016.SZ,000016,20251209,91839790,0,347509,0,B,50300,500,
000016.SZ,000016,20251209,91841740,0,348186,0,B,51000,1900,
000016.SZ,000016,20251209,91842920,0,348588,0,B,50500,10000,
000016.SZ,000016,20251209,91843130,0,348656,0,S,46400,3200,
000016.SZ,000016,20251209,91843230,0,348691,0,S,55500,4700,
000016.SZ,000016,20251209,91844860,0,349267,0,B,50700,3000,
000016.SZ,000016,20251209,91845270,0,349405,0,B,51000,200,
000016.SZ,000016,20251209,91846010,0,349672,0,S,51500,300,
000016.SZ,000016,20251209,91846290,0,349766,0,S,52500,2000,
000016.SZ,000016,20251209,91846290,0,349768,0,B,51000,200,
000016.SZ,000016,20251209,91848290,0,350453,0,S,56600,2900,
000016.SZ,000016,20251209,91848560,0,350545,0,B,51100,1100,
000016.SZ,000016,20251209,91849670,0,350943,0,B,51000,2500,
000016.SZ,000016,20251209,91850100,0,351080,0,B,50900,400,
000016.SZ,000016,20251209,91851630,0,351580,0,S,56700,2000,
000016.SZ,000016,20251209,91855460,0,352906,0,B,50000,4200,
000016.SZ,000016,20251209,91855510,0,352928,0,B,51100,300,
000016.SZ,000016,20251209,91859580,0,354415,0,S,54800,10300,
000016.SZ,000016,20251209,91902030,0,355311,0,B,51000,8200,
000016.SZ,000016,20251209,91904540,0,356219,0,B,50000,1000,
000016.SZ,000016,20251209,91908760,0,357837,0,B,51000,500,
000016.SZ,000016,20251209,91909240,0,358017,0,S,51500,3000,
000016.SZ,000016,20251209,91915910,0,360624,0,B,50000,20200,
000016.SZ,000016,20251209,91916510,0,360837,0,B,51000,400,
000016.SZ,000016,20251209,91916580,0,360860,0,S,52700,500,
000016.SZ,000016,20251209,91918250,0,361486,0,S,52100,300,
000016.SZ,000016,20251209,91919610,0,362011,0,S,56600,500,
000016.SZ,000016,20251209,91920600,0,362386,0,B,51000,1000,
000016.SZ,000016,20251209,91921660,0,362785,0,B,51500,1000,
000016.SZ,000016,20251209,91922670,0,363180,0,B,51000,3100,
000016.SZ,000016,20251209,91923940,0,363623,0,B,51000,500,
000016.SZ,000016,20251209,91924950,0,364004,0,S,52300,40000,
000016.SZ,000016,20251209,91925900,0,364376,0,B,51100,2600,
000016.SZ,000016,20251209,91928040,0,365152,0,S,51000,200,
000016.SZ,000016,20251209,91931350,0,366441,0,B,51000,3800,
000016.SZ,000016,20251209,91931430,0,366470,0,B,49900,1000,
000016.SZ,000016,20251209,91935430,0,367899,0,B,50500,1000,
000016.SZ,000016,20251209,91935950,0,368073,0,B,50000,5000,
000016.SZ,000016,20251209,91936690,0,368342,0,B,50000,10000,
000016.SZ,000016,20251209,91949450,0,373044,0,S,56000,2000,
000016.SZ,000016,20251209,91950170,0,373305,0,B,50000,300,
000016.SZ,000016,20251209,91950300,0,373363,0,B,50300,5000,
000016.SZ,000016,20251209,91950590,0,373493,0,S,55500,2100,
000016.SZ,000016,20251209,91954150,0,374879,0,B,50200,5000,
000016.SZ,000016,20251209,91954240,0,374916,0,B,51000,1000,
000016.SZ,000016,20251209,91957250,0,376121,0,S,52500,1000,
000016.SZ,000016,20251209,91958920,0,376789,0,S,55600,1000,
000016.SZ,000016,20251209,91959430,0,376990,0,B,51000,900,
000016.SZ,000016,20251209,92000210,0,377331,0,B,50600,3400,
000016.SZ,000016,20251209,92001150,0,377763,0,B,48000,200,
000016.SZ,000016,20251209,92001160,0,377765,0,S,56700,700,
000016.SZ,000016,20251209,92002470,0,378343,0,B,50900,2000,
000016.SZ,000016,20251209,92002770,0,378432,0,B,50500,1000,
000016.SZ,000016,20251209,92006250,0,379795,0,S,56700,20000,
000016.SZ,000016,20251209,92007630,0,380244,0,S,52000,4100,
000016.SZ,000016,20251209,92008570,0,380546,0,B,50000,100,
000016.SZ,000016,20251209,92009610,0,380948,0,B,50200,10000,
000016.SZ,000016,20251209,92011140,0,381497,0,S,52500,10000,
000016.SZ,000016,20251209,92012210,0,381866,0,B,51000,1500,
000016.SZ,000016,20251209,92018320,0,383753,0,B,56700,200,
000016.SZ,000016,20251209,92020500,0,384477,0,B,50900,4400,
000016.SZ,000016,20251209,92020880,0,384599,0,B,50800,2000,
000016.SZ,000016,20251209,92021420,0,384786,0,S,51800,2000,
000016.SZ,000016,20251209,92022740,0,385240,0,S,53000,3000,
000016.SZ,000016,20251209,92024770,0,385935,0,S,56700,1000,
000016.SZ,000016,20251209,92028390,0,387168,0,S,51600,3000,
000016.SZ,000016,20251209,92029470,0,387560,0,B,49600,3000,
000016.SZ,000016,20251209,92031350,0,388209,0,B,50900,10400,
000016.SZ,000016,20251209,92031670,0,388321,0,B,50500,1000,
000016.SZ,000016,20251209,92033150,0,388810,0,S,56700,1000,
000016.SZ,000016,20251209,92033180,0,388822,0,S,52000,5000,
000016.SZ,000016,20251209,92033610,0,388988,0,S,51500,2700,
000016.SZ,000016,20251209,92035760,0,389754,0,B,51500,400,
000016.SZ,000016,20251209,92036180,0,389894,0,S,52000,3000,
000016.SZ,000016,20251209,92040000,0,391233,0,S,51800,2000,
000016.SZ,000016,20251209,92040700,0,391493,0,S,52100,4000,
000016.SZ,000016,20251209,92041550,0,391791,0,B,47400,500,
000016.SZ,000016,20251209,92042250,0,392050,0,S,52500,2500,
000016.SZ,000016,20251209,92043460,0,392452,0,S,52500,5000,
000016.SZ,000016,20251209,92049010,0,394423,0,B,50800,1000,
000016.SZ,000016,20251209,92052230,0,395572,0,S,56700,600,
000016.SZ,000016,20251209,92056360,0,397098,0,B,51500,500,
000016.SZ,000016,20251209,92057380,0,397476,0,B,50000,1800,
000016.SZ,000016,20251209,92057690,0,397595,0,S,52900,1000,
000016.SZ,000016,20251209,92057980,0,397671,0,S,56500,2000,
000016.SZ,000016,20251209,92058060,0,397694,0,B,50900,4000,
000016.SZ,000016,20251209,92100020,0,398414,0,S,53600,1000,
000016.SZ,000016,20251209,92100640,0,398639,0,S,51900,1300,
000016.SZ,000016,20251209,92104540,0,400133,0,B,50500,500,
000016.SZ,000016,20251209,92104990,0,400304,0,S,53100,25000,
000016.SZ,000016,20251209,92105160,0,400376,0,S,53900,1000,
000016.SZ,000016,20251209,92107560,0,401309,0,B,51000,10000,
000016.SZ,000016,20251209,92107830,0,401395,0,S,52700,1000,
000016.SZ,000016,20251209,92108420,0,401624,0,S,52800,1000,
000016.SZ,000016,20251209,92109300,0,401973,0,S,52500,1600,
000016.SZ,000016,20251209,92118000,0,405334,0,B,50900,800,
000016.SZ,000016,20251209,92119360,0,405839,0,B,51100,2400,
000016.SZ,000016,20251209,92119850,0,406035,0,S,52700,100,
000016.SZ,000016,20251209,92120060,0,406125,0,S,52300,500,
000016.SZ,000016,20251209,92120790,0,406433,0,S,51500,1500,
000016.SZ,000016,20251209,92124300,0,407829,0,B,50800,1000,
000016.SZ,000016,20251209,92127830,0,409185,0,B,48500,2500,
000016.SZ,000016,20251209,92129880,0,410049,0,S,52200,1900,
000016.SZ,000016,20251209,92132150,0,410977,0,S,51500,1800,
000016.SZ,000016,20251209,92142820,0,415208,0,S,55800,2500,
000016.SZ,000016,20251209,92143080,0,415326,0,S,53300,500,
000016.SZ,000016,20251209,92145760,0,416436,0,S,51500,14700,
000016.SZ,000016,20251209,92149660,0,418084,0,S,53500,200,
000016.SZ,000016,20251209,92155760,0,420646,0,S,52300,1000,
000016.SZ,000016,20251209,92201670,0,423466,0,S,56700,1000,
000016.SZ,000016,20251209,92203000,0,424129,0,S,52100,4200,
000016.SZ,000016,20251209,92204370,0,424813,0,S,52500,3900,
000016.SZ,000016,20251209,92204760,0,424968,0,S,54900,1000,
000016.SZ,000016,20251209,92206670,0,425831,0,S,51900,1200,
000016.SZ,000016,20251209,92208700,0,426759,0,B,51100,400,
000016.SZ,000016,20251209,92209440,0,427101,0,S,52800,100,
000016.SZ,000016,20251209,92209740,0,427217,0,S,51500,200,
000016.SZ,000016,20251209,92211810,0,428070,0,S,52000,500,
000016.SZ,000016,20251209,92212110,0,428203,0,B,51000,2000,
000016.SZ,000016,20251209,92215580,0,429648,0,B,51000,48700,
000016.SZ,000016,20251209,92217140,0,430331,0,S,56500,3000,
000016.SZ,000016,20251209,92220940,0,432036,0,S,52000,1000,
000016.SZ,000016,20251209,92222620,0,432836,0,S,51000,1000,
000016.SZ,000016,20251209,92225540,0,434204,0,S,51900,15000,
000016.SZ,000016,20251209,92226280,0,434517,0,S,54500,2100,
000016.SZ,000016,20251209,92227000,0,434837,0,S,56700,5000,
000016.SZ,000016,20251209,92227120,0,434885,0,S,54000,1000,
000016.SZ,000016,20251209,92231090,0,436844,0,B,51300,1000,
000016.SZ,000016,20251209,92231840,0,437173,0,S,52300,1000,
000016.SZ,000016,20251209,92241630,0,441570,0,S,51500,1000,
000016.SZ,000016,20251209,92242060,0,441804,0,S,56700,2000,
000016.SZ,000016,20251209,92242190,0,441861,0,S,52200,20000,
000016.SZ,000016,20251209,92242990,0,442305,0,S,51500,2000,
000016.SZ,000016,20251209,92245660,0,443620,0,B,50800,300,
000016.SZ,000016,20251209,92245910,0,443754,0,B,51100,400,
000016.SZ,000016,20251209,92246240,0,443914,0,S,52000,2000,
000016.SZ,000016,20251209,92246360,0,443969,0,B,49900,300,
000016.SZ,000016,20251209,92249750,0,445593,0,S,52500,3400,
000016.SZ,000016,20251209,92250260,0,445847,0,B,51000,4000,
000016.SZ,000016,20251209,92251460,0,446446,0,B,49800,200,
000016.SZ,000016,20251209,92254980,0,448061,0,S,56500,1400,
000016.SZ,000016,20251209,92255380,0,448275,0,B,50500,300,
000016.SZ,000016,20251209,92257580,0,449333,0,S,51500,900,
000016.SZ,000016,20251209,92258510,0,449741,0,B,51500,700,
000016.SZ,000016,20251209,92258610,0,449792,0,S,51600,1500,
000016.SZ,000016,20251209,92259960,0,450418,0,S,52900,2900,
000016.SZ,000016,20251209,92300350,0,450604,0,S,56000,1700,
000016.SZ,000016,20251209,92300670,0,450775,0,S,49900,300,
000016.SZ,000016,20251209,92301120,0,451004,0,S,52000,5000,
000016.SZ,000016,20251209,92302190,0,451512,0,B,48700,500,
000016.SZ,000016,20251209,92304250,0,452504,0,S,49900,300,
000016.SZ,000016,20251209,92309170,0,454884,0,S,52000,10000,
000016.SZ,000016,20251209,92310220,0,455417,0,B,46400,2000,
000016.SZ,000016,20251209,92311980,0,456302,0,S,52300,5000,
000016.SZ,000016,20251209,92317420,0,459111,0,B,46400,200,
000016.SZ,000016,20251209,92317870,0,459336,0,S,51900,50000,
000016.SZ,000016,20251209,92319130,0,460026,0,B,51500,9700,
000016.SZ,000016,20251209,92319240,0,460088,0,S,53800,1000,
000016.SZ,000016,20251209,92324350,0,462841,0,S,55500,1000,
000016.SZ,000016,20251209,92328360,0,465106,0,S,56700,3200,
000016.SZ,000016,20251209,92330230,0,466061,0,B,51000,1000,
000016.SZ,000016,20251209,92332270,0,467204,0,S,51900,1100,
000016.SZ,000016,20251209,92332970,0,467606,0,S,52900,5000,
000016.SZ,000016,20251209,92337010,0,469893,0,S,52000,1500,
000016.SZ,000016,20251209,92337310,0,470074,0,B,50600,10000,
000016.SZ,000016,20251209,92338040,0,470518,0,S,53000,5200,
000016.SZ,000016,20251209,92338460,0,470758,0,B,51600,600,
000016.SZ,000016,20251209,92339000,0,471046,0,S,56700,1200,
000016.SZ,000016,20251209,92343140,0,473322,0,B,51000,400,
000016.SZ,000016,20251209,92343840,0,473738,0,S,51000,600,
000016.SZ,000016,20251209,92343850,0,473749,0,S,54800,1000,
000016.SZ,000016,20251209,92344280,0,474017,0,S,51000,500,
000016.SZ,000016,20251209,92346950,0,475647,0,S,51000,400,
000016.SZ,000016,20251209,92346980,0,475690,0,B,51000,1000,
000016.SZ,000016,20251209,92347190,0,475856,0,S,49400,1600,
000016.SZ,000016,20251209,92347200,0,475877,0,S,56600,1000,
000016.SZ,000016,20251209,92347550,0,476112,0,S,52000,4200,
000016.SZ,000016,20251209,92347720,0,476195,0,B,52000,1400,
000016.SZ,000016,20251209,92348680,0,476733,0,S,55100,55000,
000016.SZ,000016,20251209,92349250,0,477061,0,S,56700,300,
000016.SZ,000016,20251209,92353040,0,479286,0,S,56700,2500,
000016.SZ,000016,20251209,92357020,0,481692,0,S,50700,2000,
000016.SZ,000016,20251209,92358180,0,482350,0,S,53500,600,
000016.SZ,000016,20251209,92358400,0,482490,0,S,51500,10300,
000016.SZ,000016,20251209,92358560,0,482589,0,S,55800,1000,
000016.SZ,000016,20251209,92400840,0,484152,0,S,56700,5000,
000016.SZ,000016,20251209,92402400,0,485203,0,B,51600,1000,
000016.SZ,000016,20251209,92403780,0,486138,0,B,51000,2000,
000016.SZ,000016,20251209,92404500,0,486584,0,B,50100,10000,
000016.SZ,000016,20251209,92404520,0,486603,0,S,52500,10000,
000016.SZ,000016,20251209,92405380,0,487183,0,S,49400,100,
000016.SZ,000016,20251209,92405580,0,487308,0,B,51000,4000,
000016.SZ,000016,20251209,92407710,0,488834,0,S,56700,3000,
000016.SZ,000016,20251209,92408000,0,489021,0,S,53800,1000,
000016.SZ,000016,20251209,92408080,0,489084,0,S,51500,5300,
000016.SZ,000016,20251209,92408220,0,489163,0,S,54900,300,
000016.SZ,000016,20251209,92414910,0,494167,0,S,51700,1000,
000016.SZ,000016,20251209,92416140,0,495145,0,B,51500,200,
000016.SZ,000016,20251209,92417170,0,495965,0,B,50500,1000,
000016.SZ,000016,20251209,92418050,0,496678,0,S,51300,4900,
000016.SZ,000016,20251209,92418130,0,496726,0,B,51200,1000,
000016.SZ,000016,20251209,92420540,0,498773,0,S,56600,100,
000016.SZ,000016,20251209,92420810,0,499019,0,S,56100,5000,
000016.SZ,000016,20251209,92424210,0,501927,0,S,51400,5000,
000016.SZ,000016,20251209,92425590,0,503163,0,B,51000,900,
000016.SZ,000016,20251209,92427960,0,505304,0,S,56700,600,
000016.SZ,000016,20251209,92428560,0,505844,0,B,50900,9900,
000016.SZ,000016,20251209,92430300,0,507525,0,S,52400,800,
000016.SZ,000016,20251209,92430720,0,507934,0,B,51300,1200,
000016.SZ,000016,20251209,92433360,0,510430,0,S,56600,900,
000016.SZ,000016,20251209,92434240,0,511246,0,B,50500,2900,
000016.SZ,000016,20251209,92434320,0,511317,0,B,49600,200,
000016.SZ,000016,20251209,92436350,0,513030,0,B,51100,22200,
000016.SZ,000016,20251209,92436620,0,513288,0,B,50100,1000,
000016.SZ,000016,20251209,92439800,0,516961,0,S,51400,500,
000016.SZ,000016,20251209,92439890,0,517050,0,S,53300,800,
000016.SZ,000016,20251209,92442250,0,519370,0,S,55600,4100,
000016.SZ,000016,20251209,92442560,0,519709,0,S,56700,8500,
000016.SZ,000016,20251209,92443960,0,521189,0,S,56500,500,
000016.SZ,000016,20251209,92444770,0,521979,0,S,52100,5000,
000016.SZ,000016,20251209,92445010,0,522213,0,S,51800,1000,
000016.SZ,000016,20251209,92445110,0,522326,0,B,46400,1000,
000016.SZ,000016,20251209,92445570,0,522754,0,S,51700,20000,
000016.SZ,000016,20251209,92449210,0,526813,0,B,50900,3000,
000016.SZ,000016,20251209,92450590,0,529255,0,S,56000,1000,
000016.SZ,000016,20251209,92451220,0,530186,0,S,52200,500,
000016.SZ,000016,20251209,92452590,0,532034,0,S,50600,1300,
000016.SZ,000016,20251209,92452720,0,532230,0,B,51500,500,
000016.SZ,000016,20251209,92454710,0,535143,0,S,52500,1700,
000016.SZ,000016,20251209,92457220,0,541618,0,B,51100,1200,
000016.SZ,000016,20251209,92457820,0,543665,0,S,56600,500,
000016.SZ,000016,20251209,92458050,0,544333,0,S,56700,2900,
000016.SZ,000016,20251209,92458050,0,544348,0,S,56700,2000,
000016.SZ,000016,20251209,92459100,0,548220,0,S,51300,2000,
000016.SZ,000016,20251209,92459110,0,548246,0,S,51300,100,
000016.SZ,000016,20251209,92459200,0,548816,0,S,51300,700,
000016.SZ,000016,20251209,92459490,0,549947,0,S,51300,4900,
000016.SZ,000016,20251209,92459540,0,550285,0,S,51300,300,
000016.SZ,000016,20251209,92459820,0,551592,0,B,54200,18400,
000016.SZ,000016,20251209,93000000,0,641989,0,B,51600,2000,
000016.SZ,000016,20251209,93000040,0,645278,0,S,51100,200,
000016.SZ,000016,20251209,93000040,0,645556,0,B,51000,3900,
000016.SZ,000016,20251209,93000050,0,647575,0,S,56700,227000,
000016.SZ,000016,20251209,93000050,0,648672,0,S,56500,1000,
000016.SZ,000016,20251209,93000050,0,650949,0,S,56700,100,
000016.SZ,000016,20251209,93000060,0,654420,0,S,56500,21000,
000016.SZ,000016,20251209,93000060,0,655894,0,S,52500,2000,
000016.SZ,000016,20251209,93000060,0,656640,0,B,50000,11900,
000016.SZ,000016,20251209,93000060,0,657533,0,S,55600,10300,
000016.SZ,000016,20251209,93000060,0,661273,0,S,56700,10000,
000016.SZ,000016,20251209,93000070,0,662669,0,S,52700,800,
000016.SZ,000016,20251209,93000070,0,663249,0,B,51100,500,
000016.SZ,000016,20251209,93000070,0,663428,0,S,53000,4000,
000016.SZ,000016,20251209,93000070,0,663852,0,B,51400,1900,
000016.SZ,000016,20251209,93000070,0,665353,0,S,53300,1000,
000016.SZ,000016,20251209,93000070,0,666001,0,S,52100,2000,
000016.SZ,000016,20251209,93000070,0,666339,0,B,46400,1000,
000016.SZ,000016,20251209,93000080,0,668264,0,S,56000,1500,
000016.SZ,000016,20251209,93000080,0,668513,0,S,51500,43200,
000016.SZ,000016,20251209,93000080,0,669407,0,B,51000,2000,
000016.SZ,000016,20251209,93000080,0,669869,0,B,51400,200,
000016.SZ,000016,20251209,93000080,0,671155,0,S,51400,300,
000016.SZ,000016,20251209,93000090,0,674635,0,B,50000,500,
000016.SZ,000016,20251209,93000090,0,674653,0,B,51000,100,
000016.SZ,000016,20251209,93000090,0,674710,0,S,51800,2700,
000016.SZ,000016,20251209,93000090,0,674847,0,B,51300,7600,
000016.SZ,000016,20251209,93000090,0,676387,0,S,51700,5700,
000016.SZ,000016,20251209,93000090,0,678324,0,S,55000,20900,
000016.SZ,000016,20251209,93000100,0,680480,0,S,51500,3500,
000016.SZ,000016,20251209,93000100,0,681129,0,B,51100,1800,
000016.SZ,000016,20251209,93000100,0,682410,0,B,51000,100,
000016.SZ,000016,20251209,93000100,0,683103,0,S,51500,100,
000016.SZ,000016,20251209,93000110,0,685748,0,S,54800,2000,
000016.SZ,000016,20251209,93000110,0,686488,0,B,51300,5000,
000016.SZ,000016,20251209,93000110,0,686504,0,S,56700,500,
000016.SZ,000016,20251209,93000110,0,686686,0,S,56700,500,
000016.SZ,000016,20251209,93000120,0,692700,0,B,49900,1500,
000016.SZ,000016,20251209,93000120,0,693166,0,B,46600,200,
000016.SZ,000016,20251209,93000120,0,694888,0,S,52300,3800,
000016.SZ,000016,20251209,93000120,0,694917,0,S,53000,3900,
000016.SZ,000016,20251209,93000120,0,694925,0,S,51400,200,
000016.SZ,000016,20251209,93000120,0,695800,0,S,55800,2000,
000016.SZ,000016,20251209,93000130,0,696363,0,S,53200,2000,
000016.SZ,000016,20251209,93000130,0,696991,0,S,52100,1000,
000016.SZ,000016,20251209,93000130,0,697155,0,S,56700,100,
000016.SZ,000016,20251209,93000130,0,697770,0,S,51400,100,
000016.SZ,000016,20251209,93000130,0,699298,0,S,52500,900,
000016.SZ,000016,20251209,93000130,0,699745,0,B,50200,1000,
000016.SZ,000016,20251209,93000130,0,701372,0,S,51300,300,
000016.SZ,000016,20251209,93000130,0,701439,0,S,51900,400,
000016.SZ,000016,20251209,93000140,0,703347,0,B,50800,4000,
000016.SZ,000016,20251209,93000140,0,703374,0,S,53000,13100,
000016.SZ,000016,20251209,93000140,0,704507,0,S,51700,2000,
000016.SZ,000016,20251209,93000140,0,704974,0,S,56700,1600,
000016.SZ,000016,20251209,93000140,0,705496,0,S,54500,6500,
000016.SZ,000016,20251209,93000140,0,706299,0,B,51000,1400,
000016.SZ,000016,20251209,93000140,0,706787,0,S,51800,29100,
000016.SZ,000016,20251209,93000150,0,709299,0,S,56700,500,
000016.SZ,000016,20251209,93000150,0,710815,0,B,51500,200,
000016.SZ,000016,20251209,93000150,0,713307,0,B,50200,4200,
000016.SZ,000016,20251209,93000160,0,715428,0,S,56600,1900,
000016.SZ,000016,20251209,93000160,0,716238,0,B,50800,500,
000016.SZ,000016,20251209,93000160,0,716790,0,B,50600,500,
000016.SZ,000016,20251209,93000160,0,718160,0,B,51000,1300,
000016.SZ,000016,20251209,93000160,0,719059,0,S,52000,10000,
000016.SZ,000016,20251209,93000170,0,720111,0,S,55500,2000,
000016.SZ,000016,20251209,93000170,0,721352,0,B,50800,4000,
000016.SZ,000016,20251209,93000180,0,724723,0,B,51000,1000,
000016.SZ,000016,20251209,93000180,0,725845,0,S,56200,3000,
000016.SZ,000016,20251209,93000180,0,726702,0,S,55000,4000,
000016.SZ,000016,20251209,93000180,0,727109,0,S,53100,900,
000016.SZ,000016,20251209,93000190,0,730501,0,S,52000,10700,
000016.SZ,000016,20251209,93000200,0,733330,0,B,50900,10000,
000016.SZ,000016,20251209,93000200,0,734063,0,B,51200,5000,
000016.SZ,000016,20251209,93000200,0,734683,0,B,50300,6000,
000016.SZ,000016,20251209,93000200,0,735541,0,S,52100,5000,
000016.SZ,000016,20251209,93000200,0,736380,0,S,51800,1000,
000016.SZ,000016,20251209,93000210,0,736973,0,B,50900,2100,
000016.SZ,000016,20251209,93000210,0,739222,0,S,51500,1400,
000016.SZ,000016,20251209,93000210,0,739250,0,S,52100,400,
000016.SZ,000016,20251209,93000220,0,740515,0,S,52500,200,
000016.SZ,000016,20251209,93000220,0,740531,0,S,51700,19200,
000016.SZ,000016,20251209,93000230,0,745883,0,B,50000,6100,
000016.SZ,000016,20251209,93000230,0,746180,0,S,56600,500,
000016.SZ,000016,20251209,93000230,0,746518,0,S,56700,500,
000016.SZ,000016,20251209,93000240,0,748954,0,B,51200,500,
000016.SZ,000016,20251209,93000250,0,753423,0,B,47000,2000,
000016.SZ,000016,20251209,93000260,0,754919,0,S,51600,20700,
000016.SZ,000016,20251209,93000260,0,755616,0,B,51200,100,
000016.SZ,000016,20251209,93000260,0,755884,0,S,54600,1000,
000016.SZ,000016,20251209,93000260,0,757993,0,S,52100,3100,
000016.SZ,000016,20251209,93000270,0,758186,0,S,55100,5900,
000016.SZ,000016,20251209,93000270,0,759323,0,S,51500,100,
000016.SZ,000016,20251209,93000270,0,759977,0,S,52600,500,
000016.SZ,000016,20251209,93000280,0,764684,0,S,56600,2200,
000016.SZ,000016,20251209,93000290,0,765240,0,S,54300,2200,
000016.SZ,000016,20251209,93000290,0,766169,0,B,51100,4300,
000016.SZ,000016,20251209,93000290,0,767487,0,S,52500,10000,
000016.SZ,000016,20251209,93000300,0,770780,0,S,56700,200,
000016.SZ,000016,20251209,93000310,0,772922,0,B,50300,500,
000016.SZ,000016,20251209,93000320,0,775097,0,S,52000,700,
000016.SZ,000016,20251209,93000320,0,775849,0,S,56500,500,
000016.SZ,000016,20251209,93000320,0,776812,0,S,51500,2000,
000016.SZ,000016,20251209,93000330,0,779007,0,S,51800,2000,
000016.SZ,000016,20251209,93000340,0,781387,0,S,53800,3000,
000016.SZ,000016,20251209,93000340,0,781553,0,S,51400,1900,
000016.SZ,000016,20251209,93000340,0,781708,0,S,51300,100,
000016.SZ,000016,20251209,93000340,0,781723,0,S,51400,100,
000016.SZ,000016,20251209,93000350,0,781960,0,S,51400,100,
000016.SZ,000016,20251209,93000350,0,782113,0,S,51300,100,
000016.SZ,000016,20251209,93000350,0,782310,0,S,51400,100,
000016.SZ,000016,20251209,93000360,0,786916,0,S,51700,5500,
000016.SZ,000016,20251209,93000370,0,787531,0,S,52300,15000,
000016.SZ,000016,20251209,93000380,0,789732,0,S,56700,5500,
000016.SZ,000016,20251209,93000380,0,790183,0,S,51400,700,
000016.SZ,000016,20251209,93000380,0,790598,0,S,51700,800,
000016.SZ,000016,20251209,93000390,0,792124,0,S,54500,300,
000016.SZ,000016,20251209,93000390,0,792268,0,S,51400,200,
000016.SZ,000016,20251209,93000410,0,795883,0,B,50100,500,
000016.SZ,000016,20251209,93000420,0,796733,0,S,52000,10000,
000016.SZ,000016,20251209,93000430,0,798548,0,S,56700,1200,
000016.SZ,000016,20251209,93000450,0,802483,0,S,56700,12800,
000016.SZ,000016,20251209,93000460,0,804634,0,S,51500,300,
000016.SZ,000016,20251209,93000460,0,804686,0,S,55000,3300,
000016.SZ,000016,20251209,93000470,0,805282,0,S,53000,1000,
000016.SZ,000016,20251209,93000470,0,805874,0,S,55500,5000,
000016.SZ,000016,20251209,93000480,0,807438,0,S,51300,100,
000016.SZ,000016,20251209,93000480,0,807826,0,S,51400,100,
000016.SZ,000016,20251209,93000490,0,807978,0,S,51400,100,
000016.SZ,000016,20251209,93000490,0,808002,0,S,51300,100,
000016.SZ,000016,20251209,93000490,0,808121,0,S,52300,2000,
000016.SZ,000016,20251209,93000490,0,809086,0,S,53800,2000,
000016.SZ,000016,20251209,93000510,0,810718,0,S,52200,2000,
000016.SZ,000016,20251209,93000510,0,811453,0,S,54400,300,
000016.SZ,000016,20251209,93000510,0,811791,0,S,52000,2000,
000016.SZ,000016,20251209,93000520,0,812671,0,S,51400,100,
000016.SZ,000016,20251209,93000530,0,814010,0,S,56000,200,
000016.SZ,000016,20251209,93000540,0,815815,0,S,51700,1000,
000016.SZ,000016,20251209,93000550,0,817675,0,S,51300,3700,
000016.SZ,000016,20251209,93000550,0,818374,0,B,51500,11700,
000016.SZ,000016,20251209,93000560,0,818857,0,S,51900,7000,
000016.SZ,000016,20251209,93000570,0,821431,0,B,50200,300,
000016.SZ,000016,20251209,93000570,0,821732,0,S,51600,76000,
000016.SZ,000016,20251209,93000580,0,822616,0,B,50800,3000,
000016.SZ,000016,20251209,93000590,0,824229,0,B,51100,1000,
000016.SZ,000016,20251209,93000600,0,825936,0,B,50700,700,
000016.SZ,000016,20251209,93000610,0,827226,0,B,51200,8300,
000016.SZ,000016,20251209,93000610,0,827764,0,B,50500,500,
000016.SZ,000016,20251209,93000620,0,828931,0,S,51800,1000,
000016.SZ,000016,20251209,93000630,0,830977,0,B,50900,200,
000016.SZ,000016,20251209,93000650,0,832930,0,S,52500,12300,
000016.SZ,000016,20251209,93000650,0,834864,0,B,51000,500,
000016.SZ,000016,20251209,93000660,0,835127,0,S,55800,2000,
000016.SZ,000016,20251209,93000670,0,837394,0,S,54000,1000,
000016.SZ,000016,20251209,93000670,0,837548,0,B,50500,12000,
000016.SZ,000016,20251209,93000670,0,837642,0,S,52100,22900,
000016.SZ,000016,20251209,93000670,0,837885,0,S,52000,6700,
000016.SZ,000016,20251209,93000680,0,839931,0,S,52500,28800,
000016.SZ,000016,20251209,93000680,0,840286,0,S,54000,3000,
000016.SZ,000016,20251209,93000690,0,840851,0,B,50500,3000,
000016.SZ,000016,20251209,93000700,0,842574,0,S,51800,600,
000016.SZ,000016,20251209,93000700,0,843066,0,S,56700,17800,
000016.SZ,000016,20251209,93000720,0,845281,0,B,50900,2000,
000016.SZ,000016,20251209,93000720,0,845347,0,B,51300,2000,
000016.SZ,000016,20251209,93000720,0,845609,0,B,51100,700,
000016.SZ,000016,20251209,93000720,0,845677,0,B,50000,300,
000016.SZ,000016,20251209,93000730,0,846813,0,S,51800,29300,
000016.SZ,000016,20251209,93000740,0,849228,0,B,50700,3000,
000016.SZ,000016,20251209,93000750,0,850046,0,B,51100,1000,
000016.SZ,000016,20251209,93000760,0,851040,0,B,51000,300,
000016.SZ,000016,20251209,93000770,0,852520,0,B,51400,100,
000016.SZ,000016,20251209,93000770,0,852575,0,S,56600,200,
000016.SZ,000016,20251209,93000780,0,854674,0,S,56600,500,
000016.SZ,000016,20251209,93000780,0,854719,0,S,52000,3000,
000016.SZ,000016,20251209,93000800,0,856610,0,S,52400,8000,
000016.SZ,000016,20251209,93000800,0,857124,0,B,48900,5000,
000016.SZ,000016,20251209,93000800,0,857412,0,B,51000,200,
000016.SZ,000016,20251209,93000810,0,858594,0,S,56600,2000,
000016.SZ,000016,20251209,93000820,0,860598,0,B,50000,300,
000016.SZ,000016,20251209,93000830,0,861940,0,B,50800,1000,
000016.SZ,000016,20251209,93000850,0,865096,0,B,50900,7000,
000016.SZ,000016,20251209,93000860,0,866725,0,B,51000,500,
000016.SZ,000016,20251209,93000860,0,867468,0,S,52600,500,
000016.SZ,000016,20251209,93000860,0,867921,0,S,51300,2000,
000016.SZ,000016,20251209,93000870,0,868969,0,S,53300,800,
000016.SZ,000016,20251209,93000870,0,869259,0,S,51500,100,
000016.SZ,000016,20251209,93000880,0,870321,0,B,51100,21500,
000016.SZ,000016,20251209,93000900,0,872969,0,B,50800,2000,
000016.SZ,000016,20251209,93000920,0,875569,0,S,52600,2000,
000016.SZ,000016,20251209,93000930,0,876529,0,S,52500,10000,
000016.SZ,000016,20251209,93000940,0,877698,0,S,55000,2000,
000016.SZ,000016,20251209,93000950,0,880791,0,S,54400,1900,
000016.SZ,000016,20251209,93000960,0,880895,0,S,51800,2000,
000016.SZ,000016,20251209,93000980,0,883852,0,S,53100,5600,
000016.SZ,000016,20251209,93000990,0,886467,0,B,51100,2100,
000016.SZ,000016,20251209,93001000,0,886943,0,S,53000,3000,
000016.SZ,000016,20251209,93001000,0,887024,0,S,56000,1200,
000016.SZ,000016,20251209,93001010,0,888042,0,B,51300,1000,
000016.SZ,000016,20251209,93001010,0,888498,0,B,51100,2000,
000016.SZ,000016,20251209,93001020,0,889397,0,S,51300,100,
000016.SZ,000016,20251209,93001020,0,889802,0,S,52500,1000,
000016.SZ,000016,20251209,93001020,0,890465,0,S,51700,10000,
000016.SZ,000016,20251209,93001020,0,891109,0,S,52300,400,
000016.SZ,000016,20251209,93001020,0,891286,0,S,56600,800,
000016.SZ,000016,20251209,93001030,0,892335,0,S,51900,3000,
000016.SZ,000016,20251209,93001030,0,892339,0,B,51000,200,
000016.SZ,000016,20251209,93001050,0,894623,0,S,51300,200,
000016.SZ,000016,20251209,93001070,0,896703,0,S,51400,200,
000016.SZ,000016,20251209,93001080,0,897738,0,B,50600,1200,
000016.SZ,000016,20251209,93001090,0,900004,0,B,51000,1000,
000016.SZ,000016,20251209,93001090,0,900312,0,S,56600,1500,
000016.SZ,000016,20251209,93001100,0,901100,0,S,55300,2500,
000016.SZ,000016,20251209,93001110,0,901681,0,B,51100,9000,
000016.SZ,000016,20251209,93001110,0,901923,0,S,51800,800,
000016.SZ,000016,20251209,93001110,0,902203,0,S,51400,100,
000016.SZ,000016,20251209,93001120,0,903303,0,S,52500,1000,
000016.SZ,000016,20251209,93001120,0,903653,0,S,51800,5000,
000016.SZ,000016,20251209,93001130,0,905202,0,S,56700,7000,
000016.SZ,000016,20251209,93001140,0,905451,0,B,51100,800,
000016.SZ,000016,20251209,93001150,0,906547,0,S,53200,2900,
000016.SZ,000016,20251209,93001160,0,907500,0,S,56700,5000,
000016.SZ,000016,20251209,93001180,0,909337,0,S,53800,3000,
000016.SZ,000016,20251209,93001180,0,909973,0,B,51400,200,
000016.SZ,000016,20251209,93001200,0,911597,0,B,50900,300,
000016.SZ,000016,20251209,93001200,0,911774,0,S,51800,2900,
000016.SZ,000016,20251209,93001230,0,914398,0,S,51700,4000,
000016.SZ,000016,20251209,93001230,0,914452,0,S,52000,6800,
000016.SZ,000016,20251209,93001290,0,919349,0,B,50200,10000,
000016.SZ,000016,20251209,93001290,0,919583,0,S,52000,3000,
000016.SZ,000016,20251209,93001320,0,921682,0,B,51000,400,
000016.SZ,000016,20251209,93001320,0,922097,0,S,51800,3200,
000016.SZ,000016,20251209,93001330,0,922541,0,S,51700,3500,
000016.SZ,000016,20251209,93001350,0,923537,0,S,51400,1500,
000016.SZ,000016,20251209,93001360,0,924611,0,B,50900,1000,
000016.SZ,000016,20251209,93001380,0,926097,0,S,51400,100,
000016.SZ,000016,20251209,93001430,0,930067,0,B,51400,100,
000016.SZ,000016,20251209,93001430,0,930104,0,B,50000,500,
000016.SZ,000016,20251209,93001440,0,930595,0,B,51400,200,
000016.SZ,000016,20251209,93001440,0,930627,0,B,51400,100,
000016.SZ,000016,20251209,93001440,0,931397,0,S,56000,2600,
000016.SZ,000016,20251209,93001470,0,933911,0,B,46600,500,
000016.SZ,000016,20251209,93001480,0,934981,0,S,52900,10800,
000016.SZ,000016,20251209,93001490,0,935501,0,B,50200,3000,
000016.SZ,000016,20251209,93001540,0,939370,0,S,51400,200,
000016.SZ,000016,20251209,93001570,0,942230,0,S,51900,5000,
000016.SZ,000016,20251209,93001570,0,942438,0,S,53200,1000,
000016.SZ,000016,20251209,93001590,0,944463,0,B,51100,1300,
000016.SZ,000016,20251209,93001600,0,945055,0,S,55000,500,
000016.SZ,000016,20251209,93001600,0,945770,0,S,54300,1000,
000016.SZ,000016,20251209,93001620,0,947154,0,S,51900,1600,
000016.SZ,000016,20251209,93001620,0,947460,0,B,50900,9000,
000016.SZ,000016,20251209,93001640,0,949433,0,S,54600,20000,
000016.SZ,000016,20251209,93001680,0,953002,0,B,51300,2000,
000016.SZ,000016,20251209,93001680,0,953560,0,B,50700,1000,
000016.SZ,000016,20251209,93001690,0,953986,0,S,53000,1100,
000016.SZ,000016,20251209,93001700,0,954369,0,B,49400,200,
000016.SZ,000016,20251209,93001720,0,956433,0,B,50900,1000,
000016.SZ,000016,20251209,93001720,0,956603,0,B,51500,5000,
000016.SZ,000016,20251209,93001730,0,957544,0,S,51800,44900,
000016.SZ,000016,20251209,93001730,0,957690,0,S,51800,100,
000016.SZ,000016,20251209,93001740,0,958647,0,S,51300,4800,
000016.SZ,000016,20251209,93001770,0,961107,0,S,51600,3000,
000016.SZ,000016,20251209,93001780,0,961714,0,B,50000,700,
000016.SZ,000016,20251209,93001780,0,961933,0,B,51000,1000,
000016.SZ,000016,20251209,93001780,0,962113,0,B,50000,500,
000016.SZ,000016,20251209,93001820,0,965008,0,B,51000,3000,
000016.SZ,000016,20251209,93001830,0,965794,0,B,50600,1300,
000016.SZ,000016,20251209,93001850,0,967108,0,B,50000,1400,
000016.SZ,000016,20251209,93001870,0,968935,0,B,50900,500,
000016.SZ,000016,20251209,93001900,0,971361,0,S,51300,1000,
000016.SZ,000016,20251209,93001900,0,972075,0,S,51700,8700,
000016.SZ,000016,20251209,93001930,0,974477,0,S,51500,200,
000016.SZ,000016,20251209,93001930,0,974507,0,S,52500,2000,
000016.SZ,000016,20251209,93001930,0,974712,0,B,51100,1500,
000016.SZ,000016,20251209,93001940,0,975602,0,S,52800,7300,
000016.SZ,000016,20251209,93001950,0,977160,0,B,51500,300,
000016.SZ,000016,20251209,93001960,0,978277,0,B,51400,300,
000016.SZ,000016,20251209,93001980,0,979721,0,S,51300,100,
000016.SZ,000016,20251209,93001980,0,979739,0,S,51400,100,
000016.SZ,000016,20251209,93001980,0,979769,0,S,51300,100,
000016.SZ,000016,20251209,93001980,0,979825,0,S,51300,100,
000016.SZ,000016,20251209,93001980,0,979867,0,S,51300,100,
000016.SZ,000016,20251209,93001990,0,980846,0,S,51500,13600,
000016.SZ,000016,20251209,93002010,0,982506,0,S,51400,100,
000016.SZ,000016,20251209,93002010,0,982910,0,B,51000,1000,
000016.SZ,000016,20251209,93002020,0,983363,0,S,52500,6000,
000016.SZ,000016,20251209,93002020,0,983902,0,S,56700,1800,
000016.SZ,000016,20251209,93002040,0,985663,0,S,51600,1000,
000016.SZ,000016,20251209,93002040,0,985772,0,B,51000,100,
000016.SZ,000016,20251209,93002100,0,990301,0,S,51400,200,
000016.SZ,000016,20251209,93002130,0,992089,0,S,55000,1000,
000016.SZ,000016,20251209,93002150,0,994092,0,B,51000,1000,
000016.SZ,000016,20251209,93002240,0,999526,0,B,51000,500,
000016.SZ,000016,20251209,93002280,0,1002230,0,S,52500,1500,
000016.SZ,000016,20251209,93002300,0,1003202,0,S,51500,100,
000016.SZ,000016,20251209,93002300,0,1003510,0,B,51000,1000,
000016.SZ,000016,20251209,93002310,0,1003707,0,B,50900,500,
000016.SZ,000016,20251209,93002320,0,1004335,0,B,51000,3500,
000016.SZ,000016,20251209,93002330,0,1004540,0,S,51300,600,
000016.SZ,000016,20251209,93002400,0,1007895,0,S,52300,3000,
000016.SZ,000016,20251209,93002410,0,1008381,0,S,51500,6000,
000016.SZ,000016,20251209,93002410,0,1008451,0,B,51200,300,
000016.SZ,000016,20251209,93002440,0,1010369,0,S,52100,20000,
000016.SZ,000016,20251209,93002440,0,1010523,0,B,50200,1200,
000016.SZ,000016,20251209,93002520,0,1015393,0,B,50900,1000,
000016.SZ,000016,20251209,93002540,0,1016294,0,B,50000,2000,
000016.SZ,000016,20251209,93002560,0,1017715,0,S,51400,11900,
000016.SZ,000016,20251209,93002560,0,1017938,0,S,55000,8000,
000016.SZ,000016,20251209,93002570,0,1018226,0,B,50100,2000,
000016.SZ,000016,20251209,93002580,0,1019001,0,S,51700,6400,
000016.SZ,000016,20251209,93002580,0,1019567,0,B,51500,500,
000016.SZ,000016,20251209,93002590,0,1019724,0,S,51400,100,
000016.SZ,000016,20251209,93002590,0,1019742,0,S,51400,100,
000016.SZ,000016,20251209,93002600,0,1020206,0,S,51400,100,
000016.SZ,000016,20251209,93002600,0,1020594,0,B,50800,1000,
000016.SZ,000016,20251209,93002600,0,1020627,0,B,51000,4700,
000016.SZ,000016,20251209,93002620,0,1021659,0,S,55500,500,
000016.SZ,000016,20251209,93002630,0,1022313,0,S,56700,300,
000016.SZ,000016,20251209,93002640,0,1023404,0,S,51500,400,
000016.SZ,000016,20251209,93002640,0,1023434,0,S,51500,1200,
000016.SZ,000016,20251209,93002650,0,1023522,0,S,51500,1200,
000016.SZ,000016,20251209,93002650,0,1023600,0,S,56700,300,
000016.SZ,000016,20251209,93002650,0,1023605,0,S,56500,200,
000016.SZ,000016,20251209,93002650,0,1024250,0,S,51500,400,
000016.SZ,000016,20251209,93002650,0,1024270,0,S,56700,30000,
000016.SZ,000016,20251209,93002650,0,1024295,0,S,52700,500,
000016.SZ,000016,20251209,93002660,0,1024661,0,B,51200,9700,
000016.SZ,000016,20251209,93002690,0,1026730,0,B,50800,1000,
000016.SZ,000016,20251209,93002720,0,1028131,0,B,46500,600,
000016.SZ,000016,20251209,93002890,0,1037883,0,S,53800,2000,
000016.SZ,000016,20251209,93002890,0,1038152,0,B,49600,1100,
000016.SZ,000016,20251209,93002900,0,1038557,0,B,51100,5000,
000016.SZ,000016,20251209,93002960,0,1042702,0,S,54000,100,
000016.SZ,000016,20251209,93002960,0,1042724,0,S,52800,10000,
000016.SZ,000016,20251209,93002960,0,1042797,0,S,53600,900,
000016.SZ,000016,20251209,93002980,0,1043425,0,B,51200,5000,
000016.SZ,000016,20251209,93003000,0,1044937,0,S,51800,3300,
000016.SZ,000016,20251209,93003010,0,1045388,0,B,51000,2000,
000016.SZ,000016,20251209,93003030,0,1047474,0,S,52500,1900,
000016.SZ,000016,20251209,93003030,0,1047554,0,B,50900,100,
000016.SZ,000016,20251209,93003050,0,1049323,0,S,51500,200,
000016.SZ,000016,20251209,93003050,0,1049356,0,S,51500,700,
000016.SZ,000016,20251209,93003070,0,1050306,0,B,49300,300,
000016.SZ,000016,20251209,93003090,0,1051397,0,S,51700,500,
000016.SZ,000016,20251209,93003110,0,1052565,0,S,56700,8000,
000016.SZ,000016,20251209,93003130,0,1054219,0,B,50900,700,
000016.SZ,000016,20251209,93003140,0,1054636,0,S,52200,500,
000016.SZ,000016,20251209,93003150,0,1054983,0,B,48700,100,
000016.SZ,000016,20251209,93003150,0,1055299,0,S,51300,300,
000016.SZ,000016,20251209,93003160,0,1055356,0,S,51300,2600,
000016.SZ,000016,20251209,93003160,0,1055932,0,S,51300,700,
000016.SZ,000016,20251209,93003170,0,1056368,0,B,50000,500,
000016.SZ,000016,20251209,93003190,0,1057296,0,B,51100,500,
000016.SZ,000016,20251209,93003230,0,1059518,0,B,51100,5000,
000016.SZ,000016,20251209,93003320,0,1063046,0,S,51400,900,
000016.SZ,000016,20251209,93003320,0,1063080,0,S,51400,500,
000016.SZ,000016,20251209,93003320,0,1063227,0,S,52600,10000,
000016.SZ,000016,20251209,93003330,0,1063457,0,S,51400,900,
000016.SZ,000016,20251209,93003330,0,1063587,0,B,51500,4000,
000016.SZ,000016,20251209,93003410,0,1067273,0,S,51400,1500,
000016.SZ,000016,20251209,93003450,0,1069550,0,B,50500,1000,
000016.SZ,000016,20251209,93003520,0,1072108,0,S,51400,100,
000016.SZ,000016,20251209,93003620,0,1076947,0,S,51800,1000,
000016.SZ,000016,20251209,93003640,0,1078226,0,S,51400,100,
000016.SZ,000016,20251209,93003650,0,1078604,0,S,53100,2100,
000016.SZ,000016,20251209,93003700,0,1082108,0,B,51100,1000,
000016.SZ,000016,20251209,93003710,0,1082512,0,S,51800,9000,
000016.SZ,000016,20251209,93003750,0,1083872,0,S,53500,1000,
000016.SZ,000016,20251209,93003760,0,1084312,0,B,50900,9800,
000016.SZ,000016,20251209,93003790,0,1086301,0,S,56000,2000,
000016.SZ,000016,20251209,93003850,0,1090035,0,S,51900,600,
000016.SZ,000016,20251209,93003850,0,1090037,0,S,51500,10000,
000016.SZ,000016,20251209,93003910,0,1092266,0,S,55500,1000,
000016.SZ,000016,20251209,93003930,0,1092949,0,S,56700,2000,
000016.SZ,000016,20251209,93003960,0,1094566,0,S,51300,1000,
000016.SZ,000016,20251209,93003970,0,1095227,0,S,52800,4000,
000016.SZ,000016,20251209,93003990,0,1096383,0,B,51100,3200,
000016.SZ,000016,20251209,93004000,0,1096838,0,S,56000,2300,
000016.SZ,000016,20251209,93004020,0,1098294,0,S,55300,300,
000016.SZ,000016,20251209,93004020,0,1098354,0,B,51100,1000,
000016.SZ,000016,20251209,93004040,0,1100047,0,S,51400,1500,
000016.SZ,000016,20251209,93004050,0,1100358,0,S,52000,3000,
000016.SZ,000016,20251209,93004080,0,1101874,0,B,50500,1000,
000016.SZ,000016,20251209,93004130,0,1103950,0,B,51500,1000,
000016.SZ,000016,20251209,93004180,0,1105835,0,S,56700,1000,
000016.SZ,000016,20251209,93004210,0,1107201,0,S,51500,8900,
000016.SZ,000016,20251209,93004250,0,1108840,0,B,50100,2000,
000016.SZ,000016,20251209,93004250,0,1109056,0,S,51400,100,
000016.SZ,000016,20251209,93004310,0,1110795,0,B,50800,600,
000016.SZ,000016,20251209,93004550,0,1121227,0,S,51600,500,
000016.SZ,000016,20251209,93004630,0,1124379,0,B,51100,1300,
000016.SZ,000016,20251209,93004640,0,1124973,0,B,50000,200,
000016.SZ,000016,20251209,93004650,0,1125202,0,B,51500,1500,
000016.SZ,000016,20251209,93004700,0,1127140,0,B,50000,200,
000016.SZ,000016,20251209,93004810,0,1131456,0,S,51500,5900,
000016.SZ,000016,20251209,93004950,0,1136565,0,S,52000,800,
000016.SZ,000016,20251209,93004950,0,1137055,0,B,50600,1100,
000016.SZ,000016,20251209,93005000,0,1138912,0,S,56700,500,
000016.SZ,000016,20251209,93005000,0,1138984,0,S,55000,4000,
000016.SZ,000016,20251209,93005000,0,1139097,0,S,56600,8000,
000016.SZ,000016,20251209,93005010,0,1139787,0,B,51500,300,
000016.SZ,000016,20251209,93005230,0,1148089,0,S,52500,5000,
000016.SZ,000016,20251209,93005260,0,1148584,0,S,56600,1800,
000016.SZ,000016,20251209,93005340,0,1150027,0,B,51500,4000,
000016.SZ,000016,20251209,93005360,0,1150407,0,S,54500,700,
000016.SZ,000016,20251209,93005380,0,1150810,0,S,54500,200,
000016.SZ,000016,20251209,93005380,0,1150959,0,B,50000,1000,
000016.SZ,000016,20251209,93005620,0,1156589,0,B,51200,500,
000016.SZ,000016,20251209,93005620,0,1156672,0,B,50000,100,
000016.SZ,000016,20251209,93005640,0,1157203,0,S,56600,200,
000016.SZ,000016,20251209,93005970,0,1166315,0,B,50600,6000,
000016.SZ,000016,20251209,93005970,0,1166461,0,S,53200,6000,
000016.SZ,000016,20251209,93006000,0,1167515,0,S,53900,6000,
000016.SZ,000016,20251209,93006000,0,1167689,0,S,55200,6000,
000016.SZ,000016,20251209,93006020,0,1168189,0,S,51600,2000,
000016.SZ,000016,20251209,93006020,0,1168583,0,S,52500,10000,
000016.SZ,000016,20251209,93006160,0,1173334,0,S,51300,100,
000016.SZ,000016,20251209,93006160,0,1173336,0,S,51300,100,
000016.SZ,000016,20251209,93006160,0,1173341,0,S,51300,100,
000016.SZ,000016,20251209,93006170,0,1173384,0,S,51400,1200,
000016.SZ,000016,20251209,93006170,0,1173491,0,S,51300,200,
000016.SZ,000016,20251209,93006260,0,1176896,0,S,51300,100,
000016.SZ,000016,20251209,93006280,0,1177511,0,S,51400,600,
000016.SZ,000016,20251209,93006310,0,1178115,0,S,51400,1000,
000016.SZ,000016,20251209,93006330,0,1178503,0,S,51400,200,
000016.SZ,000016,20251209,93006330,0,1178547,0,S,51400,200,
000016.SZ,000016,20251209,93006330,0,1178567,0,S,52700,2000,
000016.SZ,000016,20251209,93006570,0,1185353,0,S,52500,2500,
000016.SZ,000016,20251209,93006570,0,1185680,0,S,51300,800,
000016.SZ,000016,20251209,93006630,0,1187490,0,B,49600,2000,
000016.SZ,000016,20251209,93006650,0,1188039,0,B,51200,100000,
000016.SZ,000016,20251209,93006690,0,1189285,0,S,51900,4100,
000016.SZ,000016,20251209,93006730,0,1190415,0,S,51200,400,
000016.SZ,000016,20251209,93006880,0,1195086,0,B,50100,1600,
000016.SZ,000016,20251209,93007000,0,1197752,0,S,51900,1000,
000016.SZ,000016,20251209,93007010,0,1198295,0,S,53900,600,
000016.SZ,000016,20251209,93007060,0,1200407,0,S,56600,400,
000016.SZ,000016,20251209,93007110,0,1201697,0,S,54300,5000,
000016.SZ,000016,20251209,93007120,0,1201889,0,S,55800,700,
000016.SZ,000016,20251209,93007430,0,1208783,0,B,50700,100,
000016.SZ,000016,20251209,93007680,0,1214883,0,S,52800,5400,
000016.SZ,000016,20251209,93007890,0,1219433,0,B,51000,10000,
000016.SZ,000016,20251209,93007940,0,1220284,0,B,51400,100,
000016.SZ,000016,20251209,93007990,0,1221531,0,S,52500,50000,
000016.SZ,000016,20251209,93008010,0,1222167,0,S,56700,7500,
000016.SZ,000016,20251209,93008030,0,1222971,0,S,51300,100,
000016.SZ,000016,20251209,93008090,0,1224610,0,S,53100,1000,
000016.SZ,000016,20251209,93008120,0,1225187,0,B,50100,1000,
000016.SZ,000016,20251209,93008180,0,1225850,0,B,50500,4000,
000016.SZ,000016,20251209,93008270,0,1226755,0,S,51500,100,
000016.SZ,000016,20251209,93008430,0,1229039,0,S,55000,3100,
000016.SZ,000016,20251209,93008470,0,1229816,0,B,51000,5000,
000016.SZ,000016,20251209,93008530,0,1230583,0,S,51500,5200,
000016.SZ,000016,20251209,93008620,0,1231755,0,S,53100,600,
000016.SZ,000016,20251209,93009230,0,1241428,0,B,51500,2000,
000016.SZ,000016,20251209,93009660,0,1250972,0,S,53200,500,
000016.SZ,000016,20251209,93009840,0,1254306,0,S,55700,5200,
000016.SZ,000016,20251209,93009910,0,1255204,0,S,56700,3700,
000016.SZ,000016,20251209,93010090,0,1258254,0,S,51300,1100,
000016.SZ,000016,20251209,93010390,0,1264594,0,S,51400,700,
000016.SZ,000016,20251209,93011290,0,1278436,0,B,51100,10000,
000016.SZ,000016,20251209,93012060,0,1286709,0,S,51400,14900,
000016.SZ,000016,20251209,93012220,0,1288419,0,B,51300,100,
000016.SZ,000016,20251209,93012280,0,1289815,0,S,51300,300,
000016.SZ,000016,20251209,93012280,0,1289857,0,S,51300,300,
000016.SZ,000016,20251209,93012360,0,1291027,0,S,51300,200,
000016.SZ,000016,20251209,93012390,0,1292032,0,S,55000,10900,
000016.SZ,000016,20251209,93012450,0,1293318,0,S,51300,100,
000016.SZ,000016,20251209,93012450,0,1293434,0,S,51300,100,
000016.SZ,000016,20251209,93012520,0,1294276,0,S,51400,100,
000016.SZ,000016,20251209,93012570,0,1295316,0,S,51300,100,
000016.SZ,000016,20251209,93012640,0,1297355,0,S,51900,1500,
000016.SZ,000016,20251209,93012760,0,1299521,0,S,51300,100,
000016.SZ,000016,20251209,93012830,0,1301187,0,S,51300,200,
000016.SZ,000016,20251209,93012900,0,1302112,0,S,55000,2000,
000016.SZ,000016,20251209,93012970,0,1302924,0,S,51300,1100,
000016.SZ,000016,20251209,93012980,0,1303154,0,S,51300,3000,
000016.SZ,000016,20251209,93012990,0,1303270,0,S,51300,200,
000016.SZ,000016,20251209,93012990,0,1303273,0,S,51300,200,
000016.SZ,000016,20251209,93012990,0,1303274,0,S,51300,300,
000016.SZ,000016,20251209,93012990,0,1303277,0,S,51300,100,
000016.SZ,000016,20251209,93012990,0,1303281,0,S,51300,100,
000016.SZ,000016,20251209,93012990,0,1303282,0,S,51300,100,
000016.SZ,000016,20251209,93013090,0,1304488,0,S,51300,1000,
000016.SZ,000016,20251209,93013210,0,1306186,0,S,51400,100,
000016.SZ,000016,20251209,93013780,0,1316315,0,S,51300,400,
000016.SZ,000016,20251209,93013800,0,1316609,0,S,51200,8300,
000016.SZ,000016,20251209,93014110,0,1320146,0,S,51300,1100,
000016.SZ,000016,20251209,93014210,0,1321101,0,S,51300,100,
000016.SZ,000016,20251209,93014930,0,1328990,0,S,51300,200,
000016.SZ,000016,20251209,93015220,0,1332548,0,S,51300,100,
000016.SZ,000016,20251209,93015220,0,1332549,0,S,51300,100,
000016.SZ,000016,20251209,93015220,0,1332551,0,S,51300,200,
000016.SZ,000016,20251209,93015220,0,1332556,0,S,51300,200,
000016.SZ,000016,20251209,93015230,0,1332558,0,S,51300,100,
000016.SZ,000016,20251209,93015230,0,1332561,0,B,51200,100,
000016.SZ,000016,20251209,93015230,0,1332573,0,S,51300,100,
000016.SZ,000016,20251209,93015230,0,1332586,0,S,51300,3900,
000016.SZ,000016,20251209,93015230,0,1332605,0,B,51200,100,
000016.SZ,000016,20251209,93015230,0,1332609,0,S,51300,100,
000016.SZ,000016,20251209,93015250,0,1332973,0,S,51300,100,
000016.SZ,000016,20251209,93015270,0,1333328,0,S,51300,100,
000016.SZ,000016,20251209,93015270,0,1333423,0,S,51300,100,
000016.SZ,000016,20251209,93015270,0,1333426,0,B,51400,1900,
000016.SZ,000016,20251209,93015280,0,1333796,0,S,51300,100,
000016.SZ,000016,20251209,93015290,0,1334072,0,B,51400,2000,
000016.SZ,000016,20251209,93015290,0,1334364,0,B,51200,1500,
000016.SZ,000016,20251209,93015300,0,1334553,0,S,51300,100,
000016.SZ,000016,20251209,93015300,0,1334671,0,S,51300,100,
000016.SZ,000016,20251209,93015350,0,1336294,0,S,51200,21600,
000016.SZ,000016,20251209,93015440,0,1338043,0,S,51300,300,
000016.SZ,000016,20251209,93015450,0,1338106,0,S,51300,100,
000016.SZ,000016,20251209,93015520,0,1339696,0,S,52000,5000,
000016.SZ,000016,20251209,93015620,0,1344232,0,S,51300,100,
000016.SZ,000016,20251209,93015700,0,1345577,0,S,51300,100,
000016.SZ,000016,20251209,93015790,0,1346805,0,S,51300,100,
000016.SZ,000016,20251209,93015850,0,1348315,0,S,51300,500,
000016.SZ,000016,20251209,93015930,0,1349503,0,S,51400,600,
000016.SZ,000016,20251209,93016160,0,1353082,0,S,51200,1000,
000016.SZ,000016,20251209,93016220,0,1353929,0,S,51400,100,
000016.SZ,000016,20251209,93017180,0,1369186,0,S,56700,2000,
000016.SZ,000016,20251209,93017530,0,1373324,0,S,51300,100,
000016.SZ,000016,20251209,93017570,0,1373723,0,S,51300,100,
000016.SZ,000016,20251209,93017610,0,1374130,0,S,51300,200,
000016.SZ,000016,20251209,93017670,0,1374787,0,S,52200,6000,
000016.SZ,000016,20251209,93018140,0,1379516,0,S,51300,100,
000016.SZ,000016,20251209,93018170,0,1379880,0,S,51300,100,
000016.SZ,000016,20251209,93018170,0,1379937,0,B,49200,6000,
000016.SZ,000016,20251209,93018170,0,1379966,0,S,51300,1300,
000016.SZ,000016,20251209,93018230,0,1380934,0,S,51300,100,
000016.SZ,000016,20251209,93018250,0,1381438,0,S,56700,1000,
000016.SZ,000016,20251209,93018360,0,1383574,0,S,51300,400,
000016.SZ,000016,20251209,93018360,0,1383634,0,S,51300,1200,
000016.SZ,000016,20251209,93018360,0,1383707,0,S,51300,1200,
000016.SZ,000016,20251209,93018890,0,1394017,0,S,56700,8400,
000016.SZ,000016,20251209,93019540,0,1404160,0,S,51300,19200,
000016.SZ,000016,20251209,93019660,0,1406106,0,B,51300,900,
000016.SZ,000016,20251209,93019970,0,1409638,0,S,56700,6000,
000016.SZ,000016,20251209,93020160,0,1411999,0,S,51700,600,
000016.SZ,000016,20251209,93020790,0,1419546,0,S,51200,100,
000016.SZ,000016,20251209,93021180,0,1423645,0,S,51200,200,
000016.SZ,000016,20251209,93021180,0,1423647,0,S,51200,1300,
000016.SZ,000016,20251209,93021180,0,1423651,0,S,51200,400,
000016.SZ,000016,20251209,93021180,0,1423654,0,S,51200,300,
000016.SZ,000016,20251209,93021180,0,1423656,0,S,51200,400,
000016.SZ,000016,20251209,93021180,0,1423658,0,S,51200,200,
000016.SZ,000016,20251209,93021190,0,1423726,0,S,51200,200,
000016.SZ,000016,20251209,93021190,0,1423738,0,S,51200,400,
000016.SZ,000016,20251209,93021190,0,1423778,0,S,51200,900,
000016.SZ,000016,20251209,93021220,0,1424372,0,S,51200,400,
000016.SZ,000016,20251209,93021260,0,1426137,0,B,51100,200,
000016.SZ,000016,20251209,93022640,0,1450646,0,S,52600,5000,
000016.SZ,000016,20251209,93022670,0,1451129,0,S,52900,32600,
000016.SZ,000016,20251209,93023530,0,1461031,0,S,51400,27400,
000016.SZ,000016,20251209,93023730,0,1463035,0,S,55000,100,
000016.SZ,000016,20251209,93023890,0,1464571,0,S,52800,1000,
000016.SZ,000016,20251209,93024100,0,1466791,0,S,51200,400,
000016.SZ,000016,20251209,93024210,0,1469061,0,S,51300,300,
000016.SZ,000016,20251209,93025000,0,1482747,0,B,51100,2000,
000016.SZ,000016,20251209,93025270,0,1486825,0,B,51100,500,
000016.SZ,000016,20251209,93025590,0,1492340,0,S,51200,100,
000016.SZ,000016,20251209,93025670,0,1494205,0,S,51200,5300,
000016.SZ,000016,20251209,93025810,0,1495892,0,S,51200,1000,
000016.SZ,000016,20251209,93025830,0,1496167,0,S,51500,5000,
000016.SZ,000016,20251209,93026040,0,1498230,0,S,51200,1500,
000016.SZ,000016,20251209,93026310,0,1500904,0,S,53700,2000,
000016.SZ,000016,20251209,93026380,0,1501547,0,S,53600,2000,
000016.SZ,000016,20251209,93026460,0,1502264,0,S,52000,23500,
000016.SZ,000016,20251209,93026580,0,1503419,0,B,51100,1000,
000016.SZ,000016,20251209,93026700,0,1504654,0,S,51200,4200,
000016.SZ,000016,20251209,93027250,0,1511861,0,S,51200,100,
000016.SZ,000016,20251209,93027270,0,1512220,0,B,51100,600,
000016.SZ,000016,20251209,93027290,0,1512458,0,S,51700,2300,
000016.SZ,000016,20251209,93027420,0,1514851,0,S,56600,2000,
000016.SZ,000016,20251209,93027750,0,1520343,0,S,51200,3300,
000016.SZ,000016,20251209,93027770,0,1520605,0,S,51200,900,
000016.SZ,000016,20251209,93027790,0,1520785,0,S,51200,100,
000016.SZ,000016,20251209,93027810,0,1521083,0,S,51200,1100,
000016.SZ,000016,20251209,93027860,0,1522047,0,S,51100,300,
000016.SZ,000016,20251209,93027980,0,1523454,0,B,51100,900,
000016.SZ,000016,20251209,93027990,0,1523575,0,S,51200,900,
000016.SZ,000016,20251209,93028050,0,1524403,0,B,51100,600,
000016.SZ,000016,20251209,93028280,0,1527690,0,B,51100,300,
000016.SZ,000016,20251209,93028290,0,1527880,0,S,51200,500,
000016.SZ,000016,20251209,93028540,0,1532255,0,B,51100,2000,
000016.SZ,000016,20251209,93028560,0,1532458,0,S,51200,200,
000016.SZ,000016,20251209,93028590,0,1532958,0,S,51200,700,
000016.SZ,000016,20251209,93029570,0,1546528,0,B,50500,2000,
000016.SZ,000016,20251209,93029710,0,1548203,0,S,51300,2000,
000016.SZ,000016,20251209,93029770,0,1548890,0,S,51200,800,
000016.SZ,000016,20251209,93029870,0,1550170,0,B,50900,2100,
000016.SZ,000016,20251209,93030010,0,1552017,0,S,51400,8300,
000016.SZ,000016,20251209,93030070,0,1552820,0,S,55400,2000,
000016.SZ,000016,20251209,93030150,0,1553973,0,S,51200,100,
000016.SZ,000016,20251209,93030150,0,1554026,0,S,51200,100,
000016.SZ,000016,20251209,93030150,0,1554042,0,S,51200,400,
000016.SZ,000016,20251209,93030150,0,1554045,0,S,51200,100,
000016.SZ,000016,20251209,93030160,0,1554049,0,S,51200,100,
000016.SZ,000016,20251209,93030160,0,1554052,0,S,51200,100,
000016.SZ,000016,20251209,93030160,0,1554062,0,S,51200,100,
000016.SZ,000016,20251209,93030160,0,1554065,0,S,51200,500,
000016.SZ,000016,20251209,93030160,0,1554114,0,S,51200,100,
000016.SZ,000016,20251209,93030170,0,1554210,0,S,51200,600,
000016.SZ,000016,20251209,93030170,0,1554213,0,S,51200,200,
000016.SZ,000016,20251209,93030210,0,1555088,0,S,50900,2000,
000016.SZ,000016,20251209,93030240,0,1556057,0,B,51200,2000,
000016.SZ,000016,20251209,93030390,0,1558470,0,B,51100,100,
000016.SZ,000016,20251209,93030470,0,1559954,0,B,51100,100,
000016.SZ,000016,20251209,93030570,0,1563045,0,B,51100,100,
000016.SZ,000016,20251209,93030600,0,1563922,0,B,51100,100,
000016.SZ,000016,20251209,93030630,0,1564412,0,B,51100,100,
000016.SZ,000016,20251209,93030750,0,1566072,0,S,51200,1600,
000016.SZ,000016,20251209,93030770,0,1566286,0,S,51200,1200,
000016.SZ,000016,20251209,93030770,0,1566422,0,S,51200,800,
000016.SZ,000016,20251209,93030810,0,1567377,0,S,51200,1000,
000016.SZ,000016,20251209,93030810,0,1567396,0,S,51200,100,
000016.SZ,000016,20251209,93030890,0,1568401,0,B,50100,1000,
000016.SZ,000016,20251209,93031070,0,1570651,0,B,51100,600,
000016.SZ,000016,20251209,93031270,0,1574106,0,B,51100,700,
000016.SZ,000016,20251209,93031490,0,1578425,0,B,51100,5400,
000016.SZ,000016,20251209,93031680,0,1581195,0,S,51200,5200,
000016.SZ,000016,20251209,93031920,0,1584579,0,S,56700,1000,
000016.SZ,000016,20251209,93032380,0,1589925,0,S,51400,400,
000016.SZ,000016,20251209,93032590,0,1592059,0,B,51200,2000,
000016.SZ,000016,20251209,93032720,0,1593355,0,B,51100,500,
000016.SZ,000016,20251209,93032760,0,1593775,0,S,51200,800,
000016.SZ,000016,20251209,93032800,0,1594267,0,B,51100,400,
000016.SZ,000016,20251209,93033320,0,1602391,0,S,51300,10000,
000016.SZ,000016,20251209,93033450,0,1605056,0,S,52400,700,
000016.SZ,000016,20251209,93033750,0,1610248,0,S,51200,800,
000016.SZ,000016,20251209,93033770,0,1610502,0,S,51200,800,
000016.SZ,000016,20251209,93033810,0,1611237,0,S,51200,1000,
000016.SZ,000016,20251209,93033950,0,1612912,0,S,51200,800,
000016.SZ,000016,20251209,93034170,0,1615441,0,B,51200,2000,
000016.SZ,000016,20251209,93034230,0,1616693,0,S,51100,100,
000016.SZ,000016,20251209,93034380,0,1619577,0,S,51900,1000,
000016.SZ,000016,20251209,93034800,0,1627148,0,B,51100,500,
000016.SZ,000016,20251209,93034820,0,1627382,0,B,51100,500,
000016.SZ,000016,20251209,93034970,0,1629377,0,B,51100,2000,
000016.SZ,000016,20251209,93035050,0,1630249,0,S,56500,10200,
000016.SZ,000016,20251209,93035050,0,1630301,0,B,51100,600,
000016.SZ,000016,20251209,93035200,0,1632413,0,B,51000,1000,
000016.SZ,000016,20251209,93035280,0,1633485,0,B,51100,600,
000016.SZ,000016,20251209,93036250,0,1647825,0,S,51100,200,
000016.SZ,000016,20251209,93036440,0,1652148,0,B,50800,200,
000016.SZ,000016,20251209,93036750,0,1658153,0,B,51100,500,
000016.SZ,000016,20251209,93036840,0,1659675,0,S,51100,100,
000016.SZ,000016,20251209,93036850,0,1659705,0,S,51100,100,
000016.SZ,000016,20251209,93036850,0,1659783,0,S,51900,4000,
000016.SZ,000016,20251209,93037000,0,1662597,0,B,50900,300,
000016.SZ,000016,20251209,93037440,0,1671533,0,B,51000,2000,
000016.SZ,000016,20251209,93037480,0,1672185,0,S,51100,100,
000016.SZ,000016,20251209,93037970,0,1679627,0,B,51200,200,
000016.SZ,000016,20251209,93037980,0,1679689,0,B,50900,1900,
000016.SZ,000016,20251209,93038940,0,1692135,0,B,51100,700,
000016.SZ,000016,20251209,93039850,0,1710900,0,S,52000,1000,
000016.SZ,000016,20251209,93039910,0,1711976,0,B,51100,300,
000016.SZ,000016,20251209,93040010,0,1713841,0,S,51200,3700,
000016.SZ,000016,20251209,93040050,0,1714554,0,B,51100,1000,
