万得代码,交易所代码,自然日,时间,成交编号,成交代码,委托代码,BS标志,成交价格,成交数量,叫卖序号,叫买序号,
000016.SZ,000016,20251209,91500850,125246,C,0, ,0,500,0,125241,
000016.SZ,000016,20251209,91506550,274614,C,0, ,0,600,274610,0,
000016.SZ,000016,20251209,91534060,292460,C,0, ,0,6700,0,49057,
000016.SZ,000016,20251209,91612260,302411,C,0, ,0,14200,29269,0,
000016.SZ,000016,20251209,91620670,304538,C,0, ,0,1000,0,251906,
000016.SZ,000016,20251209,91631020,307434,C,0, ,0,100,0,292996,
000016.SZ,000016,20251209,91631020,307435,C,0, ,0,100,0,292995,
000016.SZ,000016,20251209,91645550,311428,C,0, ,0,1600,309669,0,
000016.SZ,000016,20251209,91650410,312732,C,0, ,0,5500,0,75930,
000016.SZ,000016,20251209,91740040,327740,C,0, ,0,200,0,268543,
000016.SZ,000016,20251209,91751770,331505,C,0, ,0,200,0,268542,
000016.SZ,000016,20251209,91822520,341570,C,0, ,0,2000,0,326222,
000016.SZ,000016,20251209,91824760,342375,C,0, ,0,1000,0,249649,
000016.SZ,000016,20251209,91830010,344192,C,0, ,0,10000,0,305745,
000016.SZ,000016,20251209,91832440,345023,C,0, ,0,1500,0,179112,
000016.SZ,000016,20251209,91837070,346580,C,0, ,0,500,0,343999,
000016.SZ,000016,20251209,91849810,350995,C,0, ,0,3200,348656,0,
000016.SZ,000016,20251209,91859540,354396,C,0, ,0,300,349672,0,
000016.SZ,000016,20251209,91903660,355886,C,0, ,0,1100,0,350545,
000016.SZ,000016,20251209,91909490,358118,C,0, ,0,400,0,351080,
000016.SZ,000016,20251209,91920240,362241,C,0, ,0,1000,0,327590,
000016.SZ,000016,20251209,91921160,362614,C,0, ,0,9800,0,19851,
000016.SZ,000016,20251209,91928550,365351,C,0, ,0,10000,0,348588,
000016.SZ,000016,20251209,91934120,367436,C,0, ,0,20000,249343,0,
000016.SZ,000016,20251209,91936430,368248,C,0, ,0,42800,308663,0,
000016.SZ,000016,20251209,91943340,370760,C,0, ,0,100,0,321165,
000016.SZ,000016,20251209,91943670,370882,C,0, ,0,3700,235907,0,
000016.SZ,000016,20251209,91945240,371472,C,0, ,0,2600,0,364376,
000016.SZ,000016,20251209,91954430,374991,C,0, ,0,3000,358017,0,
000016.SZ,000016,20251209,91957010,376012,C,0, ,0,2000,0,344166,
000016.SZ,000016,20251209,92500000,553542,0,0,S,51500,900,475856,65378,
000016.SZ,000016,20251209,92500000,553543,0,0,S,51500,200,475856,383753,
000016.SZ,000016,20251209,92500000,553544,0,0,B,51500,500,475856,551592,
000016.SZ,000016,20251209,92500000,553545,0,0,B,51500,100,487183,551592,
000016.SZ,000016,20251209,92500000,553546,0,0,B,51500,300,450775,551592,
000016.SZ,000016,20251209,92500000,553547,0,0,B,51500,300,452504,551592,
000016.SZ,000016,20251209,92500000,553548,0,0,B,51500,1300,532034,551592,
000016.SZ,000016,20251209,92500000,553549,0,0,B,51500,2000,481692,551592,
000016.SZ,000016,20251209,92500000,553550,0,0,B,51500,200,365152,551592,
000016.SZ,000016,20251209,92500000,553551,0,0,B,51500,1000,432836,551592,
000016.SZ,000016,20251209,92500000,553552,0,0,B,51500,600,473738,551592,
000016.SZ,000016,20251209,92500000,553553,0,0,B,51500,500,474017,551592,
000016.SZ,000016,20251209,92500000,553554,0,0,B,51500,400,475647,551592,
000016.SZ,000016,20251209,92500000,553555,0,0,B,51500,4900,496678,551592,
000016.SZ,000016,20251209,92500000,553556,0,0,B,51500,2000,548220,551592,
000016.SZ,000016,20251209,92500000,553557,0,0,B,51500,100,548246,551592,
000016.SZ,000016,20251209,92500000,553558,0,0,B,51500,700,548816,551592,
000016.SZ,000016,20251209,92500000,553559,0,0,B,51500,3500,549947,551592,
000016.SZ,000016,20251209,92500000,553560,0,0,S,51500,1400,549947,260076,
000016.SZ,000016,20251209,92500000,553561,0,0,S,51500,300,550285,260076,
000016.SZ,000016,20251209,92500000,553562,0,0,B,51500,800,478,260076,
000016.SZ,000016,20251209,92500000,553563,0,0,B,51500,700,478,476195,
000016.SZ,000016,20251209,92500000,553564,0,0,B,51500,700,135463,476195,
000016.SZ,000016,20251209,92500000,553565,0,0,B,51500,800,135463,234581,
000016.SZ,000016,20251209,92500000,553566,0,0,B,51500,500,135463,470758,
000016.SZ,000016,20251209,92500000,553567,0,0,B,51500,100,247517,470758,
000016.SZ,000016,20251209,92500000,553568,0,0,B,51500,1000,247517,485203,
000016.SZ,000016,20251209,92500000,553569,0,0,S,51500,100,247517,72703,
000016.SZ,000016,20251209,92500000,553570,0,0,S,51500,200,247517,197152,
000016.SZ,000016,20251209,92500000,553571,0,0,S,51500,200,247517,220552,
000016.SZ,000016,20251209,92500000,553572,0,0,S,51500,200,247517,225123,
000016.SZ,000016,20251209,92500000,553573,0,0,S,51500,500,247517,226179,
000016.SZ,000016,20251209,92500000,553574,0,0,S,51500,1200,247517,229621,
000016.SZ,000016,20251209,92500000,553575,0,0,S,51500,3400,501927,229621,
000016.SZ,000016,20251209,92500000,553576,0,0,S,51500,1000,501927,362785,
000016.SZ,000016,20251209,92500000,553577,0,0,S,51500,400,501927,389754,
000016.SZ,000016,20251209,92500000,553578,0,0,S,51500,200,501927,397098,
000016.SZ,000016,20251209,92500000,553579,0,0,S,51500,300,516961,397098,
000016.SZ,000016,20251209,92500000,553580,0,0,S,51500,200,516961,449741,
000016.SZ,000016,20251209,92500000,553581,0,0,B,51500,500,326568,449741,
000016.SZ,000016,20251209,92500000,553582,0,0,B,51500,4100,326568,460026,
000016.SZ,000016,20251209,92500000,553583,0,0,B,51500,2700,388988,460026,
000016.SZ,000016,20251209,92500000,553584,0,0,B,51500,1500,406433,460026,
000016.SZ,000016,20251209,92500000,553585,0,0,B,51500,1400,410977,460026,
000016.SZ,000016,20251209,92500000,553586,0,0,B,51500,200,410977,495145,
000016.SZ,000016,20251209,92500000,553587,0,0,B,51500,200,410977,532230,
000016.SZ,000016,20251209,92500000,553588,0,0,B,51500,300,416436,532230,
000016.SZ,000016,20251209,93000000,641990,0,0,B,51500,2000,416436,641989,
000016.SZ,000016,20251209,93000040,645279,0,0,S,51300,200,645278,255472,
000016.SZ,000016,20251209,93000080,670048,C,0, ,0,4000,663428,0,
000016.SZ,000016,20251209,93000080,671156,0,0,S,51400,300,671155,663852,
000016.SZ,000016,20251209,93000120,694926,0,0,S,51400,200,694925,663852,
000016.SZ,000016,20251209,93000130,697771,0,0,S,51400,100,697770,663852,
000016.SZ,000016,20251209,93000130,701373,0,0,S,51400,300,701372,663852,
000016.SZ,000016,20251209,93000150,710816,0,0,B,51500,200,416436,710815,
000016.SZ,000016,20251209,93000220,741754,C,0, ,0,19200,740531,0,
000016.SZ,000016,20251209,93000340,779731,C,0, ,0,9900,0,505844,
000016.SZ,000016,20251209,93000340,781554,0,0,S,51400,1000,781553,663852,
000016.SZ,000016,20251209,93000340,781555,0,0,S,51400,200,781553,669869,
000016.SZ,000016,20251209,93000340,781709,0,0,S,51300,100,781708,255472,
000016.SZ,000016,20251209,93000350,782114,0,0,S,51300,100,782113,255472,
000016.SZ,000016,20251209,93000480,807439,0,0,S,51300,100,807438,255472,
000016.SZ,000016,20251209,93000490,808003,0,0,S,51300,100,808002,436844,
000016.SZ,000016,20251209,93000550,817676,0,0,S,51300,900,817675,436844,
000016.SZ,000016,20251209,93000550,817677,0,0,S,51300,1200,817675,507934,
000016.SZ,000016,20251209,93000550,817678,0,0,S,51300,1600,817675,674847,
000016.SZ,000016,20251209,93000550,818375,0,0,B,51400,700,781553,818374,
000016.SZ,000016,20251209,93000550,818376,0,0,B,51400,100,781723,818374,
000016.SZ,000016,20251209,93000550,818377,0,0,B,51400,100,781960,818374,
000016.SZ,000016,20251209,93000550,818378,0,0,B,51400,100,782310,818374,
000016.SZ,000016,20251209,93000550,818379,0,0,B,51400,700,790183,818374,
000016.SZ,000016,20251209,93000550,818380,0,0,B,51400,200,792268,818374,
000016.SZ,000016,20251209,93000550,818381,0,0,B,51400,100,807826,818374,
000016.SZ,000016,20251209,93000550,818382,0,0,B,51400,100,807978,818374,
000016.SZ,000016,20251209,93000550,818383,0,0,B,51400,100,812671,818374,
000016.SZ,000016,20251209,93000550,818384,0,0,B,51500,9500,416436,818374,
000016.SZ,000016,20251209,93000660,835000,C,0, ,0,400,0,360837,
000016.SZ,000016,20251209,93000690,841423,C,0, ,0,1000,158894,0,
000016.SZ,000016,20251209,93000860,867922,0,0,S,51400,100,867921,852520,
000016.SZ,000016,20251209,93000860,867923,0,0,S,51300,1900,867921,674847,
000016.SZ,000016,20251209,93000940,877973,C,0, ,0,4700,348691,0,
000016.SZ,000016,20251209,93001020,889398,0,0,S,51300,100,889397,674847,
000016.SZ,000016,20251209,93001040,893804,C,0, ,0,2000,442305,0,
000016.SZ,000016,20251209,93001050,894314,C,0, ,0,8200,0,355311,
000016.SZ,000016,20251209,93001050,894624,0,0,S,51300,200,894623,674847,
000016.SZ,000016,20251209,93001180,909974,0,0,B,51400,200,896703,909973,
000016.SZ,000016,20251209,93001430,930068,0,0,B,51400,100,902203,930067,
000016.SZ,000016,20251209,93001440,930596,0,0,B,51400,200,923537,930595,
000016.SZ,000016,20251209,93001440,930628,0,0,B,51400,100,923537,930627,
000016.SZ,000016,20251209,93001690,953618,C,0, ,0,1000,0,367899,
000016.SZ,000016,20251209,93001720,956604,0,0,B,51400,1200,923537,956603,
000016.SZ,000016,20251209,93001720,956605,0,0,B,51400,100,926097,956603,
000016.SZ,000016,20251209,93001720,956606,0,0,B,51400,200,939370,956603,
000016.SZ,000016,20251209,93001720,956607,0,0,B,51500,2700,416436,956603,
000016.SZ,000016,20251209,93001720,956608,0,0,B,51500,200,427217,956603,
000016.SZ,000016,20251209,93001720,956609,0,0,B,51500,600,441570,956603,
000016.SZ,000016,20251209,93001740,958648,0,0,S,51300,3800,958647,674847,
000016.SZ,000016,20251209,93001740,958649,0,0,S,51300,1000,958647,686488,
000016.SZ,000016,20251209,93001880,969742,C,0, ,0,3100,0,363180,
000016.SZ,000016,20251209,93001900,971362,0,0,S,51300,1000,971361,686488,
000016.SZ,000016,20251209,93001950,977161,0,0,B,51500,300,441570,977160,
000016.SZ,000016,20251209,93001980,979722,0,0,S,51400,100,979721,978277,
000016.SZ,000016,20251209,93001980,979740,0,0,S,51400,100,979739,978277,
000016.SZ,000016,20251209,93001980,979770,0,0,S,51400,100,979769,978277,
000016.SZ,000016,20251209,93001980,979826,0,0,S,51300,100,979825,686488,
000016.SZ,000016,20251209,93001980,979868,0,0,S,51300,100,979867,686488,
000016.SZ,000016,20251209,93002330,1004541,0,0,S,51300,600,1004540,686488,
000016.SZ,000016,20251209,93002460,1011868,C,0, ,0,1000,0,466061,
000016.SZ,000016,20251209,93002550,1017165,C,0, ,0,10000,250565,0,
000016.SZ,000016,20251209,93002580,1019568,0,0,B,51400,100,982506,1019567,
000016.SZ,000016,20251209,93002580,1019569,0,0,B,51400,200,990301,1019567,
000016.SZ,000016,20251209,93002580,1019570,0,0,B,51400,200,1017715,1019567,
000016.SZ,000016,20251209,93002980,1043844,C,0, ,0,4200,0,343724,
000016.SZ,000016,20251209,93003150,1055266,C,0, ,0,2000,443914,0,
000016.SZ,000016,20251209,93003150,1055300,0,0,S,51300,300,1055299,686488,
000016.SZ,000016,20251209,93003160,1055357,0,0,S,51300,1900,1055356,686488,
000016.SZ,000016,20251209,93003160,1055358,0,0,S,51300,700,1055356,845347,
000016.SZ,000016,20251209,93003160,1055933,0,0,S,51300,700,1055932,845347,
000016.SZ,000016,20251209,93003330,1063588,0,0,B,51400,4000,1017715,1063587,
000016.SZ,000016,20251209,93003440,1068841,C,0, ,0,3400,0,377331,
000016.SZ,000016,20251209,93003960,1094567,0,0,S,51300,600,1094566,845347,
000016.SZ,000016,20251209,93003960,1094568,0,0,S,51300,400,1094566,888042,
000016.SZ,000016,20251209,93004130,1103951,0,0,B,51400,1000,1017715,1103950,
000016.SZ,000016,20251209,93004650,1125203,0,0,B,51400,1500,1017715,1125202,
000016.SZ,000016,20251209,93005010,1139788,0,0,B,51400,300,1017715,1139787,
000016.SZ,000016,20251209,93005270,1148931,C,0, ,0,2300,64432,0,
000016.SZ,000016,20251209,93005340,1150028,0,0,B,51400,4000,1017715,1150027,
000016.SZ,000016,20251209,93005870,1163725,C,0, ,0,6400,1019001,0,
000016.SZ,000016,20251209,93006160,1173335,0,0,S,51300,100,1173334,888042,
000016.SZ,000016,20251209,93006160,1173337,0,0,S,51300,100,1173336,888042,
000016.SZ,000016,20251209,93006160,1173342,0,0,S,51300,100,1173341,888042,
000016.SZ,000016,20251209,93006170,1173478,C,0, ,0,100,1019742,0,
000016.SZ,000016,20251209,93006170,1173492,0,0,S,51300,200,1173491,888042,
000016.SZ,000016,20251209,93006180,1173713,C,0, ,0,100,1020206,0,
000016.SZ,000016,20251209,93006260,1176897,0,0,S,51300,100,1176896,888042,
000016.SZ,000016,20251209,93006500,1182907,C,0, ,0,100,683103,0,
000016.SZ,000016,20251209,93006570,1185681,0,0,S,51300,800,1185680,953002,
000016.SZ,000016,20251209,93006730,1190416,0,0,S,51300,400,1190415,953002,
000016.SZ,000016,20251209,93007940,1220285,0,0,B,51400,100,1017715,1220284,
000016.SZ,000016,20251209,93008030,1222972,0,0,S,51300,100,1222971,953002,
000016.SZ,000016,20251209,93009190,1240886,C,0, ,0,100,1019724,0,
000016.SZ,000016,20251209,93009230,1241429,0,0,B,51400,800,1017715,1241428,
000016.SZ,000016,20251209,93009230,1241430,0,0,B,51400,900,1063046,1241428,
000016.SZ,000016,20251209,93009230,1241431,0,0,B,51400,300,1063080,1241428,
000016.SZ,000016,20251209,93010090,1258255,0,0,S,51300,700,1258254,953002,
000016.SZ,000016,20251209,93011740,1283599,C,0, ,0,3200,922097,0,
000016.SZ,000016,20251209,93012220,1288420,0,0,B,51300,100,1258254,1288419,
000016.SZ,000016,20251209,93012590,1295972,C,0, ,0,200,1049323,0,
000016.SZ,000016,20251209,93012770,1299629,C,0, ,0,400,1024250,0,
000016.SZ,000016,20251209,93012800,1300672,C,0, ,0,100000,0,1188039,
000016.SZ,000016,20251209,93012920,1302377,C,0, ,0,200,974477,0,
000016.SZ,000016,20251209,93013210,1306219,C,0, ,0,100,1003202,0,
000016.SZ,000016,20251209,93013590,1313278,C,0, ,0,700,1049356,0,
000016.SZ,000016,20251209,93013670,1315084,C,0, ,0,5200,1230583,0,
000016.SZ,000016,20251209,93013800,1316610,0,0,S,51200,500,1316609,91341,
000016.SZ,000016,20251209,93013800,1316611,0,0,S,51200,500,1316609,227121,
000016.SZ,000016,20251209,93013800,1316612,0,0,S,51200,600,1316609,255145,
000016.SZ,000016,20251209,93013800,1316613,0,0,S,51200,400,1316609,280134,
000016.SZ,000016,20251209,93013800,1316614,0,0,S,51200,1000,1316609,496726,
000016.SZ,000016,20251209,93013800,1316615,0,0,S,51200,5000,1316609,734063,
000016.SZ,000016,20251209,93013800,1316616,0,0,S,51200,300,1316609,748954,
000016.SZ,000016,20251209,93015270,1333427,0,0,B,51300,300,1258254,1333426,
000016.SZ,000016,20251209,93015270,1333428,0,0,B,51300,300,1289815,1333426,
000016.SZ,000016,20251209,93015270,1333429,0,0,B,51300,300,1289857,1333426,
000016.SZ,000016,20251209,93015270,1333430,0,0,B,51300,200,1291027,1333426,
000016.SZ,000016,20251209,93015270,1333431,0,0,B,51300,100,1293318,1333426,
000016.SZ,000016,20251209,93015270,1333432,0,0,B,51300,100,1293434,1333426,
000016.SZ,000016,20251209,93015270,1333433,0,0,B,51300,100,1295316,1333426,
000016.SZ,000016,20251209,93015270,1333434,0,0,B,51300,100,1299521,1333426,
000016.SZ,000016,20251209,93015270,1333435,0,0,B,51300,200,1301187,1333426,
000016.SZ,000016,20251209,93015270,1333436,0,0,B,51300,200,1302924,1333426,
000016.SZ,000016,20251209,93015290,1334073,0,0,B,51300,900,1302924,1334072,
000016.SZ,000016,20251209,93015290,1334074,0,0,B,51300,1100,1303154,1334072,
000016.SZ,000016,20251209,93015350,1336295,0,0,S,51200,200,1336294,748954,
000016.SZ,000016,20251209,93015350,1336296,0,0,S,51200,100,1336294,755616,
000016.SZ,000016,20251209,93015350,1336297,0,0,S,51200,8300,1336294,827226,
000016.SZ,000016,20251209,93015350,1336298,0,0,S,51200,300,1336294,1008451,
000016.SZ,000016,20251209,93015350,1336299,0,0,S,51200,9700,1336294,1024661,
000016.SZ,000016,20251209,93015350,1336300,0,0,S,51200,3000,1336294,1043425,
000016.SZ,000016,20251209,93016160,1353083,0,0,S,51200,1000,1353082,1043425,
000016.SZ,000016,20251209,93016210,1353836,C,0, ,0,100,1226755,0,
000016.SZ,000016,20251209,93017820,1376246,C,0, ,0,1000,0,1082108,
000016.SZ,000016,20251209,93018210,1380407,C,0, ,0,400,1023404,0,
000016.SZ,000016,20251209,93018210,1380466,C,0, ,0,1200,1023522,0,
000016.SZ,000016,20251209,93018210,1380486,C,0, ,0,1200,1023434,0,
000016.SZ,000016,20251209,93019660,1406107,0,0,B,51300,900,1303154,1406106,
000016.SZ,000016,20251209,93019700,1406845,C,0, ,0,10000,890465,0,
000016.SZ,000016,20251209,93020790,1419547,0,0,S,51200,100,1419546,1043425,
000016.SZ,000016,20251209,93021180,1423646,0,0,S,51200,200,1423645,1043425,
000016.SZ,000016,20251209,93021180,1423648,0,0,S,51200,700,1423647,1043425,
000016.SZ,000016,20251209,93021180,1423649,0,0,S,51200,500,1423647,1156589,
000016.SZ,000016,20251209,93021180,1423650,0,0,S,51200,100,1423647,1332561,
000016.SZ,000016,20251209,93021180,1423652,0,0,S,51200,100,1423651,1332605,
000016.SZ,000016,20251209,93021180,1423653,0,0,S,51200,300,1423651,1334364,
000016.SZ,000016,20251209,93021180,1423655,0,0,S,51200,300,1423654,1334364,
000016.SZ,000016,20251209,93021180,1423657,0,0,S,51200,400,1423656,1334364,
000016.SZ,000016,20251209,93021180,1423659,0,0,S,51200,200,1423658,1334364,
000016.SZ,000016,20251209,93021190,1423727,0,0,S,51200,200,1423726,1334364,
000016.SZ,000016,20251209,93021190,1423739,0,0,S,51200,100,1423738,1334364,
000016.SZ,000016,20251209,93022250,1443252,C,0, ,0,300,804634,0,
000016.SZ,000016,20251209,93024070,1466437,C,0, ,0,5000,0,337030,
000016.SZ,000016,20251209,93024150,1467611,C,0, ,0,300,1423738,0,
000016.SZ,000016,20251209,93024150,1467742,C,0, ,0,400,1424372,0,
000016.SZ,000016,20251209,93024160,1467928,C,0, ,0,900,1423778,0,
000016.SZ,000016,20251209,93024280,1471030,C,0, ,0,600,1177511,0,
000016.SZ,000016,20251209,93024300,1471283,C,0, ,0,200,1178503,0,
000016.SZ,000016,20251209,93024300,1471287,C,0, ,0,200,1178547,0,
000016.SZ,000016,20251209,93024320,1471686,C,0, ,0,1000,1178115,0,
000016.SZ,000016,20251209,93024550,1475365,C,0, ,0,800,790598,0,
000016.SZ,000016,20251209,93024580,1475795,C,0, ,0,100,1078226,0,
000016.SZ,000016,20251209,93024610,1476164,C,0, ,0,700,1264594,0,
000016.SZ,000016,20251209,93024990,1482666,C,0, ,0,1900,0,239514,
000016.SZ,000016,20251209,93025040,1483415,C,0, ,0,1500,1100047,0,
000016.SZ,000016,20251209,93025900,1496736,C,0, ,0,100,441570,0,
000016.SZ,000016,20251209,93026610,1503779,C,0, ,0,8700,972075,0,
000016.SZ,000016,20251209,93027000,1507516,C,0, ,0,400,1466791,0,
000016.SZ,000016,20251209,93027860,1522048,0,0,S,51100,300,1522047,112230,
000016.SZ,000016,20251209,93029190,1541242,C,0, ,0,100,1294276,0,
000016.SZ,000016,20251209,93030170,1554184,C,0, ,0,200,1532458,0,
000016.SZ,000016,20251209,93030210,1555089,0,0,S,51100,1000,1555088,202106,
000016.SZ,000016,20251209,93030210,1555090,0,0,S,51100,100,1555088,232798,
000016.SZ,000016,20251209,93030210,1555091,0,0,S,51100,500,1555088,255473,
000016.SZ,000016,20251209,93030210,1555092,0,0,S,51100,400,1555088,266131,
000016.SZ,000016,20251209,93030240,1556058,0,0,B,51200,100,1492340,1556057,
000016.SZ,000016,20251209,93030240,1556059,0,0,B,51200,1900,1494205,1556057,
000016.SZ,000016,20251209,93032100,1586732,C,0, ,0,4200,1504654,0,
000016.SZ,000016,20251209,93032590,1592060,0,0,B,51200,2000,1494205,1592059,
000016.SZ,000016,20251209,93033460,1605190,C,0, ,0,2000,0,345476,
000016.SZ,000016,20251209,93033470,1605282,C,0, ,0,19200,1404160,0,
000016.SZ,000016,20251209,93033650,1608642,C,0, ,0,2000,0,96867,
000016.SZ,000016,20251209,93034140,1615061,C,0, ,0,1400,739222,0,
000016.SZ,000016,20251209,93034170,1615442,0,0,B,51200,1400,1494205,1615441,
000016.SZ,000016,20251209,93034170,1615443,0,0,B,51200,600,1495892,1615441,
000016.SZ,000016,20251209,93034230,1616694,0,0,S,51100,100,1616693,266131,
000016.SZ,000016,20251209,93034520,1621891,C,0, ,0,14900,1286709,0,
000016.SZ,000016,20251209,93035170,1631909,C,0, ,0,2000,1548203,0,
000016.SZ,000016,20251209,93036250,1647826,0,0,S,51100,200,1647825,266131,
000016.SZ,000016,20251209,93036840,1659676,0,0,S,51100,100,1659675,266131,
000016.SZ,000016,20251209,93036850,1659706,0,0,S,51100,100,1659705,266131,
000016.SZ,000016,20251209,93037480,1672186,0,0,S,51100,100,1672185,266131,
000016.SZ,000016,20251209,93037970,1679628,0,0,B,51200,200,1495892,1679627,
000016.SZ,000016,20251209,93038890,1691312,C,0, ,0,5700,676387,0,
000016.SZ,000016,20251209,93041280,1735757,0,0,S,51100,1000,1735756,266131,
000016.SZ,000016,20251209,93041980,1747434,C,0, ,0,13600,980846,0,
000016.SZ,000016,20251209,93042270,1752793,C,0, ,0,3000,0,526813,
000016.SZ,000016,20251209,93043490,1777057,0,0,B,51200,200,1495892,1777056,
000016.SZ,000016,20251209,93043490,1777058,0,0,B,51200,400,1498230,1777056,
000016.SZ,000016,20251209,93044010,1785892,0,0,S,51100,100,1785891,266131,
000016.SZ,000016,20251209,93044230,1789753,C,0, ,0,2000,776812,0,
000016.SZ,000016,20251209,93045030,1802912,0,0,S,51100,100,1802911,266131,
000016.SZ,000016,20251209,93045040,1803161,0,0,S,51100,100,1803160,266131,
000016.SZ,000016,20251209,93045150,1805246,0,0,B,51200,200,1498230,1805245,
000016.SZ,000016,20251209,93045790,1816301,C,0, ,0,200,0,1652148,
000016.SZ,000016,20251209,93045960,1818994,0,0,S,51100,700,1818993,266131,
000016.SZ,000016,20251209,93045960,1818995,0,0,S,51100,300,1818993,280172,
000016.SZ,000016,20251209,93045960,1818996,0,0,S,51100,2000,1818993,296869,
000016.SZ,000016,20251209,93045960,1818997,0,0,S,51100,300,1818993,352928,
000016.SZ,000016,20251209,93045960,1818998,0,0,S,51100,2400,1818993,405839,
000016.SZ,000016,20251209,93045960,1818999,0,0,S,51100,400,1818993,426759,
000016.SZ,000016,20251209,93045960,1819000,0,0,S,51100,400,1818993,443754,
000016.SZ,000016,20251209,93045960,1819001,0,0,S,51100,12700,1818993,513030,
000016.SZ,000016,20251209,93046080,1820958,C,0, ,0,2900,0,511246,
000016.SZ,000016,20251209,93048830,1859893,0,0,S,51100,2000,1859892,513030,
000016.SZ,000016,20251209,93049270,1866559,C,0, ,0,10700,730501,0,
000016.SZ,000016,20251209,93050510,1883014,0,0,S,51100,200,1883013,513030,
000016.SZ,000016,20251209,93051390,1894129,C,0, ,0,3700,1713841,0,
000016.SZ,000016,20251209,93054430,1935939,0,0,S,51100,100,1935938,513030,
000016.SZ,000016,20251209,93057010,1969767,0,0,S,51100,1500,1969766,513030,
000016.SZ,000016,20251209,93057460,1976147,C,0, ,0,1500,1067273,0,
000016.SZ,000016,20251209,93057790,1980968,0,0,B,51200,300,1498230,1980967,
000016.SZ,000016,20251209,93058210,1987110,0,0,B,51200,600,1498230,1987109,
000016.SZ,000016,20251209,93100120,2013576,C,0, ,0,100,1332558,0,
000016.SZ,000016,20251209,93100120,2013582,C,0, ,0,100,1332609,0,
000016.SZ,000016,20251209,93100180,2014509,C,0, ,0,15000,1829054,0,
000016.SZ,000016,20251209,93100200,2014925,C,0, ,0,100,1344232,0,
000016.SZ,000016,20251209,93101060,2031852,0,0,S,51100,1800,2031851,513030,
000016.SZ,000016,20251209,93101440,2039023,0,0,S,51100,100,2039022,513030,
000016.SZ,000016,20251209,93101490,2039859,C,0, ,0,76000,821732,0,
000016.SZ,000016,20251209,93102210,2051806,0,0,B,51200,100,1511861,2051805,
000016.SZ,000016,20251209,93102210,2051807,0,0,B,51200,1600,1520343,2051805,
000016.SZ,000016,20251209,93106220,2116295,C,0, ,0,600,1349503,0,
000016.SZ,000016,20251209,93106610,2123255,0,0,S,51100,2000,2123254,513030,
000016.SZ,000016,20251209,93108730,2158639,0,0,S,51100,100,2158638,513030,
000016.SZ,000016,20251209,93108900,2160650,C,0, ,0,1000,0,1015393,
000016.SZ,000016,20251209,93109060,2162383,0,0,B,51200,500,1520343,2162382,
000016.SZ,000016,20251209,93109340,2166954,C,0, ,0,3900,0,645556,
000016.SZ,000016,20251209,93109780,2173515,0,0,S,51100,1700,2173514,513030,
000016.SZ,000016,20251209,93109780,2173516,0,0,S,51100,400,2173514,541618,
000016.SZ,000016,20251209,93111220,2194388,0,0,S,51100,800,2194387,541618,
000016.SZ,000016,20251209,93111220,2194389,0,0,S,51100,500,2194387,663249,
000016.SZ,000016,20251209,93111220,2194390,0,0,S,51100,1800,2194387,681129,
000016.SZ,000016,20251209,93111220,2194391,0,0,S,51100,4300,2194387,766169,
000016.SZ,000016,20251209,93111220,2194392,0,0,S,51100,1000,2194387,824229,
000016.SZ,000016,20251209,93111220,2194393,0,0,S,51100,700,2194387,845609,
000016.SZ,000016,20251209,93111220,2194394,0,0,S,51100,1000,2194387,850046,
000016.SZ,000016,20251209,93111220,2194395,0,0,S,51100,4800,2194387,870321,
000016.SZ,000016,20251209,93112660,2213349,C,0, ,0,200,1063080,0,
000016.SZ,000016,20251209,93112660,2213388,C,0, ,0,900,1063457,0,
000016.SZ,000016,20251209,93112670,2213515,C,0, ,0,100,1072108,0,
000016.SZ,000016,20251209,93115580,2252198,C,0, ,0,1100,2063960,0,
000016.SZ,000016,20251209,93116130,2259813,0,0,S,51100,16700,2259812,870321,
000016.SZ,000016,20251209,93116130,2259814,0,0,S,51100,2100,2259812,886467,
000016.SZ,000016,20251209,93116130,2259815,0,0,S,51100,2000,2259812,888498,
000016.SZ,000016,20251209,93116130,2259816,0,0,S,51100,9000,2259812,901681,
000016.SZ,000016,20251209,93116130,2259817,0,0,S,51100,800,2259812,905451,
000016.SZ,000016,20251209,93116130,2259818,0,0,S,51100,1300,2259812,944463,
000016.SZ,000016,20251209,93116130,2259819,0,0,S,51100,1500,2259812,974712,
000016.SZ,000016,20251209,93116130,2259820,0,0,S,51100,5000,2259812,1038557,
000016.SZ,000016,20251209,93116130,2259821,0,0,S,51100,500,2259812,1057296,
000016.SZ,000016,20251209,93116130,2259822,0,0,S,51100,5000,2259812,1059518,
000016.SZ,000016,20251209,93116130,2259823,0,0,S,51100,3200,2259812,1096383,
000016.SZ,000016,20251209,93116130,2259824,0,0,S,51100,1000,2259812,1098354,
000016.SZ,000016,20251209,93116130,2259825,0,0,S,51100,1300,2259812,1124379,
000016.SZ,000016,20251209,93116130,2259826,0,0,S,51100,10000,2259812,1278436,
000016.SZ,000016,20251209,93116130,2259827,0,0,S,51100,200,2259812,1426137,
000016.SZ,000016,20251209,93116130,2259828,0,0,S,51100,2000,2259812,1482747,
000016.SZ,000016,20251209,93116130,2259829,0,0,S,51100,500,2259812,1486825,
000016.SZ,000016,20251209,93116130,2259830,0,0,S,51100,1000,2259812,1503419,
000016.SZ,000016,20251209,93116130,2259831,0,0,S,51100,600,2259812,1512220,
000016.SZ,000016,20251209,93116130,2259832,0,0,S,51100,900,2259812,1523454,
000016.SZ,000016,20251209,93116130,2259833,0,0,S,51100,600,2259812,1524403,
000016.SZ,000016,20251209,93116130,2259834,0,0,S,51100,300,2259812,1527690,
000016.SZ,000016,20251209,93116130,2259835,0,0,S,51100,2000,2259812,1532255,
000016.SZ,000016,20251209,93116130,2259836,0,0,S,51100,100,2259812,1558470,
000016.SZ,000016,20251209,93116130,2259837,0,0,S,51100,100,2259812,1559954,
000016.SZ,000016,20251209,93116130,2259838,0,0,S,51100,100,2259812,1563045,
000016.SZ,000016,20251209,93116130,2259839,0,0,S,51100,100,2259812,1563922,
000016.SZ,000016,20251209,93116130,2259840,0,0,S,51100,100,2259812,1564412,
000016.SZ,000016,20251209,93116130,2259841,0,0,S,51100,600,2259812,1570651,
000016.SZ,000016,20251209,93116130,2259842,0,0,S,51100,700,2259812,1574106,
000016.SZ,000016,20251209,93116130,2259843,0,0,S,51100,5400,2259812,1578425,
000016.SZ,000016,20251209,93116130,2259844,0,0,S,51100,500,2259812,1593355,
000016.SZ,000016,20251209,93116130,2259845,0,0,S,51100,400,2259812,1594267,
000016.SZ,000016,20251209,93116130,2259846,0,0,S,51100,400,2259812,1627148,
000016.SZ,000016,20251209,93116150,2260117,C,0, ,0,100,1353929,0,
000016.SZ,000016,20251209,93117000,2271655,0,0,S,51100,100,2271654,1627148,
000016.SZ,000016,20251209,93117000,2271656,0,0,S,51100,500,2271654,1627382,
000016.SZ,000016,20251209,93117000,2271657,0,0,S,51100,2000,2271654,1629377,
000016.SZ,000016,20251209,93117000,2271658,0,0,S,51100,600,2271654,1630301,
000016.SZ,000016,20251209,93117000,2271659,0,0,S,51100,600,2271654,1633485,
000016.SZ,000016,20251209,93117000,2271660,0,0,S,51100,500,2271654,1658153,
000016.SZ,000016,20251209,93117000,2271661,0,0,S,51100,500,2271654,1692135,
000016.SZ,000016,20251209,93117010,2271667,0,0,S,51100,200,2271666,1692135,
000016.SZ,000016,20251209,93117010,2271668,0,0,S,51100,300,2271666,1711976,
000016.SZ,000016,20251209,93117010,2271669,0,0,S,51100,500,2271666,1714554,
000016.SZ,000016,20251209,93117010,2271682,0,0,S,51100,100,2271681,1714554,
000016.SZ,000016,20251209,93117010,2271693,0,0,S,51100,100,2271692,1714554,
000016.SZ,000016,20251209,93117010,2271697,0,0,S,51100,100,2271696,1714554,
000016.SZ,000016,20251209,93117010,2271699,0,0,S,51100,100,2271698,1714554,
000016.SZ,000016,20251209,93117010,2271701,0,0,S,51100,100,2271700,1714554,
000016.SZ,000016,20251209,93117010,2271704,0,0,S,51100,100,2271703,1762369,
000016.SZ,000016,20251209,93117010,2271708,0,0,S,51100,100,2271707,1762369,
000016.SZ,000016,20251209,93117010,2271712,0,0,S,51100,100,2271711,1762369,
000016.SZ,000016,20251209,93117010,2271714,0,0,S,51100,100,2271713,1762369,
000016.SZ,000016,20251209,93117010,2271717,0,0,S,51100,100,2271716,1762369,
000016.SZ,000016,20251209,93117290,2275115,0,0,S,51100,2700,2275114,1762369,
000016.SZ,000016,20251209,93117300,2275226,0,0,S,51100,200,2275225,1762369,
000016.SZ,000016,20251209,93117300,2275229,0,0,S,51100,300,2275228,1762369,
000016.SZ,000016,20251209,93117300,2275233,0,0,S,51100,400,2275232,1762369,
000016.SZ,000016,20251209,93117300,2275234,0,0,S,51100,700,2275232,1775572,
000016.SZ,000016,20251209,93117300,2275239,0,0,S,51100,100,2275238,1775572,
000016.SZ,000016,20251209,93117300,2275241,0,0,S,51100,200,2275240,1775572,
000016.SZ,000016,20251209,93117300,2275244,0,0,S,51100,600,2275243,1775572,
000016.SZ,000016,20251209,93117300,2275246,0,0,S,51100,400,2275245,1775572,
000016.SZ,000016,20251209,93117300,2275247,0,0,S,51100,300,2275245,1786189,
000016.SZ,000016,20251209,93117310,2275349,0,0,S,51100,1700,2275348,1786189,
000016.SZ,000016,20251209,93117310,2275350,0,0,S,51100,600,2275348,1798219,
000016.SZ,000016,20251209,93117310,2275351,0,0,S,51100,7600,2275348,1799861,
000016.SZ,000016,20251209,93117310,2275352,0,0,S,51100,2000,2275348,1803116,
000016.SZ,000016,20251209,93117310,2275353,0,0,S,51100,1000,2275348,1803433,
000016.SZ,000016,20251209,93117310,2275354,0,0,S,51100,600,2275348,1820532,
000016.SZ,000016,20251209,93117310,2275355,0,0,S,51100,2000,2275348,1828244,
000016.SZ,000016,20251209,93117310,2275356,0,0,S,51100,1000,2275348,1835438,
000016.SZ,000016,20251209,93117310,2275357,0,0,S,51100,900,2275348,1837842,
000016.SZ,000016,20251209,93117310,2275358,0,0,S,51100,10000,2275348,1845765,
000016.SZ,000016,20251209,93117310,2275359,0,0,S,51100,3000,2275348,1874043,
000016.SZ,000016,20251209,93117310,2275360,0,0,S,51100,1000,2275348,1875006,
000016.SZ,000016,20251209,93117310,2275361,0,0,S,51100,4000,2275348,1877849,
000016.SZ,000016,20251209,93117310,2275362,0,0,S,51100,600,2275348,1883605,
000016.SZ,000016,20251209,93117310,2275363,0,0,S,51100,1200,2275348,1887013,
000016.SZ,000016,20251209,93117310,2275364,0,0,S,51100,10000,2275348,1892345,
000016.SZ,000016,20251209,93117310,2275365,0,0,S,51100,800,2275348,1892505,
000016.SZ,000016,20251209,93117310,2275366,0,0,S,51100,1000,2275348,1905367,
000016.SZ,000016,20251209,93117310,2275367,0,0,S,51100,1000,2275348,1917414,
000016.SZ,000016,20251209,93117310,2275368,0,0,S,51100,500,2275348,1932010,
000016.SZ,000016,20251209,93117310,2275369,0,0,S,51100,1700,2275348,1940816,
000016.SZ,000016,20251209,93117310,2275370,0,0,S,51100,800,2275348,1944002,
000016.SZ,000016,20251209,93117310,2275371,0,0,S,51100,600,2275348,1944077,
000016.SZ,000016,20251209,93117310,2275372,0,0,S,51100,1000,2275348,1953931,
000016.SZ,000016,20251209,93117310,2275373,0,0,S,51100,400,2275348,1956943,
000016.SZ,000016,20251209,93117310,2275374,0,0,S,51100,3000,2275348,1964502,
000016.SZ,000016,20251209,93117310,2275375,0,0,S,51100,700,2275348,1984875,
000016.SZ,000016,20251209,93117310,2275376,0,0,S,51100,500,2275348,1997616,
000016.SZ,000016,20251209,93117310,2275377,0,0,S,51100,1500,2275348,2000409,
000016.SZ,000016,20251209,93117310,2275378,0,0,S,51100,600,2275348,2005076,
000016.SZ,000016,20251209,93117310,2275379,0,0,S,51100,100,2275348,2013593,
000016.SZ,000016,20251209,93117310,2275380,0,0,S,51100,500,2275348,2013621,
000016.SZ,000016,20251209,93117310,2275381,0,0,S,51100,2000,2275348,2034662,
000016.SZ,000016,20251209,93117310,2275382,0,0,S,51100,600,2275348,2041952,
000016.SZ,000016,20251209,93117310,2275383,0,0,S,51100,1600,2275348,2045859,
000016.SZ,000016,20251209,93117310,2275384,0,0,S,51100,10000,2275348,2064756,
000016.SZ,000016,20251209,93117310,2275385,0,0,S,51100,1000,2275348,2073723,
000016.SZ,000016,20251209,93117310,2275386,0,0,S,51100,900,2275348,2081205,
000016.SZ,000016,20251209,93117310,2275387,0,0,S,51100,1800,2275348,2087211,
000016.SZ,000016,20251209,93117310,2275388,0,0,S,51100,1000,2275348,2112327,
000016.SZ,000016,20251209,93117310,2275389,0,0,S,51100,2000,2275348,2119952,
000016.SZ,000016,20251209,93117310,2275390,0,0,S,51100,1000,2275348,2124482,
000016.SZ,000016,20251209,93117310,2275391,0,0,S,51100,300,2275348,2166599,
000016.SZ,000016,20251209,93117310,2275392,0,0,S,51100,1900,2275348,2183165,
000016.SZ,000016,20251209,93117310,2275393,0,0,S,51100,1000,2275348,2200374,
000016.SZ,000016,20251209,93117310,2275394,0,0,S,51100,300,2275348,2211471,
000016.SZ,000016,20251209,93117310,2275395,0,0,S,51100,300,2275348,2230632,
000016.SZ,000016,20251209,93117310,2275396,0,0,S,51100,400,2275348,2248485,
000016.SZ,000016,20251209,93117310,2275397,0,0,S,51100,1600,2275348,2274060,
000016.SZ,000016,20251209,93117310,2275398,0,0,S,51000,200,2275348,3096,
000016.SZ,000016,20251209,93117310,2275399,0,0,S,51000,1000,2275348,9366,
000016.SZ,000016,20251209,93117310,2275400,0,0,S,51000,200,2275348,14848,
000016.SZ,000016,20251209,93117310,2275401,0,0,S,51000,1000,2275348,15810,
000016.SZ,000016,20251209,93117310,2275402,0,0,S,51000,800,2275348,18575,
000016.SZ,000016,20251209,93117310,2275403,0,0,S,51000,37700,2275348,53919,
000016.SZ,000016,20251209,93117310,2275404,0,0,S,51000,10000,2275348,84621,
000016.SZ,000016,20251209,93117310,2275405,0,0,S,51000,1000,2275348,91340,
000016.SZ,000016,20251209,93117310,2275406,0,0,S,51000,5000,2275348,119640,
000016.SZ,000016,20251209,93117310,2275407,0,0,S,51000,10000,2275348,133046,
000016.SZ,000016,20251209,93117310,2275408,0,0,S,51000,24600,2275348,149413,
000016.SZ,000016,20251209,93117370,2276143,C,0, ,0,200,1332551,0,
000016.SZ,000016,20251209,93117370,2276148,C,0, ,0,100,1332548,0,
000016.SZ,000016,20251209,93117370,2276155,C,0, ,0,200,1332556,0,
000016.SZ,000016,20251209,93117370,2276156,C,0, ,0,100,1332549,0,
000016.SZ,000016,20251209,93117370,2276160,C,0, ,0,100,1338106,0,
000016.SZ,000016,20251209,93117370,2276167,C,0, ,0,100,1379880,0,
000016.SZ,000016,20251209,93117370,2276168,C,0, ,0,100,1334671,0,
000016.SZ,000016,20251209,93117370,2276184,C,0, ,0,100,1332573,0,
000016.SZ,000016,20251209,93117380,2276296,C,0, ,0,100,1345577,0,
000016.SZ,000016,20251209,93117390,2276445,0,0,B,51100,400,2276144,2276444,
000016.SZ,000016,20251209,93117390,2276446,0,0,B,51100,400,2276149,2276444,
000016.SZ,000016,20251209,93117390,2276447,0,0,B,51100,100,2276152,2276444,
000016.SZ,000016,20251209,93117390,2276497,C,0, ,0,100,1332973,0,
000016.SZ,000016,20251209,93117390,2276498,C,0, ,0,300,1338043,0,
000016.SZ,000016,20251209,93117390,2276499,C,0, ,0,100,1334553,0,
000016.SZ,000016,20251209,93117410,2276804,C,0, ,0,500,1348315,0,
000016.SZ,000016,20251209,93117410,2276914,C,0, ,0,100,1333796,0,
000016.SZ,000016,20251209,93117430,2277012,C,0, ,0,100,1333328,0,
000016.SZ,000016,20251209,93117430,2277022,C,0, ,0,100,1333423,0,
000016.SZ,000016,20251209,93117720,2279897,0,0,B,51100,200,2276152,2279896,
000016.SZ,000016,20251209,93117720,2279898,0,0,B,51100,400,2276161,2279896,
000016.SZ,000016,20251209,93117720,2279899,0,0,B,51100,300,2276179,2279896,
000016.SZ,000016,20251209,93117720,2279900,0,0,B,51100,300,2276224,2279896,
000016.SZ,000016,20251209,93117720,2279901,0,0,B,51100,100,2276338,2279896,
000016.SZ,000016,20251209,93117720,2279902,0,0,B,51100,100,2276969,2279896,
000016.SZ,000016,20251209,93117720,2279903,0,0,B,51100,100,2276975,2279896,
000016.SZ,000016,20251209,93117720,2279904,0,0,B,51100,200,2276976,2279896,
000016.SZ,000016,20251209,93117720,2279905,0,0,B,51100,100,2276977,2279896,
000016.SZ,000016,20251209,93117720,2279906,0,0,B,51100,200,2276982,2279896,
000016.SZ,000016,20251209,93117720,2279907,0,0,B,51100,100,2276985,2279896,
000016.SZ,000016,20251209,93117720,2279908,0,0,B,51100,100,2276990,2279896,
000016.SZ,000016,20251209,93117720,2279909,0,0,B,51100,100,2276997,2279896,
000016.SZ,000016,20251209,93117720,2279910,0,0,B,51100,100,2277199,2279896,
000016.SZ,000016,20251209,93117720,2279911,0,0,B,51100,100,2277244,2279896,
000016.SZ,000016,20251209,93117720,2279912,0,0,B,51100,300,2277245,2279896,
000016.SZ,000016,20251209,93117720,2279913,0,0,B,51100,100,2279502,2279896,
000016.SZ,000016,20251209,93117720,2279914,0,0,B,51100,100,2279512,2279896,
000016.SZ,000016,20251209,93117720,2279915,0,0,B,51100,100,2279515,2279896,
000016.SZ,000016,20251209,93117720,2279916,0,0,B,51100,500,2279584,2279896,
000016.SZ,000016,20251209,93117740,2280115,0,0,S,51100,300,2280114,2279896,
000016.SZ,000016,20251209,93117850,2281240,C,0, ,0,100,1380934,0,
000016.SZ,000016,20251209,93118160,2284656,C,0, ,0,1200,1173384,0,
000016.SZ,000016,20251209,93118160,2284661,C,0, ,0,100,2200241,0,
000016.SZ,000016,20251209,93118210,2285252,C,0, ,0,100,1321101,0,
000016.SZ,000016,20251209,93118550,2290404,C,0, ,0,11200,1835640,0,
000016.SZ,000016,20251209,93118590,2291011,C,0, ,0,200,1374130,0,
000016.SZ,000016,20251209,93118770,2293389,C,0, ,0,400,1316315,0,
000016.SZ,000016,20251209,93118930,2295155,C,0, ,0,200,1328990,0,
000016.SZ,000016,20251209,93119040,2296446,0,0,B,51100,100,2280940,2296445,
000016.SZ,000016,20251209,93119040,2296447,0,0,B,51100,100,2284699,2296445,
000016.SZ,000016,20251209,93119050,2296631,C,0, ,0,100,2173731,0,
000016.SZ,000016,20251209,93119390,2301230,0,0,B,51100,100,2285547,2301229,
000016.SZ,000016,20251209,93119680,2305221,0,0,B,51100,100,2285548,2305220,
000016.SZ,000016,20251209,93119870,2307411,0,0,B,51100,200,2285548,2307410,
000016.SZ,000016,20251209,93120240,2311346,0,0,B,51100,1000,2285548,2311345,
000016.SZ,000016,20251209,93120340,2312718,0,0,B,51100,400,2285548,2312717,
000016.SZ,000016,20251209,93120340,2312719,0,0,B,51100,200,2286224,2312717,
000016.SZ,000016,20251209,93120340,2312720,0,0,B,51100,1400,2290350,2312717,
000016.SZ,000016,20251209,93120360,2312943,C,0, ,0,100,2260225,0,
000016.SZ,000016,20251209,93120610,2315492,0,0,B,51100,500,2290350,2315491,
000016.SZ,000016,20251209,93121230,2322368,C,0, ,0,500,0,2268891,
000016.SZ,000016,20251209,93121690,2329061,0,0,B,51100,1000,2290350,2329060,
000016.SZ,000016,20251209,93122520,2339599,0,0,B,51100,5000,2290350,2339598,
000016.SZ,000016,20251209,93123280,2348083,0,0,B,51100,4800,2290350,2348082,
000016.SZ,000016,20251209,93123280,2348084,0,0,B,51100,100,2290631,2348082,
000016.SZ,000016,20251209,93123280,2348085,0,0,B,51100,13500,2297363,2348082,
000016.SZ,000016,20251209,93123280,2348086,0,0,B,51100,100,2298578,2348082,
000016.SZ,000016,20251209,93123280,2348087,0,0,B,51100,200,2304147,2348082,
000016.SZ,000016,20251209,93123280,2348088,0,0,B,51100,400,2306398,2348082,
000016.SZ,000016,20251209,93123280,2348089,0,0,B,51100,200,2308023,2348082,
000016.SZ,000016,20251209,93123280,2348090,0,0,B,51100,100,2313017,2348082,
000016.SZ,000016,20251209,93123280,2348091,0,0,B,51100,1200,2323245,2348082,
000016.SZ,000016,20251209,93123280,2348092,0,0,B,51100,100,2343836,2348082,
000016.SZ,000016,20251209,93123820,2353413,C,0, ,0,1200,230235,0,
000016.SZ,000016,20251209,93124930,2366475,0,0,S,51100,100,2366474,2348082,
000016.SZ,000016,20251209,93126040,2379999,C,0, ,0,100,1554045,0,
000016.SZ,000016,20251209,93126040,2380000,C,0, ,0,400,1554042,0,
000016.SZ,000016,20251209,93126040,2380031,C,0, ,0,500,1554065,0,
000016.SZ,000016,20251209,93127270,2393842,C,0, ,0,9000,1082512,0,
000016.SZ,000016,20251209,93128810,2412482,0,0,S,51100,1200,2412481,2348082,
000016.SZ,000016,20251209,93133790,2472266,0,0,S,51100,1200,2472265,2348082,
000016.SZ,000016,20251209,93134330,2478785,C,0, ,0,100,2219279,0,
000016.SZ,000016,20251209,93134370,2479382,C,0, ,0,10300,482490,0,
000016.SZ,000016,20251209,93135320,2490135,C,0, ,0,900,449333,0,
000016.SZ,000016,20251209,93135410,2491220,C,0, ,0,10200,2285428,0,
000016.SZ,000016,20251209,93135880,2496029,C,0, ,0,2000,704507,0,
000016.SZ,000016,20251209,93136070,2498060,0,0,B,51200,100,1520343,2498059,
000016.SZ,000016,20251209,93136650,2505679,0,0,S,51100,8500,2505678,2348082,
000016.SZ,000016,20251209,93136650,2505680,0,0,S,51100,300,2505678,2359193,
000016.SZ,000016,20251209,93136650,2505681,0,0,S,51100,100,2505678,2375785,
000016.SZ,000016,20251209,93136650,2505682,0,0,S,51100,600,2505678,2375919,
000016.SZ,000016,20251209,93136650,2505683,0,0,S,51100,2500,2505678,2390524,
000016.SZ,000016,20251209,93136650,2505684,0,0,S,51100,700,2505678,2398235,
000016.SZ,000016,20251209,93136650,2505685,0,0,S,51100,100,2505678,2398953,
000016.SZ,000016,20251209,93136650,2505686,0,0,S,51100,1500,2505678,2404368,
000016.SZ,000016,20251209,93136650,2505687,0,0,S,51100,1500,2505678,2409617,
000016.SZ,000016,20251209,93136650,2505688,0,0,S,51100,1200,2505678,2463765,
000016.SZ,000016,20251209,93136650,2505689,0,0,S,51100,800,2505678,2476380,
000016.SZ,000016,20251209,93136870,2508630,0,0,B,51200,1100,1520343,2508629,
000016.SZ,000016,20251209,93136870,2508631,0,0,B,51200,900,1520605,2508629,
000016.SZ,000016,20251209,93136870,2508632,0,0,B,51200,100,1520785,2508629,
000016.SZ,000016,20251209,93136870,2508633,0,0,B,51200,900,1521083,2508629,
000016.SZ,000016,20251209,93139440,2539530,C,0, ,0,2100,0,1550170,
000016.SZ,000016,20251209,93141580,2564658,0,0,S,51100,300,2564657,2476380,
000016.SZ,000016,20251209,93141580,2564659,0,0,S,51100,600,2564657,2486247,
000016.SZ,000016,20251209,93141820,2567294,C,0, ,0,400,0,921682,
000016.SZ,000016,20251209,93142210,2571446,0,0,B,51200,200,1521083,2571445,
000016.SZ,000016,20251209,93142210,2571447,0,0,B,51200,900,1523575,2571445,
000016.SZ,000016,20251209,93142210,2571448,0,0,B,51200,500,1527880,2571445,
000016.SZ,000016,20251209,93142210,2571449,0,0,B,51200,700,1532958,2571445,
000016.SZ,000016,20251209,93142210,2571450,0,0,B,51200,800,1548890,2571445,
000016.SZ,000016,20251209,93142210,2571451,0,0,B,51200,100,1553973,2571445,
000016.SZ,000016,20251209,93142210,2571452,0,0,B,51200,100,1554026,2571445,
000016.SZ,000016,20251209,93142210,2571453,0,0,B,51200,100,1554049,2571445,
000016.SZ,000016,20251209,93142210,2571454,0,0,B,51200,100,1554052,2571445,
000016.SZ,000016,20251209,93142210,2571455,0,0,B,51200,100,1554062,2571445,
000016.SZ,000016,20251209,93142210,2571456,0,0,B,51200,100,1554114,2571445,
000016.SZ,000016,20251209,93142210,2571457,0,0,B,51200,600,1554210,2571445,
000016.SZ,000016,20251209,93142210,2571458,0,0,B,51200,200,1554213,2571445,
000016.SZ,000016,20251209,93142210,2571459,0,0,B,51200,1600,1566072,2571445,
000016.SZ,000016,20251209,93142210,2571460,0,0,B,51200,1200,1566286,2571445,
000016.SZ,000016,20251209,93142210,2571461,0,0,B,51200,800,1566422,2571445,
000016.SZ,000016,20251209,93142210,2571462,0,0,B,51200,1000,1567377,2571445,
000016.SZ,000016,20251209,93142210,2571463,0,0,B,51200,100,1567396,2571445,
000016.SZ,000016,20251209,93142210,2571464,0,0,B,51200,5200,1581195,2571445,
000016.SZ,000016,20251209,93142210,2571465,0,0,B,51200,800,1593775,2571445,
000016.SZ,000016,20251209,93142210,2571466,0,0,B,51200,800,1610248,2571445,
000016.SZ,000016,20251209,93142210,2571467,0,0,B,51200,800,1610502,2571445,
000016.SZ,000016,20251209,93142210,2571468,0,0,B,51200,1000,1611237,2571445,
000016.SZ,000016,20251209,93142210,2571469,0,0,B,51200,800,1612912,2571445,
000016.SZ,000016,20251209,93142210,2571470,0,0,B,51200,1200,1747238,2571445,
000016.SZ,000016,20251209,93142210,2571471,0,0,B,51200,2000,1773237,2571445,
000016.SZ,000016,20251209,93142210,2571472,0,0,B,51200,1000,1775605,2571445,
000016.SZ,000016,20251209,93142210,2571473,0,0,B,51200,7200,1921967,2571445,
000016.SZ,000016,20251209,93142740,2578953,C,0, ,0,26900,2555402,0,
000016.SZ,000016,20251209,93143010,2581927,0,0,S,51100,400,2581926,2486247,
000016.SZ,000016,20251209,93143010,2581928,0,0,S,51100,500,2581926,2499100,
000016.SZ,000016,20251209,93144010,2595374,C,0, ,0,500,0,363623,
000016.SZ,000016,20251209,93145220,2608429,C,0, ,0,2000,175269,0,
000016.SZ,000016,20251209,93145590,2613512,0,0,S,51100,100,2613511,2499100,
000016.SZ,000016,20251209,93146140,2620082,C,0, ,0,1300,0,718160,
000016.SZ,000016,20251209,93146260,2621967,0,0,S,51100,900,2621966,2499100,
000016.SZ,000016,20251209,93146260,2621968,0,0,S,51100,1000,2621966,2511843,
000016.SZ,000016,20251209,93146260,2621969,0,0,S,51100,900,2621966,2512782,
000016.SZ,000016,20251209,93146550,2626555,C,0, ,0,400,1589925,0,
000016.SZ,000016,20251209,93146700,2628404,C,0, ,0,2000,880895,0,
000016.SZ,000016,20251209,93148740,2650515,C,0, ,0,5000,0,2554054,
000016.SZ,000016,20251209,93149540,2659731,C,0, ,0,10400,0,388209,
000016.SZ,000016,20251209,93151370,2680069,C,0, ,0,400,0,2122588,
000016.SZ,000016,20251209,93151660,2683767,C,0, ,0,100,869259,0,
000016.SZ,000016,20251209,93151730,2684694,0,0,S,51100,100,2684693,2512782,
000016.SZ,000016,20251209,93151730,2684695,0,0,S,51100,400,2684693,2517844,
000016.SZ,000016,20251209,93152620,2696004,0,0,S,51100,100,2696003,2517844,
000016.SZ,000016,20251209,93152620,2696005,0,0,S,51100,100,2696003,2522698,
000016.SZ,000016,20251209,93152650,2696302,0,0,B,51200,2000,1921967,2696301,
000016.SZ,000016,20251209,93152840,2698677,0,0,B,51200,3800,1921967,2698676,
000016.SZ,000016,20251209,93153820,2708559,C,0, ,0,1000,0,2597551,
000016.SZ,000016,20251209,93154260,2713417,0,0,S,51100,300,2713416,2522698,
000016.SZ,000016,20251209,93154520,2716411,0,0,B,51200,400,1921967,2716410,
000016.SZ,000016,20251209,93154630,2717669,0,0,B,51200,200,1921967,2717668,
000016.SZ,000016,20251209,93154630,2717670,0,0,B,51200,400,1966969,2717668,
000016.SZ,000016,20251209,93154630,2717671,0,0,B,51200,400,2000173,2717668,
000016.SZ,000016,20251209,93154800,2719853,0,0,B,51200,1500,2000174,2719852,
000016.SZ,000016,20251209,93154800,2719854,0,0,B,51200,100,2030902,2719852,
000016.SZ,000016,20251209,93154800,2719855,0,0,B,51200,100,2030931,2719852,
000016.SZ,000016,20251209,93154800,2719856,0,0,B,51200,100,2032325,2719852,
000016.SZ,000016,20251209,93154800,2719857,0,0,B,51200,600,2065431,2719852,
000016.SZ,000016,20251209,93154800,2719858,0,0,B,51200,1600,2096556,2719852,
000016.SZ,000016,20251209,93157030,2745848,C,0, ,0,500,0,1986218,
000016.SZ,000016,20251209,93157090,2746576,0,0,B,51200,600,2096556,2746575,
000016.SZ,000016,20251209,93157090,2746577,0,0,B,51200,2000,2157187,2746575,
000016.SZ,000016,20251209,93157100,2746668,0,0,S,51100,600,2746667,2522698,
000016.SZ,000016,20251209,93157150,2747283,C,0, ,0,400,701439,0,
000016.SZ,000016,20251209,93157790,2756624,C,0, ,0,1200,0,1010523,
000016.SZ,000016,20251209,93159040,2770336,C,0, ,0,200,2466844,0,
000016.SZ,000016,20251209,93159360,2773628,0,0,S,51100,1000,2773627,2522698,
000016.SZ,000016,20251209,93159540,2775328,0,0,B,51200,1500,2157187,2775327,
000016.SZ,000016,20251209,93159980,2779456,C,0, ,0,200,0,349768,
000016.SZ,000016,20251209,93200610,2790031,0,0,S,51100,800,2790030,2522698,
000016.SZ,000016,20251209,93200610,2790032,0,0,S,51100,1200,2790030,2524055,
000016.SZ,000016,20251209,93201310,2799400,0,0,S,51100,500,2799399,2524055,
000016.SZ,000016,20251209,93202450,2813380,C,0, ,0,29100,706787,0,
000016.SZ,000016,20251209,93203290,2822292,0,0,S,51100,300,2822291,2524055,
000016.SZ,000016,20251209,93203290,2822293,0,0,S,51100,100,2822291,2524342,
000016.SZ,000016,20251209,93203290,2822294,0,0,S,51100,700,2822291,2532416,
000016.SZ,000016,20251209,93203290,2822295,0,0,S,51100,700,2822291,2544564,
000016.SZ,000016,20251209,93207570,2873481,0,0,B,51200,2500,2157187,2873480,
000016.SZ,000016,20251209,93207570,2873482,0,0,B,51200,200,2214314,2873480,
000016.SZ,000016,20251209,93207570,2873483,0,0,B,51200,900,2214472,2873480,
000016.SZ,000016,20251209,93207570,2873484,0,0,B,51200,100,2215387,2873480,
000016.SZ,000016,20251209,93207570,2873485,0,0,B,51200,800,2239845,2873480,
000016.SZ,000016,20251209,93207570,2873486,0,0,B,51200,500,2249950,2873480,
000016.SZ,000016,20251209,93207680,2874830,0,0,S,51100,400,2874829,2544564,
000016.SZ,000016,20251209,93207680,2874831,0,0,S,51100,400,2874829,2545411,
000016.SZ,000016,20251209,93207680,2874832,0,0,S,51100,200,2874829,2546484,
000016.SZ,000016,20251209,93207710,2875325,0,0,B,51200,500,2249950,2875324,
000016.SZ,000016,20251209,93207710,2875326,0,0,B,51200,200,2268955,2875324,
000016.SZ,000016,20251209,93207710,2875327,C,0, ,0,1000,0,2758812,
000016.SZ,000016,20251209,93208290,2881808,C,0, ,0,600,0,287017,
000016.SZ,000016,20251209,93210710,2907972,0,0,S,51100,700,2907971,2546484,
000016.SZ,000016,20251209,93210710,2907973,0,0,S,51100,600,2907971,2556659,
000016.SZ,000016,20251209,93211850,2918779,C,0, ,0,12100,91870,0,
000016.SZ,000016,20251209,93211980,2919811,C,0, ,0,3300,0,2680096,
000016.SZ,000016,20251209,93214390,2953205,0,0,S,51100,3400,2953204,2556659,
000016.SZ,000016,20251209,93214390,2953206,0,0,S,51100,1000,2953204,2579707,
000016.SZ,000016,20251209,93214390,2953207,0,0,S,51100,2000,2953204,2597198,
000016.SZ,000016,20251209,93214390,2953208,0,0,S,51100,500,2953204,2610732,
000016.SZ,000016,20251209,93214390,2953209,0,0,S,51100,1000,2953204,2616151,
000016.SZ,000016,20251209,93214390,2953210,0,0,S,51100,600,2953204,2637307,
000016.SZ,000016,20251209,93214570,2955945,C,0, ,0,10200,2565934,0,
000016.SZ,000016,20251209,93216050,2974781,C,0, ,0,800,2890298,0,
000016.SZ,000016,20251209,93216120,2975705,0,0,S,51100,300,2975704,2637307,
000016.SZ,000016,20251209,93216190,2976577,0,0,S,51100,100,2976576,2637307,
000016.SZ,000016,20251209,93216190,2976578,0,0,S,51100,2000,2976576,2639758,
000016.SZ,000016,20251209,93216190,2976579,0,0,S,51100,1500,2976576,2640346,
000016.SZ,000016,20251209,93216190,2976580,0,0,S,51100,1300,2976576,2659119,
000016.SZ,000016,20251209,93216220,2976987,0,0,B,51200,100,2274128,2976986,
000016.SZ,000016,20251209,93216220,2976988,0,0,B,51200,100,2348342,2976986,
000016.SZ,000016,20251209,93216220,2976989,0,0,B,51200,300,2434538,2976986,
000016.SZ,000016,20251209,93217600,2993744,0,0,B,51200,400,2434538,2993743,
000016.SZ,000016,20251209,93217600,2993745,0,0,B,51200,600,2573084,2993743,
000016.SZ,000016,20251209,93217600,2993746,0,0,B,51200,1100,2594675,2993743,
000016.SZ,000016,20251209,93217600,2993747,0,0,B,51200,200,2609491,2993743,
000016.SZ,000016,20251209,93217600,2993748,0,0,B,51200,200,2609509,2993743,
000016.SZ,000016,20251209,93217600,2993749,0,0,B,51200,4200,2657580,2993743,
000016.SZ,000016,20251209,93217600,2993750,0,0,B,51200,200,2665964,2993743,
000016.SZ,000016,20251209,93217600,2993751,0,0,B,51200,100,2744002,2993743,
000016.SZ,000016,20251209,93217600,2993752,0,0,B,51200,600,2749171,2993743,
000016.SZ,000016,20251209,93217600,2993753,0,0,B,51200,3200,2801807,2993743,
000016.SZ,000016,20251209,93217600,2993754,0,0,B,51200,100,2831623,2993743,
000016.SZ,000016,20251209,93217600,2993755,0,0,B,51200,200,2838696,2993743,
000016.SZ,000016,20251209,93217600,2993756,0,0,B,51200,100,2839693,2993743,
000016.SZ,000016,20251209,93217600,2993757,0,0,B,51200,5100,2859052,2993743,
000016.SZ,000016,20251209,93219700,3019834,0,0,B,51200,2500,2859052,3019833,
000016.SZ,000016,20251209,93219700,3019835,0,0,B,51200,5000,2868683,3019833,
000016.SZ,000016,20251209,93219700,3019836,0,0,B,51200,1100,2940201,3019833,
000016.SZ,000016,20251209,93219700,3019837,0,0,B,51200,100,2941124,3019833,
000016.SZ,000016,20251209,93219700,3019838,0,0,B,51200,100,2941391,3019833,
000016.SZ,000016,20251209,93219700,3019839,0,0,B,51200,100,2966054,3019833,
000016.SZ,000016,20251209,93219700,3019840,0,0,B,51200,100,2969590,3019833,
000016.SZ,000016,20251209,93219700,3019841,0,0,B,51200,1000,2970583,3019833,
000016.SZ,000016,20251209,93220040,3022782,0,0,S,51100,1500,3022781,2659119,
000016.SZ,000016,20251209,93221680,3038831,0,0,B,51200,1000,2970583,3038830,
000016.SZ,000016,20251209,93221740,3039704,C,0, ,0,10900,1292032,0,
000016.SZ,000016,20251209,93222130,3043345,0,0,B,51200,1000,2970583,3043344,
000016.SZ,000016,20251209,93222130,3043346,0,0,B,51200,100,3033937,3043344,
000016.SZ,000016,20251209,93222130,3043347,0,0,B,51200,100,3043268,3043344,
000016.SZ,000016,20251209,93222700,3049531,C,0, ,0,5800,0,171109,
000016.SZ,000016,20251209,93222800,3050592,C,0, ,0,100,0,1047554,
000016.SZ,000016,20251209,93223730,3058627,0,0,S,51100,1000,3058626,2659119,
000016.SZ,000016,20251209,93223960,3060655,0,0,S,51100,1400,3060654,2659119,
000016.SZ,000016,20251209,93223960,3060656,0,0,S,51100,2100,3060654,2660906,
000016.SZ,000016,20251209,93223960,3060657,0,0,S,51100,1000,3060654,2661610,
000016.SZ,000016,20251209,93223960,3060658,0,0,S,51100,1200,3060654,2670424,
000016.SZ,000016,20251209,93223960,3060659,0,0,S,51100,1600,3060654,2670686,
000016.SZ,000016,20251209,93224230,3063227,0,0,B,51200,100,3043570,3063226,
000016.SZ,000016,20251209,93224230,3063228,0,0,B,51300,400,1303154,3063226,
000016.SZ,000016,20251209,93224230,3063239,C,0, ,0,500,0,3033816,
000016.SZ,000016,20251209,93224290,3063812,0,0,S,51200,200,3063811,3063729,
000016.SZ,000016,20251209,93224310,3064063,0,0,B,51200,100,3063813,3064062,
000016.SZ,000016,20251209,93224310,3064064,0,0,B,51200,200,3063814,3064062,
000016.SZ,000016,20251209,93224310,3064065,0,0,B,51200,100,3063815,3064062,
000016.SZ,000016,20251209,93224310,3064066,0,0,B,51200,100,3063818,3064062,
000016.SZ,000016,20251209,93224310,3064067,0,0,B,51200,100,3063819,3064062,
000016.SZ,000016,20251209,93224310,3064068,0,0,B,51200,100,3063829,3064062,
000016.SZ,000016,20251209,93224590,3067026,0,0,B,51200,100,3063829,3067025,
000016.SZ,000016,20251209,93224750,3068769,C,0, ,0,1000,0,2873158,
000016.SZ,000016,20251209,93224800,3069327,0,0,S,51200,700,3069326,3067025,
000016.SZ,000016,20251209,93225010,3071234,0,0,S,51200,3900,3071233,3067025,
000016.SZ,000016,20251209,93225010,3071249,0,0,S,51200,800,3071248,3067025,
000016.SZ,000016,20251209,93226300,3083883,0,0,S,51200,700,3083882,3067025,
000016.SZ,000016,20251209,93227750,3097166,C,0, ,0,200,0,954369,
000016.SZ,000016,20251209,93228940,3108604,C,0, ,0,20000,0,2919558,
000016.SZ,000016,20251209,93231170,3129043,0,0,S,51200,100,3129042,3067025,
000016.SZ,000016,20251209,93231220,3129630,0,0,S,51200,2700,3129629,3067025,
000016.SZ,000016,20251209,93231220,3129631,0,0,S,51200,100,3129629,3067277,
000016.SZ,000016,20251209,93231220,3129632,0,0,S,51200,100,3129629,3067497,
000016.SZ,000016,20251209,93231230,3129760,0,0,S,51200,100,3129759,3076059,
000016.SZ,000016,20251209,93231230,3129761,0,0,S,51200,100,3129759,3091421,
000016.SZ,000016,20251209,93231230,3129762,0,0,S,51100,4400,3129759,2670686,
000016.SZ,000016,20251209,93231230,3129763,0,0,S,51100,4700,3129759,2678321,
000016.SZ,000016,20251209,93231230,3129764,0,0,S,51100,900,3129759,2686001,
000016.SZ,000016,20251209,93232250,3140642,0,0,S,51200,700,3140641,3131424,
000016.SZ,000016,20251209,93232250,3140643,0,0,S,51100,2700,3140641,2686001,
000016.SZ,000016,20251209,93233110,3148121,0,0,B,51200,200,3140754,3148120,
000016.SZ,000016,20251209,93233110,3148122,0,0,B,51200,300,3140778,3148120,
000016.SZ,000016,20251209,93233110,3148123,0,0,B,51200,19500,3146736,3148120,
000016.SZ,000016,20251209,93233550,3152932,0,0,B,51200,500,3146736,3152931,
000016.SZ,000016,20251209,93233550,3152933,0,0,B,51200,100,3151860,3152931,
000016.SZ,000016,20251209,93234010,3157085,0,0,S,51200,100,3157084,3152931,
000016.SZ,000016,20251209,93234010,3157089,0,0,S,51200,100,3157088,3152931,
000016.SZ,000016,20251209,93234010,3157095,0,0,S,51200,100,3157094,3152931,
000016.SZ,000016,20251209,93234010,3157099,0,0,S,51200,100,3157098,3152931,
000016.SZ,000016,20251209,93234040,3157343,0,0,S,51200,100,3157342,3152931,
000016.SZ,000016,20251209,93234290,3159728,0,0,B,51300,300,1303154,3159727,
000016.SZ,000016,20251209,93235600,3172367,0,0,S,51200,900,3172366,3152931,
000016.SZ,000016,20251209,93235600,3172368,0,0,S,51200,1000,3172366,3160030,
000016.SZ,000016,20251209,93236970,3184615,C,0, ,0,100,0,674653,
000016.SZ,000016,20251209,93238250,3197683,C,0, ,0,300,0,2738622,
000016.SZ,000016,20251209,93238260,3197772,C,0, ,0,800,0,2738615,
000016.SZ,000016,20251209,93240350,3218225,0,0,B,51200,2400,3172366,3218224,
000016.SZ,000016,20251209,93240360,3218414,C,0, ,0,300,0,3032991,
000016.SZ,000016,20251209,93243220,3245869,C,0, ,0,600,0,3149572,
000016.SZ,000016,20251209,93244040,3253295,0,0,B,51200,2400,3172366,3253294,
000016.SZ,000016,20251209,93244230,3255058,C,0, ,0,100,2701894,0,
000016.SZ,000016,20251209,93244230,3255059,C,0, ,0,400,1966975,0,
000016.SZ,000016,20251209,93244230,3255060,C,0, ,0,400,1966977,0,
000016.SZ,000016,20251209,93244230,3255062,0,0,B,51200,2100,3172366,3255061,
000016.SZ,000016,20251209,93244620,3258788,0,0,B,51200,1600,3172366,3258787,
000016.SZ,000016,20251209,93244620,3258789,0,0,B,51200,5600,3182733,3258787,
000016.SZ,000016,20251209,93244620,3258790,0,0,B,51200,1700,3182898,3258787,
000016.SZ,000016,20251209,93247610,3285969,C,0, ,0,4000,0,2670974,
000016.SZ,000016,20251209,93249420,3303963,C,0, ,0,100,0,3274859,
000016.SZ,000016,20251209,93249550,3305175,C,0, ,0,10000,0,335586,
000016.SZ,000016,20251209,93251300,3320326,0,0,B,51200,700,3182898,3320325,
000016.SZ,000016,20251209,93251300,3320327,0,0,B,51200,3000,3183288,3320325,
000016.SZ,000016,20251209,93251300,3320328,0,0,B,51200,500,3212114,3320325,
000016.SZ,000016,20251209,93252530,3332911,C,0, ,0,2000,0,2918318,
000016.SZ,000016,20251209,93253300,3339365,C,0, ,0,500,0,2833234,
000016.SZ,000016,20251209,93253550,3341386,0,0,S,51100,100,3341385,2686001,
000016.SZ,000016,20251209,93253970,3344952,C,0, ,0,4100,380244,0,
000016.SZ,000016,20251209,93254880,3353924,C,0, ,0,2000,0,102816,
000016.SZ,000016,20251209,93255970,3364104,C,0, ,0,1100,0,1137055,
000016.SZ,000016,20251209,93256170,3365862,0,0,S,51100,3000,3365861,2686001,
000016.SZ,000016,20251209,93256210,3366258,0,0,S,51100,700,3366257,2686001,
000016.SZ,000016,20251209,93256210,3366259,0,0,S,51100,1100,3366257,2687410,
000016.SZ,000016,20251209,93256900,3372011,C,0, ,0,200,0,2683743,
000016.SZ,000016,20251209,93257090,3373703,0,0,B,51200,1100,3212114,3373702,
000016.SZ,000016,20251209,93257090,3373704,0,0,B,51200,1300,3212433,3373702,
000016.SZ,000016,20251209,93257410,3376429,0,0,S,51100,900,3376428,2687410,
000016.SZ,000016,20251209,93257410,3376430,0,0,S,51100,500,3376428,2695184,
000016.SZ,000016,20251209,93257410,3376431,0,0,S,51100,500,3376428,2715703,
000016.SZ,000016,20251209,93258790,3389218,C,0, ,0,13600,1757280,0,
000016.SZ,000016,20251209,93258880,3390118,0,0,S,51100,100,3390117,2715703,
000016.SZ,000016,20251209,93300150,3401270,0,0,B,51200,100,3212433,3401269,
000016.SZ,000016,20251209,93300880,3410272,0,0,B,51200,200,3212433,3410271,
000016.SZ,000016,20251209,93300880,3410273,0,0,B,51200,1000,3212954,3410271,
000016.SZ,000016,20251209,93300880,3410274,0,0,B,51200,200,3222437,3410271,
000016.SZ,000016,20251209,93301260,3414592,0,0,S,51100,300,3414591,2715703,
000016.SZ,000016,20251209,93301570,3417828,0,0,S,51100,2100,3417827,2715703,
000016.SZ,000016,20251209,93302510,3426565,0,0,B,51200,600,3222437,3426564,
000016.SZ,000016,20251209,93302510,3426566,0,0,B,51200,1300,3223811,3426564,
000016.SZ,000016,20251209,93302510,3426567,0,0,B,51200,100,3238165,3426564,
000016.SZ,000016,20251209,93302510,3426568,0,0,B,51200,1000,3239535,3426564,
000016.SZ,000016,20251209,93302510,3426569,0,0,B,51200,1600,3241774,3426564,
000016.SZ,000016,20251209,93302510,3426570,0,0,B,51200,800,3247174,3426564,
000016.SZ,000016,20251209,93302510,3426571,0,0,B,51200,600,3247327,3426564,
000016.SZ,000016,20251209,93304840,3449755,0,0,B,51200,200,3247327,3449754,
000016.SZ,000016,20251209,93304840,3449756,0,0,B,51200,100,3268316,3449754,
000016.SZ,000016,20251209,93304840,3449791,0,0,B,51200,500,3268316,3449790,
000016.SZ,000016,20251209,93305080,3451730,0,0,B,51200,100,3268316,3451729,
000016.SZ,000016,20251209,93305080,3451731,0,0,B,51200,400,3288791,3451729,
000016.SZ,000016,20251209,93308090,3482039,0,0,B,51200,2000,3288791,3482038,
000016.SZ,000016,20251209,93308100,3482077,0,0,B,51200,1500,3288791,3482076,
000016.SZ,000016,20251209,93308100,3482078,0,0,B,51200,1700,3337320,3482076,
000016.SZ,000016,20251209,93308480,3485473,0,0,B,51200,300,3337320,3485472,
000016.SZ,000016,20251209,93308480,3485474,0,0,B,51200,200,3386258,3485472,
000016.SZ,000016,20251209,93309520,3495425,0,0,B,51200,100,3386258,3495424,
000016.SZ,000016,20251209,93310460,3505341,C,0, ,0,900,0,376990,
000016.SZ,000016,20251209,93311590,3516339,C,0, ,0,1000,0,407829,
000016.SZ,000016,20251209,93313090,3532314,0,0,B,51200,100,3402026,3532313,
000016.SZ,000016,20251209,93313090,3532315,0,0,B,51200,2600,3452427,3532313,
000016.SZ,000016,20251209,93313280,3534342,C,0, ,0,3500,0,3255066,
000016.SZ,000016,20251209,93314020,3542039,0,0,B,51200,100,3452427,3542038,
000016.SZ,000016,20251209,93314020,3542040,0,0,B,51200,800,3530017,3542038,
000016.SZ,000016,20251209,93314030,3542142,0,0,S,51200,600,3542141,3542038,
000016.SZ,000016,20251209,93314120,3542987,C,0, ,0,3000,0,3532317,
000016.SZ,000016,20251209,93315120,3551536,0,0,B,51200,100,3551282,3551535,
000016.SZ,000016,20251209,93316090,3561777,C,0, ,0,2100,0,110962,
000016.SZ,000016,20251209,93317030,3570924,0,0,S,51200,3100,3570923,3570790,
000016.SZ,000016,20251209,93317030,3570969,0,0,S,51200,100,3570968,3570790,
000016.SZ,000016,20251209,93317920,3578352,C,0, ,0,2500,0,350943,
000016.SZ,000016,20251209,93317930,3578497,0,0,B,51300,300,1303154,3578496,
000016.SZ,000016,20251209,93317930,3578498,0,0,B,51300,200,1303270,3578496,
000016.SZ,000016,20251209,93317930,3578499,0,0,B,51300,100,1303273,3578496,
000016.SZ,000016,20251209,93319090,3589680,0,0,S,51200,1000,3589679,3570790,
000016.SZ,000016,20251209,93319540,3594578,C,0, ,0,2900,911774,0,
000016.SZ,000016,20251209,93320960,3606728,0,0,B,51300,100,1303273,3606727,
000016.SZ,000016,20251209,93320960,3606729,0,0,B,51300,100,1303274,3606727,
000016.SZ,000016,20251209,93323870,3633019,0,0,B,51300,200,1303274,3633018,
000016.SZ,000016,20251209,93323870,3633020,0,0,B,51300,100,1303277,3633018,
000016.SZ,000016,20251209,93323870,3633021,0,0,B,51300,100,1303281,3633018,
000016.SZ,000016,20251209,93323870,3633022,0,0,B,51300,100,1303282,3633018,
000016.SZ,000016,20251209,93324370,3637383,C,0, ,0,3000,0,3590400,
000016.SZ,000016,20251209,93325330,3646293,0,0,S,51200,100,3646292,3570790,
000016.SZ,000016,20251209,93325640,3649294,C,0, ,0,9800,0,1084312,
000016.SZ,000016,20251209,93326370,3654722,0,0,S,51200,700,3654721,3570790,
000016.SZ,000016,20251209,93326370,3654723,0,0,S,51200,2000,3654721,3580309,
000016.SZ,000016,20251209,93326370,3654724,0,0,S,51200,300,3654721,3610160,
000016.SZ,000016,20251209,93326860,3658530,C,0, ,0,2000,0,2721567,
000016.SZ,000016,20251209,93327690,3665761,0,0,S,51200,100,3665760,3610160,
000016.SZ,000016,20251209,93328120,3669323,C,0, ,0,20000,1010369,0,
000016.SZ,000016,20251209,93329090,3677623,C,0, ,0,800,0,2068498,
000016.SZ,000016,20251209,93330350,3687816,C,0, ,0,1800,0,2566892,
000016.SZ,000016,20251209,93331780,3700150,C,0, ,0,1100,0,3477537,
000016.SZ,000016,20251209,93332610,3706768,C,0, ,0,200,0,1888162,
000016.SZ,000016,20251209,93337920,3753367,C,0, ,0,1000,0,994092,
000016.SZ,000016,20251209,93339300,3764232,C,0, ,0,3500,680480,0,
000016.SZ,000016,20251209,93340110,3771631,C,0, ,0,900,0,3632183,
000016.SZ,000016,20251209,93341740,3787927,C,0, ,0,2300,0,3638693,
000016.SZ,000016,20251209,93341980,3790000,0,0,B,51300,1000,1304488,3789999,
000016.SZ,000016,20251209,93342180,3791967,C,0, ,0,2000,0,2846044,
000016.SZ,000016,20251209,93342270,3792955,0,0,S,51200,500,3792954,3628931,
000016.SZ,000016,20251209,93343010,3799952,0,0,S,51200,900,3799951,3628931,
000016.SZ,000016,20251209,93343010,3799953,0,0,S,51200,5000,3799951,3629020,
000016.SZ,000016,20251209,93343030,3800173,0,0,B,51300,1000,1320146,3800172,
000016.SZ,000016,20251209,93344120,3811138,0,0,S,51200,1000,3811137,3640041,
000016.SZ,000016,20251209,93344380,3813655,C,0, ,0,100,1320146,0,
000016.SZ,000016,20251209,93346500,3833490,C,0, ,0,4700,0,1020627,
000016.SZ,000016,20251209,93346760,3835987,C,0, ,0,4400,0,3247946,
000016.SZ,000016,20251209,93347010,3837981,C,0, ,0,3800,0,366441,
000016.SZ,000016,20251209,93347400,3841247,C,0, ,0,7100,0,3758139,
000016.SZ,000016,20251209,93350880,3872057,C,0, ,0,6000,0,3233351,
000016.SZ,000016,20251209,93351430,3876547,C,0, ,0,1000,0,2974613,
000016.SZ,000016,20251209,93351500,3877373,0,0,S,51200,100,3877372,3640041,
000016.SZ,000016,20251209,93351500,3877374,0,0,S,51200,100,3877372,3656620,
000016.SZ,000016,20251209,93351570,3877995,C,0, ,0,10500,0,3673570,
000016.SZ,000016,20251209,93353080,3891514,0,0,S,51200,200,3891513,3656620,
000016.SZ,000016,20251209,93353080,3891515,0,0,S,51200,2600,3891513,3689620,
000016.SZ,000016,20251209,93353090,3891545,0,0,S,51200,2400,3891544,3689620,
000016.SZ,000016,20251209,93353090,3891546,0,0,S,51200,1600,3891544,3690531,
000016.SZ,000016,20251209,93353090,3891547,0,0,S,51200,100,3891544,3705626,
000016.SZ,000016,20251209,93353090,3891548,0,0,S,51200,1800,3891544,3711407,
000016.SZ,000016,20251209,93353090,3891549,0,0,S,51200,1000,3891544,3720356,
000016.SZ,000016,20251209,93353090,3891550,0,0,S,51200,4000,3891544,3724430,
000016.SZ,000016,20251209,93353090,3891551,0,0,S,51200,2000,3891544,3724693,
000016.SZ,000016,20251209,93353090,3891552,0,0,S,51200,500,3891544,3738867,
000016.SZ,000016,20251209,93353090,3891553,0,0,S,51200,3300,3891544,3738874,
000016.SZ,000016,20251209,93353240,3892795,C,0, ,0,1500,0,3368598,
000016.SZ,000016,20251209,93353930,3897892,0,0,B,51300,3900,1332586,3897891,
000016.SZ,000016,20251209,93353930,3897893,0,0,B,51300,100,1346805,3897891,
000016.SZ,000016,20251209,93353930,3897894,0,0,B,51300,100,1373324,3897891,
000016.SZ,000016,20251209,93353930,3897895,0,0,B,51300,100,1373723,3897891,
000016.SZ,000016,20251209,93353930,3897896,0,0,B,51300,100,1379516,3897891,
000016.SZ,000016,20251209,93353930,3897897,0,0,B,51300,1300,1379966,3897891,
000016.SZ,000016,20251209,93353930,3897898,0,0,B,51300,400,1383574,3897891,
000016.SZ,000016,20251209,93353930,3897899,0,0,B,51300,1200,1383634,3897891,
000016.SZ,000016,20251209,93353930,3897900,0,0,B,51300,1200,1383707,3897891,
000016.SZ,000016,20251209,93353930,3897901,0,0,B,51300,300,1469061,3897891,
000016.SZ,000016,20251209,93353930,3897902,0,0,B,51300,10000,1602391,3897891,
000016.SZ,000016,20251209,93353930,3897903,0,0,B,51300,100,3069459,3897891,
000016.SZ,000016,20251209,93353930,3897904,0,0,B,51300,100,3069461,3897891,
000016.SZ,000016,20251209,93353930,3897905,0,0,B,51300,100,3069464,3897891,
000016.SZ,000016,20251209,93353930,3897906,0,0,B,51300,800,3071376,3897891,
000016.SZ,000016,20251209,93353930,3897907,0,0,B,51300,100,3129196,3897891,
000016.SZ,000016,20251209,93353930,3897908,0,0,B,51300,200,3140728,3897891,
000016.SZ,000016,20251209,93353930,3897909,0,0,B,51300,900,3140747,3897891,
000016.SZ,000016,20251209,93353930,3897910,0,0,B,51300,800,3140751,3897891,
000016.SZ,000016,20251209,93353930,3897911,0,0,B,51300,1100,3140773,3897891,
000016.SZ,000016,20251209,93353930,3897912,0,0,B,51300,700,3140777,3897891,
000016.SZ,000016,20251209,93353930,3897913,0,0,B,51300,900,3140797,3897891,
000016.SZ,000016,20251209,93353930,3897914,0,0,B,51300,100,3159011,3897891,
000016.SZ,000016,20251209,93353930,3897915,0,0,B,51300,5000,3175147,3897891,
000016.SZ,000016,20251209,93353930,3897916,0,0,B,51300,100,3542774,3897891,
000016.SZ,000016,20251209,93353930,3897917,0,0,B,51300,100,3551810,3897891,
000016.SZ,000016,20251209,93353930,3897918,0,0,B,51300,100,3606788,3897891,
000016.SZ,000016,20251209,93353930,3897919,0,0,B,51300,100,3704787,3897891,
000016.SZ,000016,20251209,93353930,3897920,0,0,B,51300,1500,3820400,3897891,
000016.SZ,000016,20251209,93353930,3897921,0,0,B,51300,800,3828006,3897891,
000016.SZ,000016,20251209,93353930,3897922,0,0,B,51300,3500,3880117,3897891,
000016.SZ,000016,20251209,93353930,3897923,0,0,B,51300,1800,3893889,3897891,
000016.SZ,000016,20251209,93354020,3898516,0,0,S,51300,100,3898515,3897891,
000016.SZ,000016,20251209,93354030,3898608,C,0, ,0,100,0,3033021,
000016.SZ,000016,20251209,93354030,3898633,C,0, ,0,100,0,2921631,
000016.SZ,000016,20251209,93354170,3899636,C,0, ,0,100,0,3501899,
000016.SZ,000016,20251209,93354200,3899872,C,0, ,0,5000,0,3758911,
000016.SZ,000016,20251209,93354540,3903389,0,0,S,51300,300,3903388,3897891,
000016.SZ,000016,20251209,93355830,3915401,0,0,S,51300,600,3915400,3897891,
000016.SZ,000016,20251209,93356250,3918499,C,0, ,0,400,0,3755708,
000016.SZ,000016,20251209,93356250,3918500,C,0, ,0,300,0,3755598,
000016.SZ,000016,20251209,93356250,3918518,C,0, ,0,800,0,3274759,
000016.SZ,000016,20251209,93356250,3918519,C,0, ,0,300,0,3384756,
000016.SZ,000016,20251209,93356250,3918525,C,0, ,0,400,0,3384068,
000016.SZ,000016,20251209,93356250,3918541,C,0, ,0,600,0,3756368,
000016.SZ,000016,20251209,93356250,3918546,C,0, ,0,300,0,3384436,
000016.SZ,000016,20251209,93356260,3918551,C,0, ,0,400,0,3755915,
000016.SZ,000016,20251209,93356260,3918552,C,0, ,0,300,0,3384005,
000016.SZ,000016,20251209,93356260,3918554,C,0, ,0,400,0,3384008,
000016.SZ,000016,20251209,93356260,3918556,C,0, ,0,500,0,3755999,
000016.SZ,000016,20251209,93356260,3918584,C,0, ,0,400,0,3756200,
000016.SZ,000016,20251209,93356260,3918635,C,0, ,0,400,0,3755822,
000016.SZ,000016,20251209,93356270,3918686,C,0, ,0,400,0,3756014,
000016.SZ,000016,20251209,93356270,3918690,C,0, ,0,300,0,3755965,
000016.SZ,000016,20251209,93356280,3918706,C,0, ,0,400,0,3756128,
000016.SZ,000016,20251209,93356280,3918707,C,0, ,0,300,0,3274503,
000016.SZ,000016,20251209,93356280,3918766,C,0, ,0,300,0,3384354,
000016.SZ,000016,20251209,93356770,3922475,0,0,S,51300,200,3922474,3897891,
000016.SZ,000016,20251209,93358630,3939741,0,0,S,51300,500,3939740,3897891,
000016.SZ,000016,20251209,93359010,3942883,C,0, ,0,27400,1461031,0,
000016.SZ,000016,20251209,93400760,3959920,C,0, ,0,3400,445593,0,
000016.SZ,000016,20251209,93401090,3964192,C,0, ,0,10000,0,2478683,
000016.SZ,000016,20251209,93401860,3971787,0,0,B,51400,100,1109056,3971786,
000016.SZ,000016,20251209,93401860,3971788,0,0,B,51400,100,1306186,3971786,
000016.SZ,000016,20251209,93401860,3971789,0,0,B,51400,100,1552017,3971786,
000016.SZ,000016,20251209,93402090,3973987,C,0, ,0,2000,0,3509209,
000016.SZ,000016,20251209,93402500,3977944,0,0,B,51400,100,1552017,3977943,
000016.SZ,000016,20251209,93403260,3984634,0,0,B,51400,200,1552017,3984633,
000016.SZ,000016,20251209,93403680,3988343,0,0,S,51300,900,3988342,3897891,
000016.SZ,000016,20251209,93403980,3990819,C,0, ,0,10000,0,380948,
000016.SZ,000016,20251209,93404620,3997285,0,0,S,51300,1000,3997284,3897891,
000016.SZ,000016,20251209,93404940,3999726,C,0, ,0,2700,0,3205867,
000016.SZ,000016,20251209,93406140,4009716,C,0, ,0,7500,0,2977871,
000016.SZ,000016,20251209,93406410,4011941,0,0,S,51300,500,4011940,3897891,
000016.SZ,000016,20251209,93406850,4015441,0,0,B,51400,900,1552017,4015440,
000016.SZ,000016,20251209,93407130,4017827,0,0,B,51400,300,1552017,4017826,
000016.SZ,000016,20251209,93408240,4027936,C,0, ,0,400,0,3922337,
000016.SZ,000016,20251209,93408250,4027956,C,0, ,0,300,0,3922377,
000016.SZ,000016,20251209,93408250,4027957,C,0, ,0,400,0,3922361,
000016.SZ,000016,20251209,93408250,4027962,C,0, ,0,300,0,3922359,
000016.SZ,000016,20251209,93408250,4027990,C,0, ,0,400,0,3922372,
000016.SZ,000016,20251209,93408250,4027992,C,0, ,0,300,0,3922375,
000016.SZ,000016,20251209,93408250,4027993,C,0, ,0,400,0,3922374,
000016.SZ,000016,20251209,93408250,4028000,C,0, ,0,600,0,3922371,
000016.SZ,000016,20251209,93408250,4028022,C,0, ,0,800,0,3918880,
000016.SZ,000016,20251209,93408250,4028040,C,0, ,0,400,0,3922453,
000016.SZ,000016,20251209,93408250,4028043,C,0, ,0,500,0,3922444,
000016.SZ,000016,20251209,93408250,4028044,C,0, ,0,300,0,3922452,
000016.SZ,000016,20251209,93408250,4028045,C,0, ,0,300,0,3922451,
000016.SZ,000016,20251209,93408250,4028057,C,0, ,0,300,0,3922426,
000016.SZ,000016,20251209,93408260,4028062,C,0, ,0,400,0,3922472,
000016.SZ,000016,20251209,93408260,4028073,C,0, ,0,400,0,3922551,
000016.SZ,000016,20251209,93408260,4028093,C,0, ,0,400,0,3922913,
000016.SZ,000016,20251209,93408260,4028159,C,0, ,0,300,0,3922427,
000016.SZ,000016,20251209,93408320,4028558,0,0,S,51300,8300,4028557,3897891,
000016.SZ,000016,20251209,93408320,4028559,0,0,S,51300,1100,4028557,3902544,
000016.SZ,000016,20251209,93408320,4028560,0,0,S,51300,1700,4028557,3905206,
000016.SZ,000016,20251209,93408320,4028561,0,0,S,51300,5000,4028557,3949766,
000016.SZ,000016,20251209,93408320,4028562,0,0,S,51300,3600,4028557,3964859,
000016.SZ,000016,20251209,93408320,4028563,0,0,S,51300,100,4028557,3974001,
000016.SZ,000016,20251209,93408320,4028564,0,0,S,51300,100,4028557,3983635,
000016.SZ,000016,20251209,93408320,4028565,0,0,S,51300,200,4028557,3985833,
000016.SZ,000016,20251209,93408320,4028566,0,0,S,51300,1000,4028557,3995059,
000016.SZ,000016,20251209,93408320,4028567,0,0,S,51300,200,4028557,3999706,
000016.SZ,000016,20251209,93408320,4028568,0,0,S,51300,2700,4028557,4011470,
000016.SZ,000016,20251209,93408340,4028747,0,0,B,51400,1900,1552017,4028746,
000016.SZ,000016,20251209,93409140,4035133,C,0, ,0,1000,985663,0,
000016.SZ,000016,20251209,93409960,4043387,C,0, ,0,3000,0,3819066,
000016.SZ,000016,20251209,93411360,4056635,0,0,B,51400,400,1552017,4056634,
000016.SZ,000016,20251209,93412020,4061545,0,0,B,51400,100,1552017,4061544,
000016.SZ,000016,20251209,93412160,4062590,C,0, ,0,10400,0,2171804,
000016.SZ,000016,20251209,93413140,4071717,C,0, ,0,4100,3462992,0,
000016.SZ,000016,20251209,93413770,4077305,0,0,S,51300,100,4077304,4011470,
000016.SZ,000016,20251209,93415000,4086346,0,0,S,51300,7200,4086345,4011470,
000016.SZ,000016,20251209,93415000,4086347,0,0,S,51300,1500,4086345,4014605,
000016.SZ,000016,20251209,93415000,4086348,0,0,S,51300,900,4086345,4041292,
000016.SZ,000016,20251209,93415000,4086349,0,0,S,51300,2500,4086345,4041700,
000016.SZ,000016,20251209,93415000,4086350,0,0,S,51300,10100,4086345,4041756,
000016.SZ,000016,20251209,93415000,4086351,0,0,S,51300,3300,4086345,4041774,
000016.SZ,000016,20251209,93415000,4086352,0,0,S,51300,800,4086345,4045138,
000016.SZ,000016,20251209,93415000,4086353,0,0,S,51300,800,4086345,4056493,
000016.SZ,000016,20251209,93415000,4086354,0,0,S,51300,900,4086345,4059204,
000016.SZ,000016,20251209,93415000,4086355,0,0,S,51300,2700,4086345,4069426,
000016.SZ,000016,20251209,93415000,4086356,0,0,S,51300,2000,4086345,4082694,
000016.SZ,000016,20251209,93415000,4086357,0,0,S,51300,2000,4086345,4084538,
000016.SZ,000016,20251209,93415000,4086358,0,0,S,51200,2700,4086345,3738874,
000016.SZ,000016,20251209,93415000,4086359,0,0,S,51200,10000,4086345,3739994,
000016.SZ,000016,20251209,93415000,4086360,0,0,S,51200,9800,4086345,3757050,
000016.SZ,000016,20251209,93415000,4086361,0,0,S,51200,1500,4086345,3799973,
000016.SZ,000016,20251209,93415000,4086362,0,0,S,51200,2000,4086345,3804430,
000016.SZ,000016,20251209,93415000,4086363,0,0,S,51200,900,4086345,3805499,
000016.SZ,000016,20251209,93415000,4086364,0,0,S,51200,900,4086345,3817597,
000016.SZ,000016,20251209,93415000,4086365,0,0,S,51200,1600,4086345,3845298,
000016.SZ,000016,20251209,93415000,4086366,0,0,S,51200,5000,4086345,3854295,
000016.SZ,000016,20251209,93415000,4086367,0,0,S,51200,2000,4086345,3860800,
000016.SZ,000016,20251209,93415000,4086368,0,0,S,51200,500,4086345,3861996,
000016.SZ,000016,20251209,93415000,4086369,0,0,S,51200,2000,4086345,3886637,
000016.SZ,000016,20251209,93415000,4086370,0,0,S,51200,6600,4086345,3896717,
000016.SZ,000016,20251209,93415000,4086371,0,0,S,51200,8100,4086345,3913031,
000016.SZ,000016,20251209,93415000,4086372,0,0,S,51200,2000,4086345,3913751,
000016.SZ,000016,20251209,93415000,4086373,0,0,S,51200,4000,4086345,3926797,
000016.SZ,000016,20251209,93415000,4086374,0,0,S,51200,19800,4086345,3928144,
000016.SZ,000016,20251209,93415000,4086375,0,0,S,51200,1000,4086345,3928942,
000016.SZ,000016,20251209,93415000,4086376,0,0,S,51200,1000,4086345,3940945,
000016.SZ,000016,20251209,93415000,4086377,0,0,S,51200,2000,4086345,3969418,
000016.SZ,000016,20251209,93415000,4086378,0,0,S,51200,200,4086345,3976127,
000016.SZ,000016,20251209,93415000,4086379,0,0,S,51200,3200,4086345,3979491,
000016.SZ,000016,20251209,93415020,4086512,0,0,B,51300,100,4086485,4086511,
000016.SZ,000016,20251209,93415210,4088065,0,0,B,51300,200,4088039,4088064,
000016.SZ,000016,20251209,93417630,4108120,0,0,B,51300,200,4088039,4108119,
000016.SZ,000016,20251209,93418870,4118518,0,0,B,51400,4300,1552017,4118517,
000016.SZ,000016,20251209,93418870,4118519,0,0,B,51400,5700,1827583,4118517,
000016.SZ,000016,20251209,93418870,4118520,0,0,B,51400,8900,2636537,4118517,
000016.SZ,000016,20251209,93418870,4118521,0,0,B,51400,200,3312467,4118517,
000016.SZ,000016,20251209,93418870,4118522,0,0,B,51400,9000,3331055,4118517,
000016.SZ,000016,20251209,93418870,4118523,0,0,B,51400,400,3342767,4118517,
000016.SZ,000016,20251209,93418980,4119248,0,0,B,51400,600,3342767,4119247,
000016.SZ,000016,20251209,93418980,4119249,0,0,B,51400,400,3773593,4119247,
000016.SZ,000016,20251209,93419820,4126446,0,0,S,51300,1800,4126445,4108119,
000016.SZ,000016,20251209,93419820,4126447,0,0,S,51300,5100,4126445,4114387,
000016.SZ,000016,20251209,93419820,4126448,0,0,S,51300,800,4126445,4117608,
000016.SZ,000016,20251209,93419820,4126449,0,0,S,51300,1800,4126445,4118835,
000016.SZ,000016,20251209,93419820,4126450,0,0,S,51300,5700,4126445,4121061,
000016.SZ,000016,20251209,93419820,4126451,0,0,S,51300,800,4126445,4125970,
000016.SZ,000016,20251209,93419820,4126452,0,0,S,51300,1000,4126445,4126315,
000016.SZ,000016,20251209,93419820,4126453,0,0,S,51200,1400,4126445,3979491,
000016.SZ,000016,20251209,93419830,4126488,C,0, ,0,300,0,2748430,
000016.SZ,000016,20251209,93420950,4134943,C,0, ,0,10600,3821696,0,
000016.SZ,000016,20251209,93421150,4136425,C,0, ,0,300,0,4126524,
000016.SZ,000016,20251209,93422330,4145608,C,0, ,0,1500,1002230,0,
000016.SZ,000016,20251209,93422850,4149524,0,0,S,51300,2000,4149523,4128728,
000016.SZ,000016,20251209,93423640,4155341,C,0, ,0,500,0,332870,
000016.SZ,000016,20251209,93423960,4157528,0,0,S,51300,3200,4157527,4134506,
000016.SZ,000016,20251209,93423960,4157529,0,0,S,51300,6800,4157527,4141186,
000016.SZ,000016,20251209,93427170,4180909,0,0,S,51300,400,4180908,4141186,
000016.SZ,000016,20251209,93427170,4180910,0,0,S,51300,2400,4180908,4141308,
000016.SZ,000016,20251209,93427800,4186098,0,0,S,51300,1000,4186097,4142599,
000016.SZ,000016,20251209,93427800,4186099,0,0,S,51300,3100,4186097,4147138,
000016.SZ,000016,20251209,93427800,4186100,0,0,S,51300,1000,4186097,4150969,
000016.SZ,000016,20251209,93427800,4186101,0,0,S,51300,1500,4186097,4162419,
000016.SZ,000016,20251209,93427800,4186102,0,0,S,51300,800,4186097,4163464,
000016.SZ,000016,20251209,93427800,4186103,0,0,S,51300,1600,4186097,4163787,
000016.SZ,000016,20251209,93427800,4186104,0,0,S,51300,1600,4186097,4163970,
000016.SZ,000016,20251209,93427800,4186105,0,0,S,51300,1000,4186097,4164192,
000016.SZ,000016,20251209,93427800,4186106,0,0,S,51300,7100,4186097,4181301,
000016.SZ,000016,20251209,93427800,4186107,0,0,S,51300,800,4186097,4185811,
000016.SZ,000016,20251209,93427800,4186108,0,0,S,51300,800,4186097,4185895,
000016.SZ,000016,20251209,93427800,4186139,0,0,B,51300,8900,4186097,4186138,
000016.SZ,000016,20251209,93427840,4186410,0,0,B,51300,100,4186097,4186409,
000016.SZ,000016,20251209,93427850,4186479,C,0, ,0,4200,41355,0,
000016.SZ,000016,20251209,93427850,4186500,0,0,B,51300,800,4186097,4186499,
000016.SZ,000016,20251209,93428000,4187485,0,0,B,51300,100,4186097,4187484,
000016.SZ,000016,20251209,93428000,4187501,0,0,B,51300,100,4186097,4187500,
000016.SZ,000016,20251209,93428000,4187505,0,0,B,51300,100,4186097,4187504,
000016.SZ,000016,20251209,93428230,4189626,C,0, ,0,700,0,1054219,
000016.SZ,000016,20251209,93428760,4193862,0,0,B,51300,800,4186097,4193861,
000016.SZ,000016,20251209,93429650,4199915,0,0,B,51300,500,4186097,4199914,
000016.SZ,000016,20251209,93430020,4202157,C,0, ,0,3500,922541,0,
000016.SZ,000016,20251209,93430180,4203293,0,0,B,51300,600,4186097,4203292,
000016.SZ,000016,20251209,93431180,4211446,0,0,B,51300,1900,4186097,4211445,
000016.SZ,000016,20251209,93431180,4211447,0,0,B,51300,400,4200632,4211445,
000016.SZ,000016,20251209,93433150,4226696,0,0,B,51300,500,4200632,4226695,
000016.SZ,000016,20251209,93434020,4233899,0,0,B,51300,500,4200632,4233898,
000016.SZ,000016,20251209,93436970,4256325,C,0, ,0,2000,0,3475782,
000016.SZ,000016,20251209,93437010,4256646,0,0,B,51300,1000,4200632,4256645,
000016.SZ,000016,20251209,93438630,4268539,C,0, ,0,11400,0,3359014,
000016.SZ,000016,20251209,93439520,4274890,0,0,B,51300,500,4200632,4274889,
000016.SZ,000016,20251209,93440310,4280702,0,0,B,51300,1100,4200632,4280701,
000016.SZ,000016,20251209,93440310,4280703,0,0,B,51300,1000,4238506,4280701,
000016.SZ,000016,20251209,93440610,4283393,C,0, ,0,5900,1131456,0,
000016.SZ,000016,20251209,93440990,4285991,C,0, ,0,2000,2842433,0,
000016.SZ,000016,20251209,93441090,4286685,C,0, ,0,4200,41354,0,
000016.SZ,000016,20251209,93441490,4289354,C,0, ,0,500,0,3457305,
000016.SZ,000016,20251209,93441530,4289708,0,0,S,51300,1000,4289707,4280701,
000016.SZ,000016,20251209,93441590,4290114,C,0, ,0,8900,1107201,0,
000016.SZ,000016,20251209,93442780,4298452,C,0, ,0,2000,0,2706380,
000016.SZ,000016,20251209,93443850,4306985,0,0,B,51400,1000,3773593,4306984,
000016.SZ,000016,20251209,93443850,4306986,0,0,B,51400,700,3890809,4306984,
000016.SZ,000016,20251209,93444240,4309639,C,0, ,0,1800,0,397476,
000016.SZ,000016,20251209,93444700,4312540,0,0,S,51300,100,4312539,4280701,
000016.SZ,000016,20251209,93446220,4323842,C,0, ,0,5300,489084,0,
000016.SZ,000016,20251209,93446780,4328285,0,0,S,51300,1800,4328284,4280701,
000016.SZ,000016,20251209,93446780,4328286,0,0,S,51300,100,4328284,4288849,
000016.SZ,000016,20251209,93446780,4328287,0,0,S,51300,1100,4328284,4290273,
000016.SZ,000016,20251209,93447140,4330749,C,0, ,0,5000,4160919,0,
000016.SZ,000016,20251209,93447660,4333927,C,0, ,0,300,0,3572916,
000016.SZ,000016,20251209,93447810,4334859,C,0, ,0,6900,0,3298831,
000016.SZ,000016,20251209,93448820,4342521,0,0,B,51400,200,3890809,4342520,
000016.SZ,000016,20251209,93449770,4349906,C,0, ,0,4400,0,4213099,
000016.SZ,000016,20251209,93449770,4349908,C,0, ,0,3500,0,4290273,
000016.SZ,000016,20251209,93449780,4349977,0,0,B,51400,10100,3890809,4349976,
000016.SZ,000016,20251209,93450410,4354231,C,0, ,0,3600,0,2819843,
000016.SZ,000016,20251209,93451870,4364718,C,0, ,0,5800,0,3164822,
000016.SZ,000016,20251209,93453950,4379297,C,0, ,0,2100,243164,0,
000016.SZ,000016,20251209,93455510,4391029,C,0, ,0,1900,0,2517425,
000016.SZ,000016,20251209,93458850,4415059,C,0, ,0,400,0,2678684,
000016.SZ,000016,20251209,93458870,4415129,C,0, ,0,11600,4392006,0,
000016.SZ,000016,20251209,93500820,4433025,C,0, ,0,4200,4231209,0,
000016.SZ,000016,20251209,93501940,4444659,0,0,B,51400,600,3890809,4444658,
000016.SZ,000016,20251209,93502110,4446124,0,0,S,51300,300,4446123,4302150,
000016.SZ,000016,20251209,93502530,4449891,C,0, ,0,300,0,851040,
000016.SZ,000016,20251209,93505190,4475242,C,0, ,0,4700,0,3891802,
000016.SZ,000016,20251209,93505810,4481398,0,0,B,51400,1000,3890809,4481397,
000016.SZ,000016,20251209,93505890,4482061,C,0, ,0,4700,0,4342804,
000016.SZ,000016,20251209,93507350,4497238,C,0, ,0,900,0,3520816,
000016.SZ,000016,20251209,93507680,4500586,C,0, ,0,2200,0,4057523,
000016.SZ,000016,20251209,93507740,4501221,0,0,B,51400,1000,3890809,4501220,
000016.SZ,000016,20251209,93508640,4509551,C,0, ,0,900,0,2328160,
000016.SZ,000016,20251209,93508650,4509643,C,0, ,0,600,0,2328076,
000016.SZ,000016,20251209,93508650,4509651,C,0, ,0,600,0,2328090,
000016.SZ,000016,20251209,93509630,4519821,0,0,B,51400,1000,3890809,4519820,
000016.SZ,000016,20251209,93510190,4525394,C,0, ,0,2000,0,2795774,
000016.SZ,000016,20251209,93510320,4527530,0,0,S,51300,200,4527529,4302150,
000016.SZ,000016,20251209,93510320,4527531,0,0,S,51300,500,4527529,4310929,
000016.SZ,000016,20251209,93510870,4533484,C,0, ,0,2000,0,3498808,
000016.SZ,000016,20251209,93512260,4546109,0,0,B,51400,1000,3890809,4546108,
000016.SZ,000016,20251209,93512260,4546110,0,0,B,51400,100,3908365,4546108,
000016.SZ,000016,20251209,93512260,4546111,0,0,B,51400,18000,3945579,4546108,
000016.SZ,000016,20251209,93512260,4546112,0,0,B,51400,2400,4018112,4546108,
000016.SZ,000016,20251209,93512260,4546113,0,0,B,51400,5000,4045551,4546108,
000016.SZ,000016,20251209,93512260,4546114,0,0,B,51400,1000,4463096,4546108,
000016.SZ,000016,20251209,93512260,4546115,0,0,B,51400,11500,4495596,4546108,
000016.SZ,000016,20251209,93512260,4546116,0,0,B,51400,2500,4523343,4546108,
000016.SZ,000016,20251209,93512260,4546118,0,0,B,51400,4500,4523343,4546117,
000016.SZ,000016,20251209,93512280,4546406,0,0,B,51500,43200,668513,4546405,
000016.SZ,000016,20251209,93512280,4546407,0,0,B,51500,100,759323,4546405,
000016.SZ,000016,20251209,93512280,4546408,0,0,B,51500,6000,1008381,4546405,
000016.SZ,000016,20251209,93512280,4546409,0,0,B,51500,10000,1090037,4546405,
000016.SZ,000016,20251209,93512280,4546410,0,0,B,51500,5000,1496167,4546405,
000016.SZ,000016,20251209,93512280,4546411,0,0,B,51500,10000,2987312,4546405,
000016.SZ,000016,20251209,93512280,4546412,0,0,B,51500,3000,3205809,4546405,
000016.SZ,000016,20251209,93512280,4546413,0,0,B,51500,1000,3568863,4546405,
000016.SZ,000016,20251209,93512280,4546414,0,0,B,51500,1000,4397897,4546405,
000016.SZ,000016,20251209,93512430,4548196,C,0, ,0,100000,0,2971867,
000016.SZ,000016,20251209,93513700,4561508,C,0, ,0,100,0,4385538,
000016.SZ,000016,20251209,93514970,4574194,0,0,B,51500,100,4573843,4574193,
000016.SZ,000016,20251209,93514970,4574195,0,0,B,51500,100,4574081,4574193,
000016.SZ,000016,20251209,93514970,4574257,0,0,B,51500,100,4574226,4574256,
000016.SZ,000016,20251209,93515180,4576525,C,0, ,0,100,0,4227049,
000016.SZ,000016,20251209,93515270,4577881,C,0, ,0,400,0,4546177,
000016.SZ,000016,20251209,93515270,4577886,C,0, ,0,500,0,4546189,
000016.SZ,000016,20251209,93515270,4577887,C,0, ,0,400,0,4546182,
000016.SZ,000016,20251209,93515270,4577888,C,0, ,0,3300,0,4546180,
000016.SZ,000016,20251209,93515270,4577891,C,0, ,0,200,0,4546188,
000016.SZ,000016,20251209,93515270,4577892,C,0, ,0,1200,0,4546187,
000016.SZ,000016,20251209,93515270,4577893,C,0, ,0,600,0,4546181,
000016.SZ,000016,20251209,93515270,4577901,C,0, ,0,300,0,4546176,
000016.SZ,000016,20251209,93515270,4577942,C,0, ,0,100,0,4546190,
000016.SZ,000016,20251209,93515270,4577943,C,0, ,0,400,0,4546191,
000016.SZ,000016,20251209,93515850,4585125,0,0,S,51400,100,4585124,4547165,
000016.SZ,000016,20251209,93515850,4585126,0,0,S,51400,4700,4585124,4547254,
000016.SZ,000016,20251209,93516250,4588902,0,0,B,51500,100,4588648,4588901,
000016.SZ,000016,20251209,93517260,4597331,C,0, ,0,400,0,4309732,
000016.SZ,000016,20251209,93517260,4597333,C,0, ,0,400,0,4309733,
000016.SZ,000016,20251209,93517260,4597364,C,0, ,0,400,0,4309757,
000016.SZ,000016,20251209,93517260,4597370,C,0, ,0,300,0,4309761,
000016.SZ,000016,20251209,93517260,4597397,C,0, ,0,400,0,4309794,
000016.SZ,000016,20251209,93517270,4597481,C,0, ,0,300,0,4309851,
000016.SZ,000016,20251209,93517270,4597486,C,0, ,0,400,0,4309826,
000016.SZ,000016,20251209,93517270,4597487,C,0, ,0,300,0,4309819,
000016.SZ,000016,20251209,93517270,4597488,C,0, ,0,400,0,4309820,
000016.SZ,000016,20251209,93517270,4597490,C,0, ,0,300,0,4309821,
000016.SZ,000016,20251209,93517270,4597567,C,0, ,0,600,0,4309777,
000016.SZ,000016,20251209,93517280,4597644,C,0, ,0,800,0,4309787,
000016.SZ,000016,20251209,93517280,4597645,C,0, ,0,300,0,4309752,
000016.SZ,000016,20251209,93517280,4597655,C,0, ,0,300,0,4309753,
000016.SZ,000016,20251209,93517280,4597688,C,0, ,0,500,0,4309947,
000016.SZ,000016,20251209,93517280,4597690,C,0, ,0,400,0,4309859,
000016.SZ,000016,20251209,93517290,4597745,C,0, ,0,400,0,4309911,
000016.SZ,000016,20251209,93517290,4597752,C,0, ,0,300,0,4309945,
000016.SZ,000016,20251209,93517490,4599419,C,0, ,0,100,0,4086468,
000016.SZ,000016,20251209,93517500,4599474,C,0, ,0,300,0,4576204,
000016.SZ,000016,20251209,93517520,4599656,0,0,B,51500,100,4598255,4599655,
000016.SZ,000016,20251209,93518420,4606645,C,0, ,0,1000,0,2477331,
000016.SZ,000016,20251209,93520610,4623519,C,0, ,0,4000,0,3321736,
000016.SZ,000016,20251209,93521390,4629393,C,0, ,0,1300,0,2865869,
000016.SZ,000016,20251209,93522280,4636177,C,0, ,0,23600,0,4300267,
000016.SZ,000016,20251209,93522580,4638340,0,0,B,51500,5900,4623666,4638339,
000016.SZ,000016,20251209,93522580,4638341,0,0,B,51500,5000,4627984,4638339,
000016.SZ,000016,20251209,93522580,4638342,0,0,B,51500,100,4628174,4638339,
000016.SZ,000016,20251209,93522580,4638343,0,0,B,51500,400,4628590,4638339,
000016.SZ,000016,20251209,93522580,4638344,0,0,B,51500,100,4628637,4638339,
000016.SZ,000016,20251209,93522580,4638345,0,0,B,51500,200,4633760,4638339,
000016.SZ,000016,20251209,93522580,4638346,0,0,B,51500,1000,4634636,4638339,
000016.SZ,000016,20251209,93522580,4638347,0,0,B,51500,5800,4635927,4638339,
000016.SZ,000016,20251209,93522580,4638348,0,0,B,51600,700,28610,4638339,
000016.SZ,000016,20251209,93522800,4639798,C,0, ,0,1600,0,4188964,
000016.SZ,000016,20251209,93523100,4642010,C,0, ,0,3000,854719,0,
000016.SZ,000016,20251209,93523970,4648627,C,0, ,0,1900,0,2851499,
000016.SZ,000016,20251209,93523970,4648767,0,0,B,51500,100,4642239,4648766,
000016.SZ,000016,20251209,93524810,4655190,C,0, ,0,10400,0,4125301,
000016.SZ,000016,20251209,93525800,4662880,C,0, ,0,3900,0,3356853,
000016.SZ,000016,20251209,93525950,4663768,C,0, ,0,1300,0,4334384,
000016.SZ,000016,20251209,93526370,4666807,C,0, ,0,2200,0,4614270,
000016.SZ,000016,20251209,93527180,4672459,C,0, ,0,100,0,3442927,
000016.SZ,000016,20251209,93527830,4677680,0,0,B,51500,2000,4658169,4677679,
000016.SZ,000016,20251209,93527830,4677681,0,0,B,51500,200,4664326,4677679,
000016.SZ,000016,20251209,93528210,4680737,C,0, ,0,800,0,2900504,
000016.SZ,000016,20251209,93528470,4683418,C,0, ,0,400,0,4141187,
000016.SZ,000016,20251209,93528670,4685092,C,0, ,0,5000,0,4384128,
000016.SZ,000016,20251209,93528850,4686321,C,0, ,0,200,0,340844,
000016.SZ,000016,20251209,93529010,4687427,C,0, ,0,12300,4625694,0,
000016.SZ,000016,20251209,93529250,4689271,0,0,B,51500,1300,4664326,4689270,
000016.SZ,000016,20251209,93529810,4693232,0,0,B,51500,1500,4664326,4693231,
000016.SZ,000016,20251209,93529820,4693296,0,0,S,51500,2000,4693295,4693231,
000016.SZ,000016,20251209,93529830,4693316,0,0,S,51500,200,4693315,4693231,
000016.SZ,000016,20251209,93530150,4695468,0,0,S,51500,100,4695467,4693231,
000016.SZ,000016,20251209,93530260,4696464,C,0, ,0,400,4591028,0,
000016.SZ,000016,20251209,93530570,4699462,C,0, ,0,1900,0,4175206,
000016.SZ,000016,20251209,93531040,4703057,C,0, ,0,500,3847300,0,
000016.SZ,000016,20251209,93531260,4704928,C,0, ,0,10000,0,3758974,
000016.SZ,000016,20251209,93533680,4724888,C,0, ,0,2200,0,4604649,
000016.SZ,000016,20251209,93534350,4730607,0,0,S,51500,100,4730606,4693231,
000016.SZ,000016,20251209,93535090,4736475,C,0, ,0,300,0,2454586,
000016.SZ,000016,20251209,93535220,4737370,C,0, ,0,400,0,4599504,
000016.SZ,000016,20251209,93535220,4737373,C,0, ,0,400,0,4599323,
000016.SZ,000016,20251209,93535220,4737374,C,0, ,0,400,0,4599512,
000016.SZ,000016,20251209,93535220,4737375,C,0, ,0,400,0,4599511,
000016.SZ,000016,20251209,93535220,4737413,C,0, ,0,400,0,4599352,
000016.SZ,000016,20251209,93535220,4737420,C,0, ,0,300,0,4599355,
000016.SZ,000016,20251209,93535220,4737437,C,0, ,0,800,0,4597965,
000016.SZ,000016,20251209,93535220,4737449,C,0, ,0,300,0,4599381,
000016.SZ,000016,20251209,93535220,4737456,C,0, ,0,600,0,4599455,
000016.SZ,000016,20251209,93535220,4737466,C,0, ,0,500,0,4599590,
000016.SZ,000016,20251209,93535220,4737470,C,0, ,0,400,0,4599391,
000016.SZ,000016,20251209,93535220,4737473,C,0, ,0,300,0,4599480,
000016.SZ,000016,20251209,93535230,4737527,C,0, ,0,300,0,4599552,
000016.SZ,000016,20251209,93535230,4737540,C,0, ,0,300,0,4599545,
000016.SZ,000016,20251209,93535230,4737559,C,0, ,0,400,0,4599467,
000016.SZ,000016,20251209,93535230,4737571,C,0, ,0,300,0,4599340,
000016.SZ,000016,20251209,93535240,4737711,C,0, ,0,400,0,4599397,
000016.SZ,000016,20251209,93535260,4737865,C,0, ,0,300,0,4599430,
000016.SZ,000016,20251209,93535580,4740262,0,0,B,51600,300,28610,4740261,
000016.SZ,000016,20251209,93535580,4740263,0,0,B,51600,200,37228,4740261,
000016.SZ,000016,20251209,93535790,4742130,C,0, ,0,900,0,3879171,
000016.SZ,000016,20251209,93536820,4751073,C,0, ,0,2700,674710,0,
000016.SZ,000016,20251209,93537660,4758284,0,0,S,51500,800,4758283,4693231,
000016.SZ,000016,20251209,93537660,4758296,0,0,S,51500,100,4758295,4693231,
000016.SZ,000016,20251209,93537660,4758303,0,0,S,51500,200,4758302,4693231,
000016.SZ,000016,20251209,93537660,4758305,0,0,S,51500,100,4758304,4693231,
000016.SZ,000016,20251209,93538100,4761651,0,0,B,51600,2200,37228,4761650,
000016.SZ,000016,20251209,93539960,4780528,0,0,B,51600,2200,37228,4780527,
000016.SZ,000016,20251209,93540340,4784158,C,0, ,0,1900,0,4743872,
000016.SZ,000016,20251209,93540660,4788091,0,0,B,51600,600,37228,4788090,
000016.SZ,000016,20251209,93541290,4794659,0,0,B,51600,1300,37228,4794658,
000016.SZ,000016,20251209,93541950,4800191,0,0,B,51600,6000,37228,4800190,
000016.SZ,000016,20251209,93542070,4801344,0,0,B,51600,4800,37228,4801343,
000016.SZ,000016,20251209,93543580,4816719,C,0, ,0,50000,0,2842813,
000016.SZ,000016,20251209,93544340,4822535,0,0,S,51500,11700,4822534,4693231,
000016.SZ,000016,20251209,93544340,4822536,0,0,S,51500,1000,4822534,4730565,
000016.SZ,000016,20251209,93544340,4822537,0,0,S,51500,8300,4822534,4730667,
000016.SZ,000016,20251209,93544340,4822538,0,0,S,51500,100,4822534,4749469,
000016.SZ,000016,20251209,93544340,4822539,0,0,S,51500,1000,4822534,4759380,
000016.SZ,000016,20251209,93544340,4822540,0,0,S,51500,5000,4822534,4763404,
000016.SZ,000016,20251209,93544340,4822541,0,0,S,51500,1600,4822534,4772255,
000016.SZ,000016,20251209,93544340,4822592,0,0,B,51500,100,4822534,4822591,
000016.SZ,000016,20251209,93544340,4822594,0,0,B,51500,400,4822534,4822593,
000016.SZ,000016,20251209,93544340,4822596,0,0,B,51500,100,4822534,4822595,
000016.SZ,000016,20251209,93544340,4822598,0,0,B,51500,300,4822534,4822597,
000016.SZ,000016,20251209,93544340,4822600,0,0,B,51500,200,4822534,4822599,
000016.SZ,000016,20251209,93544340,4822602,0,0,B,51500,1200,4822534,4822601,
000016.SZ,000016,20251209,93544340,4822604,0,0,B,51500,500,4822534,4822603,
000016.SZ,000016,20251209,93544340,4822606,0,0,B,51500,3300,4822534,4822605,
000016.SZ,000016,20251209,93544340,4822608,0,0,B,51500,400,4822534,4822607,
000016.SZ,000016,20251209,93544340,4822610,0,0,B,51500,600,4822534,4822609,
000016.SZ,000016,20251209,93544350,4822647,0,0,B,51500,100,4822534,4822646,
000016.SZ,000016,20251209,93544350,4822649,0,0,B,51500,400,4822534,4822648,
000016.SZ,000016,20251209,93545120,4828984,0,0,B,51500,100,4822534,4828983,
000016.SZ,000016,20251209,93545220,4829713,C,0, ,0,300,0,4203289,
000016.SZ,000016,20251209,93545470,4832245,0,0,B,51500,1900,4822534,4832244,
000016.SZ,000016,20251209,93546230,4838323,C,0, ,0,400,0,4754862,
000016.SZ,000016,20251209,93546230,4838324,C,0, ,0,400,0,4754852,
000016.SZ,000016,20251209,93546230,4838325,C,0, ,0,300,0,4754850,
000016.SZ,000016,20251209,93546230,4838327,C,0, ,0,500,0,4754834,
000016.SZ,000016,20251209,93546230,4838330,C,0, ,0,400,0,4754851,
000016.SZ,000016,20251209,93546230,4838331,C,0, ,0,400,0,4754864,
000016.SZ,000016,20251209,93546230,4838358,C,0, ,0,300,0,4754896,
000016.SZ,000016,20251209,93546230,4838359,C,0, ,0,300,0,4754875,
000016.SZ,000016,20251209,93546230,4838365,C,0, ,0,400,0,4754887,
000016.SZ,000016,20251209,93546240,4838382,C,0, ,0,400,0,4754902,
000016.SZ,000016,20251209,93546240,4838409,C,0, ,0,600,0,4754918,
000016.SZ,000016,20251209,93546250,4838500,C,0, ,0,300,0,4755294,
000016.SZ,000016,20251209,93546250,4838527,C,0, ,0,300,0,4755079,
000016.SZ,000016,20251209,93546250,4838583,C,0, ,0,800,0,4755017,
000016.SZ,000016,20251209,93546250,4838632,C,0, ,0,300,0,4755292,
000016.SZ,000016,20251209,93546260,4838642,C,0, ,0,300,0,4755014,
000016.SZ,000016,20251209,93546260,4838655,C,0, ,0,400,0,4755074,
000016.SZ,000016,20251209,93546260,4838677,C,0, ,0,400,0,4754984,
000016.SZ,000016,20251209,93546660,4842596,0,0,B,51500,2200,4822534,4842595,
000016.SZ,000016,20251209,93546710,4843000,0,0,B,51500,22300,4822534,4842999,
000016.SZ,000016,20251209,93546870,4844766,0,0,B,51600,800,37228,4844765,
000016.SZ,000016,20251209,93546880,4844811,C,0, ,0,9400,0,4186347,
000016.SZ,000016,20251209,93547000,4845577,C,0, ,0,100,0,3804000,
000016.SZ,000016,20251209,93547110,4846416,C,0, ,0,100,0,4583543,
000016.SZ,000016,20251209,93548660,4861853,C,0, ,0,1000,494167,0,
000016.SZ,000016,20251209,93549220,4869492,C,0, ,0,8800,0,3819906,
000016.SZ,000016,20251209,93549400,4872206,C,0, ,0,6800,914452,0,
000016.SZ,000016,20251209,93549670,4875361,C,0, ,0,20000,3924560,0,
000016.SZ,000016,20251209,93549750,4876036,C,0, ,0,6600,0,2732961,
000016.SZ,000016,20251209,93550220,4880404,0,0,B,51600,300,37228,4880403,
000016.SZ,000016,20251209,93550540,4883053,C,0, ,0,100,0,4605565,
000016.SZ,000016,20251209,93550840,4885381,0,0,B,51600,1600,37228,4885380,
000016.SZ,000016,20251209,93550840,4885382,0,0,B,51600,3000,387168,4885380,
000016.SZ,000016,20251209,93550840,4885383,0,0,B,51600,1500,449792,4885380,
000016.SZ,000016,20251209,93550840,4885384,0,0,B,51600,5900,754919,4885380,
000016.SZ,000016,20251209,93551090,4887119,C,0, ,0,100,0,3719784,
000016.SZ,000016,20251209,93551440,4891407,C,0, ,0,1400,0,4352589,
000016.SZ,000016,20251209,93551440,4891408,C,0, ,0,1400,0,4406007,
000016.SZ,000016,20251209,93551460,4891595,C,0, ,0,1500,0,4395942,
000016.SZ,000016,20251209,93551460,4891597,C,0, ,0,400,4696524,0,
000016.SZ,000016,20251209,93551460,4891599,0,0,B,51600,1000,754919,4891598,
000016.SZ,000016,20251209,93551580,4893079,C,0, ,0,200,0,4032032,
000016.SZ,000016,20251209,93551890,4896011,0,0,S,51500,200,4896010,4842999,
000016.SZ,000016,20251209,93552570,4902562,0,0,S,51500,1000,4902561,4842999,
000016.SZ,000016,20251209,93552580,4902709,0,0,B,51600,10000,754919,4902708,
000016.SZ,000016,20251209,93553030,4905974,C,0, ,0,1000,828931,0,
000016.SZ,000016,20251209,93553380,4908702,0,0,S,51500,200,4908701,4842999,
000016.SZ,000016,20251209,93553660,4911084,C,0, ,0,16200,0,4866025,
000016.SZ,000016,20251209,93554460,4917004,C,0, ,0,30000,0,4340608,
000016.SZ,000016,20251209,93554580,4918717,0,0,S,51500,27000,4918716,4842999,
000016.SZ,000016,20251209,93554580,4918718,0,0,S,51500,1000,4918716,4854536,
000016.SZ,000016,20251209,93554580,4918719,0,0,S,51500,1900,4918716,4884234,
000016.SZ,000016,20251209,93554580,4918720,0,0,S,51500,300,4918716,4885397,
000016.SZ,000016,20251209,93554580,4918721,0,0,S,51500,300,4918716,4887962,
000016.SZ,000016,20251209,93554580,4918722,0,0,S,51500,6400,4918716,4891627,
000016.SZ,000016,20251209,93554580,4918723,0,0,S,51500,20400,4918716,4915723,
000016.SZ,000016,20251209,93554700,4919460,0,0,B,51500,600,4918716,4919459,
000016.SZ,000016,20251209,93555000,4922101,0,0,B,51500,200,4918716,4922100,
000016.SZ,000016,20251209,93555270,4924553,0,0,B,51500,700,4918716,4924552,
000016.SZ,000016,20251209,93555340,4925039,0,0,B,51500,1000,4918716,4925038,
000016.SZ,000016,20251209,93555830,4929498,C,0, ,0,8400,0,4201830,
000016.SZ,000016,20251209,93555890,4930052,0,0,B,51500,800,4918716,4930051,
000016.SZ,000016,20251209,93556110,4931912,C,0, ,0,1000,0,313672,
000016.SZ,000016,20251209,93557760,4945379,C,0, ,0,1400,0,4326301,
000016.SZ,000016,20251209,93558020,4947191,0,0,B,51500,6000,4918716,4947190,
000016.SZ,000016,20251209,93558100,4947876,C,0, ,0,1800,0,3299884,
000016.SZ,000016,20251209,93558330,4950188,0,0,B,51500,4600,4918716,4950187,
000016.SZ,000016,20251209,93558550,4951787,0,0,B,51500,1100,4918716,4951786,
000016.SZ,000016,20251209,93558580,4952052,C,0, ,0,100,0,4546300,
000016.SZ,000016,20251209,93559090,4955864,C,0, ,0,10000,4906584,0,
000016.SZ,000016,20251209,93559510,4959308,0,0,B,51600,200,754919,4959307,
000016.SZ,000016,20251209,93559590,4959799,C,0, ,0,100,0,4868329,
000016.SZ,000016,20251209,93559780,4961063,C,0, ,0,500,0,4459826,
000016.SZ,000016,20251209,93559970,4962349,C,0, ,0,10000,0,3176907,
000016.SZ,000016,20251209,93600260,4965756,C,0, ,0,257500,0,4871792,
000016.SZ,000016,20251209,93601600,4985668,0,0,S,51500,400,4985667,4951786,
000016.SZ,000016,20251209,93601600,4985669,0,0,S,51500,2000,4985667,4958526,
000016.SZ,000016,20251209,93601600,4985670,0,0,S,51500,400,4985667,4964100,
