万得代码,交易所代码,自然日,时间,委托编号,交易所委托号,委托类型,委托代码,委托价格,委托数量,
600057.SH,600057,20251209,91400860,0,0,S,I,0,0,
600057.SH,600057,20251209,91501220,0,3199,A,S,92200,100,
600057.SH,600057,20251209,91501440,0,3423,A,B,91200,1100,
600057.SH,600057,20251209,91501440,0,3553,A,S,100200,2000,
600057.SH,600057,20251209,91501440,0,3855,A,B,87800,4500,
600057.SH,600057,20251209,91501440,0,3856,A,B,87800,12400,
600057.SH,600057,20251209,91501480,0,4167,A,B,91200,300,
600057.SH,600057,20251209,91501670,0,5129,A,B,91200,300,
600057.SH,600057,20251209,91501770,0,6366,A,B,84900,500,
600057.SH,600057,20251209,91501830,0,7362,A,B,88800,1000,
600057.SH,600057,20251209,91501830,0,8503,A,B,89200,20000,
600057.SH,600057,20251209,91501830,0,8518,A,S,95000,3000,
600057.SH,600057,20251209,91501830,0,8521,A,B,88200,20000,
600057.SH,600057,20251209,91501830,0,8550,A,B,87200,20000,
600057.SH,600057,20251209,91501830,0,8573,A,B,86200,20000,
600057.SH,600057,20251209,91501830,0,8740,A,S,91800,5000,
600057.SH,600057,20251209,91501970,0,9158,A,B,91200,2800,
600057.SH,600057,20251209,91501970,0,9361,A,B,91200,200,
600057.SH,600057,20251209,91501970,0,10251,A,S,91100,1000,
600057.SH,600057,20251209,91501970,0,10612,A,S,100200,5000,
600057.SH,600057,20251209,91501970,0,10628,A,S,96800,500,
600057.SH,600057,20251209,91502090,0,11317,A,S,100000,2100,
600057.SH,600057,20251209,91502220,0,12301,A,B,87700,1200,
600057.SH,600057,20251209,91502220,0,12550,A,S,100200,2300,
600057.SH,600057,20251209,91502410,0,13418,A,B,87600,3000,
600057.SH,600057,20251209,91502480,0,13963,A,B,84000,200,
600057.SH,600057,20251209,91502480,0,14037,A,B,91200,1700,
600057.SH,600057,20251209,91502500,0,14040,A,S,99900,200,
600057.SH,600057,20251209,91502500,0,14237,A,S,100200,200,
600057.SH,600057,20251209,91502500,0,14356,A,S,90200,200,
600057.SH,600057,20251209,91502500,0,14604,A,S,100200,10000,
600057.SH,600057,20251209,91502550,0,15056,A,S,94800,500,
600057.SH,600057,20251209,91502550,0,16306,A,S,95800,400,
600057.SH,600057,20251209,91502660,0,16595,A,S,94000,3800,
600057.SH,600057,20251209,91502660,0,16669,A,S,93500,1000,
600057.SH,600057,20251209,91502660,0,16677,A,S,95000,500,
600057.SH,600057,20251209,91502660,0,17215,A,B,86100,500,
600057.SH,600057,20251209,91502660,0,17958,A,B,90000,500,
600057.SH,600057,20251209,91502800,0,18669,A,B,91200,1000,
600057.SH,600057,20251209,91502800,0,19060,A,B,91200,800,
600057.SH,600057,20251209,91502800,0,19196,A,S,99900,300,
600057.SH,600057,20251209,91502800,0,19893,A,S,100200,200,
600057.SH,600057,20251209,91502940,0,21424,A,S,93800,2300,
600057.SH,600057,20251209,91502940,0,21441,A,S,95800,2300,
600057.SH,600057,20251209,91502940,0,21447,A,S,97800,2200,
600057.SH,600057,20251209,91502940,0,21452,A,S,99800,2200,
600057.SH,600057,20251209,91502940,0,21461,A,S,100200,4500,
600057.SH,600057,20251209,91502940,0,21535,A,S,92800,1900,
600057.SH,600057,20251209,91502940,0,21537,A,S,94800,1900,
600057.SH,600057,20251209,91502940,0,21540,A,S,96800,1800,
600057.SH,600057,20251209,91502940,0,21541,A,S,98800,1800,
600057.SH,600057,20251209,91502940,0,21542,A,S,100200,5700,
600057.SH,600057,20251209,91503080,0,23782,A,S,92700,900,
600057.SH,600057,20251209,91503080,0,23839,A,S,94500,900,
600057.SH,600057,20251209,91503080,0,23840,A,S,96400,900,
600057.SH,600057,20251209,91503080,0,24016,A,B,88400,2400,
600057.SH,600057,20251209,91503080,0,24017,A,B,89700,1200,
600057.SH,600057,20251209,91503080,0,24018,A,B,87200,3600,
600057.SH,600057,20251209,91503230,0,24608,A,S,94900,1200,
600057.SH,600057,20251209,91503230,0,24929,A,S,100200,1500,
600057.SH,600057,20251209,91503230,0,25340,A,S,93000,1200,
600057.SH,600057,20251209,91503230,0,25592,A,B,87000,1000,
600057.SH,600057,20251209,91503230,0,25611,A,B,88000,1000,
600057.SH,600057,20251209,91503230,0,25643,A,S,95900,44600,
600057.SH,600057,20251209,91503230,0,25803,A,S,91100,100,
600057.SH,600057,20251209,91503230,0,26277,A,B,89600,200,
600057.SH,600057,20251209,91503370,0,26513,A,S,94100,500,
600057.SH,600057,20251209,91503370,0,26914,A,B,89800,200,
600057.SH,600057,20251209,91503370,0,27652,A,S,91700,20000,
600057.SH,600057,20251209,91503370,0,27666,A,S,92700,20000,
600057.SH,600057,20251209,91503370,0,27667,A,S,93700,20000,
600057.SH,600057,20251209,91503370,0,27678,A,S,94700,20000,
600057.SH,600057,20251209,91503370,0,27679,A,S,95700,20000,
600057.SH,600057,20251209,91503510,0,28492,A,S,100000,2000,
600057.SH,600057,20251209,91503510,0,29608,A,S,100100,1500,
600057.SH,600057,20251209,91503650,0,30517,A,B,100200,500,
600057.SH,600057,20251209,91503650,0,30530,A,S,91600,500,
600057.SH,600057,20251209,91503650,0,31581,A,B,87500,2000,
600057.SH,600057,20251209,91503780,0,32670,A,S,100200,3000,
600057.SH,600057,20251209,91503780,0,34151,A,B,91200,700,
600057.SH,600057,20251209,91503930,0,34784,A,B,85000,2000,
600057.SH,600057,20251209,91503930,0,34848,A,S,94600,1000,
600057.SH,600057,20251209,91503930,0,34862,A,B,95600,1000,
600057.SH,600057,20251209,91503930,0,35571,A,S,92600,1000,
600057.SH,600057,20251209,91504090,0,36465,A,S,100200,100,
600057.SH,600057,20251209,91504090,0,36640,A,S,93900,100,
600057.SH,600057,20251209,91504090,0,36731,A,S,91700,400,
600057.SH,600057,20251209,91504090,0,37563,A,B,87000,400,
600057.SH,600057,20251209,91504090,0,37850,A,S,96000,1300,
600057.SH,600057,20251209,91504090,0,37957,A,B,86000,1300,
600057.SH,600057,20251209,91504200,0,39141,A,B,88000,1200,
600057.SH,600057,20251209,91504370,0,40164,A,S,93000,6300,
600057.SH,600057,20251209,91504370,0,40175,A,S,93500,6400,
600057.SH,600057,20251209,91504370,0,40176,A,S,95500,6400,
600057.SH,600057,20251209,91504370,0,40691,A,B,88500,3000,
600057.SH,600057,20251209,91504370,0,40787,A,S,99900,1700,
600057.SH,600057,20251209,91504370,0,40807,A,B,91200,100,
600057.SH,600057,20251209,91504370,0,41015,A,S,93000,600,
600057.SH,600057,20251209,91504370,0,41553,A,B,91100,600,
600057.SH,600057,20251209,91504540,0,42022,A,S,99800,8200,
600057.SH,600057,20251209,91504540,0,42758,A,S,100100,2000,
600057.SH,600057,20251209,91504540,0,42962,A,B,91200,1000,
600057.SH,600057,20251209,91504540,0,43592,A,S,93000,7800,
600057.SH,600057,20251209,91504690,0,45531,A,S,96000,3800,
600057.SH,600057,20251209,91504690,0,45568,A,S,91900,3000,
600057.SH,600057,20251209,91504840,0,46533,A,S,95000,300,
600057.SH,600057,20251209,91504840,0,46556,A,S,100200,1000,
600057.SH,600057,20251209,91504840,0,46843,A,B,91200,300,
600057.SH,600057,20251209,91504840,0,47562,A,B,89100,1000,
600057.SH,600057,20251209,91504840,0,47911,A,S,98000,700,
600057.SH,600057,20251209,91504990,0,48070,A,S,99000,5000,
600057.SH,600057,20251209,91504990,0,48465,A,B,91500,2000,
600057.SH,600057,20251209,91504990,0,49072,A,B,89000,2000,
600057.SH,600057,20251209,91504990,0,49410,A,B,97000,100,
600057.SH,600057,20251209,91504990,0,49441,A,S,98500,800,
600057.SH,600057,20251209,91504990,0,49442,A,S,95500,200,
600057.SH,600057,20251209,91504990,0,49815,A,S,82000,100,
600057.SH,600057,20251209,91505190,0,50426,A,S,98700,500,
600057.SH,600057,20251209,91505190,0,50800,A,B,89000,700,
600057.SH,600057,20251209,91505190,0,51927,A,B,87300,400,
600057.SH,600057,20251209,91505190,0,51935,A,B,88800,800,
600057.SH,600057,20251209,91505190,0,52044,A,B,87000,100,
600057.SH,600057,20251209,91505500,0,54370,A,S,100000,200,
600057.SH,600057,20251209,91505500,0,55237,A,B,91200,2000,
600057.SH,600057,20251209,91505500,0,55999,A,S,100200,1300,
600057.SH,600057,20251209,91505660,0,57251,A,B,91200,300,
600057.SH,600057,20251209,91505660,0,57296,A,S,95900,2000,
600057.SH,600057,20251209,91505660,0,57370,A,B,89200,20000,
600057.SH,600057,20251209,91505660,0,57386,A,B,88200,20000,
600057.SH,600057,20251209,91505660,0,57403,A,B,87200,20000,
600057.SH,600057,20251209,91505660,0,57421,A,B,86200,20000,
600057.SH,600057,20251209,91505660,0,57443,A,S,91700,20000,
600057.SH,600057,20251209,91505660,0,57463,A,S,92700,20000,
600057.SH,600057,20251209,91505660,0,57489,A,S,93700,20000,
600057.SH,600057,20251209,91505660,0,57511,A,S,94700,20000,
600057.SH,600057,20251209,91505660,0,57529,A,S,95700,20000,
600057.SH,600057,20251209,91505660,0,57903,A,S,97500,2500,
600057.SH,600057,20251209,91505660,0,58113,A,S,95800,100,
600057.SH,600057,20251209,91505840,0,58534,A,B,91200,100,
600057.SH,600057,20251209,91505840,0,59288,A,B,90700,100,
600057.SH,600057,20251209,91505840,0,59544,A,S,100000,1000,
600057.SH,600057,20251209,91505990,0,60316,A,B,87100,200,
600057.SH,600057,20251209,91505990,0,61029,A,B,88000,200,
600057.SH,600057,20251209,91505990,0,61770,A,S,100200,3700,
600057.SH,600057,20251209,91506130,0,62360,A,B,91200,600,
600057.SH,600057,20251209,91506130,0,63356,A,B,91200,2600,
600057.SH,600057,20251209,91506130,0,63466,A,S,100200,600,
600057.SH,600057,20251209,91506130,0,63624,A,S,99800,500,
600057.SH,600057,20251209,91506290,0,64533,A,B,100200,600,
600057.SH,600057,20251209,91506440,0,66643,A,S,100000,5700,
600057.SH,600057,20251209,91506440,0,66995,A,S,93900,200,
600057.SH,600057,20251209,91506440,0,67035,A,S,99900,1300,
600057.SH,600057,20251209,91506440,0,67552,A,S,93000,600,
600057.SH,600057,20251209,91506440,0,67745,A,S,94500,10000,
600057.SH,600057,20251209,91506440,0,67853,A,S,94800,1000,
600057.SH,600057,20251209,91506580,0,68390,A,B,91200,600,
600057.SH,600057,20251209,91506580,0,68537,A,S,97000,5700,
600057.SH,600057,20251209,91506590,0,69408,A,B,87500,2000,
600057.SH,600057,20251209,91506730,0,70835,A,S,96800,600,
600057.SH,600057,20251209,91506730,0,70851,A,S,99800,600,
600057.SH,600057,20251209,91506730,0,70919,A,B,91200,100,
600057.SH,600057,20251209,91506730,0,71060,A,S,93800,1400,
600057.SH,600057,20251209,91506730,0,71127,A,S,96700,500,
600057.SH,600057,20251209,91506730,0,71139,A,S,92000,100,
600057.SH,600057,20251209,91506880,0,72260,A,B,82000,300,
600057.SH,600057,20251209,91506880,0,72261,A,S,100100,300,
600057.SH,600057,20251209,91506880,0,72875,A,B,88000,2000,
600057.SH,600057,20251209,91506880,0,73057,A,S,99900,1000,
600057.SH,600057,20251209,91506880,0,73495,A,S,98800,2000,
600057.SH,600057,20251209,91506880,0,73586,A,S,99900,14000,
600057.SH,600057,20251209,91506880,0,73607,A,S,100000,16000,
600057.SH,600057,20251209,91506880,0,73772,A,S,100100,25000,
600057.SH,600057,20251209,91506880,0,73773,A,S,100200,39000,
600057.SH,600057,20251209,91506880,0,73774,A,S,99800,11000,
600057.SH,600057,20251209,91507060,0,74235,A,S,100200,7000,
600057.SH,600057,20251209,91507060,0,74279,A,S,95800,1500,
600057.SH,600057,20251209,91507060,0,74417,A,S,97000,179000,
600057.SH,600057,20251209,91507060,0,74861,A,S,100200,400,
600057.SH,600057,20251209,91507060,0,74886,A,S,98500,1300,
600057.SH,600057,20251209,91507060,0,74935,A,B,89100,2100,
600057.SH,600057,20251209,91507060,0,75227,A,S,100200,10000,
600057.SH,600057,20251209,91507060,0,75228,A,S,94800,10000,
600057.SH,600057,20251209,91507060,0,75448,A,S,92500,2100,
600057.SH,600057,20251209,91507220,0,76608,A,S,82000,13900,
600057.SH,600057,20251209,91507220,0,76905,A,S,92100,2000,
600057.SH,600057,20251209,91507380,0,77495,A,S,93900,1600,
600057.SH,600057,20251209,91507380,0,78456,A,S,98500,1200,
600057.SH,600057,20251209,91507380,0,79005,A,S,91100,100,
600057.SH,600057,20251209,91507380,0,79015,A,B,90200,2200,
600057.SH,600057,20251209,91507380,0,79016,A,S,98500,400,
600057.SH,600057,20251209,91507380,0,79199,A,S,96500,1200,
600057.SH,600057,20251209,91507530,0,79917,A,S,100200,10000,
600057.SH,600057,20251209,91507530,0,80214,A,S,100200,100,
600057.SH,600057,20251209,91507530,0,80794,A,S,97000,300,
600057.SH,600057,20251209,91507530,0,80989,A,B,88900,600,
600057.SH,600057,20251209,91507670,0,81862,A,B,90500,600,
600057.SH,600057,20251209,91507670,0,82473,A,S,92000,100,
600057.SH,600057,20251209,91507670,0,82584,A,S,95000,2700,
600057.SH,600057,20251209,91507670,0,83235,A,B,90700,1300,
600057.SH,600057,20251209,91507820,0,83565,A,B,88000,1000,
600057.SH,600057,20251209,91507820,0,84420,A,S,95000,3800,
600057.SH,600057,20251209,91507820,0,84439,A,B,85100,3000,
600057.SH,600057,20251209,91507820,0,84478,A,S,97000,3000,
600057.SH,600057,20251209,91507820,0,84541,A,B,100200,600,
600057.SH,600057,20251209,91507820,0,84596,A,B,85400,500,
600057.SH,600057,20251209,91507820,0,84770,A,B,88000,1000,
600057.SH,600057,20251209,91507820,0,84773,A,S,100000,1000,
600057.SH,600057,20251209,91507820,0,84777,A,B,91200,10000,
600057.SH,600057,20251209,91507820,0,85033,A,B,87100,2000,
600057.SH,600057,20251209,91507970,0,85572,A,S,91900,3000,
600057.SH,600057,20251209,91507970,0,85637,A,S,99900,112900,
600057.SH,600057,20251209,91507970,0,85959,A,S,91100,200,
600057.SH,600057,20251209,91507970,0,86146,A,S,95200,1000,
600057.SH,600057,20251209,91508130,0,87366,A,B,91200,200,
600057.SH,600057,20251209,91508130,0,87600,A,S,96000,500,
600057.SH,600057,20251209,91508130,0,87669,A,B,87400,700,
600057.SH,600057,20251209,91508130,0,87815,A,B,88000,3000,
600057.SH,600057,20251209,91508130,0,88983,A,S,82000,600,
600057.SH,600057,20251209,91508330,0,90267,A,B,87600,1000,
600057.SH,600057,20251209,91508330,0,90269,A,S,92800,300,
600057.SH,600057,20251209,91508330,0,90305,A,S,94700,4000,
600057.SH,600057,20251209,91508330,0,90388,A,S,98900,1000,
600057.SH,600057,20251209,91508500,0,91347,A,S,95000,300,
600057.SH,600057,20251209,91508500,0,91498,A,S,92800,1000,
600057.SH,600057,20251209,91508500,0,91499,A,B,89200,1000,
600057.SH,600057,20251209,91508500,0,91565,A,S,100200,500,
600057.SH,600057,20251209,91508500,0,92135,A,S,95000,3300,
600057.SH,600057,20251209,91508500,0,92301,A,S,85000,400,
600057.SH,600057,20251209,91508500,0,93031,A,B,86700,400,
600057.SH,600057,20251209,91508500,0,93121,A,S,91100,100,
600057.SH,600057,20251209,91508650,0,93333,A,S,90900,10000,
600057.SH,600057,20251209,91508650,0,93933,A,S,92600,1000,
600057.SH,600057,20251209,91508650,0,94089,A,S,93500,100,
600057.SH,600057,20251209,91508780,0,94804,A,S,100200,2000,
600057.SH,600057,20251209,91508780,0,94860,A,S,100000,50000,
600057.SH,600057,20251209,91508780,0,94914,A,S,99900,56800,
600057.SH,600057,20251209,91508780,0,95416,A,S,93100,2000,
600057.SH,600057,20251209,91508780,0,96143,A,S,96000,300,
600057.SH,600057,20251209,91508940,0,96793,A,S,92000,200,
600057.SH,600057,20251209,91508940,0,97101,A,S,100100,1000,
600057.SH,600057,20251209,91508940,0,97773,A,S,100200,300,
600057.SH,600057,20251209,91509110,0,98912,A,B,88400,100,
600057.SH,600057,20251209,91509110,0,98928,A,S,97000,500,
600057.SH,600057,20251209,91509110,0,100007,A,S,96600,200,
600057.SH,600057,20251209,91509110,0,100413,A,S,94900,7900,
600057.SH,600057,20251209,91509270,0,100628,A,B,91200,100,
600057.SH,600057,20251209,91509270,0,100696,A,S,92500,1000,
600057.SH,600057,20251209,91509270,0,100988,A,B,85500,300,
600057.SH,600057,20251209,91509270,0,101088,A,B,91100,100,
600057.SH,600057,20251209,91509270,0,102464,A,B,91200,1400,
600057.SH,600057,20251209,91509430,0,102679,A,S,97400,7300,
600057.SH,600057,20251209,91509430,0,102689,A,S,100200,6300,
600057.SH,600057,20251209,91509430,0,102722,A,S,97400,9000,
600057.SH,600057,20251209,91509430,0,102723,A,S,97400,5500,
600057.SH,600057,20251209,91509430,0,103462,A,S,91300,6500,
600057.SH,600057,20251209,91509430,0,103996,A,S,92500,1000,
600057.SH,600057,20251209,91509580,0,104818,A,S,100200,100,
600057.SH,600057,20251209,91509580,0,105830,A,B,88700,5000,
600057.SH,600057,20251209,91509580,0,105971,A,S,100200,5000,
600057.SH,600057,20251209,91509580,0,106278,A,S,96600,10000,
600057.SH,600057,20251209,91509750,0,106662,A,B,87000,500,
600057.SH,600057,20251209,91509750,0,106805,A,S,95800,1000,
600057.SH,600057,20251209,91509750,0,106888,A,S,92300,6400,
600057.SH,600057,20251209,91509750,0,106944,A,S,92800,800,
600057.SH,600057,20251209,91509750,0,107483,A,S,97400,1200,
600057.SH,600057,20251209,91509750,0,108295,A,B,91100,1100,
600057.SH,600057,20251209,91509920,0,108485,A,S,100200,1000,
600057.SH,600057,20251209,91509920,0,109238,A,S,92300,300,
600057.SH,600057,20251209,91509920,0,109265,A,B,87600,500,
600057.SH,600057,20251209,91509920,0,109331,A,B,91200,16400,
600057.SH,600057,20251209,91509920,0,109489,A,S,100100,100,
600057.SH,600057,20251209,91509920,0,110185,A,S,99900,13000,
600057.SH,600057,20251209,91509920,0,110186,A,S,100000,14638,
600057.SH,600057,20251209,91509920,0,110187,A,S,100100,21000,
600057.SH,600057,20251209,91509920,0,110189,A,S,91900,2900,
600057.SH,600057,20251209,91510080,0,110675,A,B,87500,500,
600057.SH,600057,20251209,91510080,0,110830,A,S,95100,100,
600057.SH,600057,20251209,91510180,0,111406,A,B,86000,200,
600057.SH,600057,20251209,91510180,0,112066,A,B,87400,1300,
600057.SH,600057,20251209,91510180,0,112302,A,B,87200,300,
600057.SH,600057,20251209,91510180,0,112593,A,S,100200,10300,
600057.SH,600057,20251209,91510180,0,112720,A,S,99700,200,
600057.SH,600057,20251209,91510180,0,112765,A,S,99700,300,
600057.SH,600057,20251209,91510180,0,112849,A,S,96400,900,
600057.SH,600057,20251209,91510180,0,113176,A,S,93000,100000,
600057.SH,600057,20251209,91510360,0,113523,A,S,100200,6000,
600057.SH,600057,20251209,91510360,0,114108,A,B,91200,500,
600057.SH,600057,20251209,91510360,0,114827,A,B,91100,1100,
600057.SH,600057,20251209,91510360,0,114961,A,S,92900,2000,
600057.SH,600057,20251209,91510360,0,115213,A,B,88000,400,
600057.SH,600057,20251209,91510540,0,115773,A,S,86600,100,
600057.SH,600057,20251209,91510540,0,115866,A,S,93000,1800,
600057.SH,600057,20251209,91510540,0,116125,A,B,82000,1000,
600057.SH,600057,20251209,91510540,0,116242,A,S,100200,4200,
600057.SH,600057,20251209,91510540,0,116268,A,S,100200,6600,
600057.SH,600057,20251209,91510540,0,116443,A,S,100100,2000,
600057.SH,600057,20251209,91510540,0,117021,A,B,91200,16700,
600057.SH,600057,20251209,91510690,0,117507,A,B,86900,500,
600057.SH,600057,20251209,91510690,0,117520,A,S,92700,900,
600057.SH,600057,20251209,91510690,0,117528,A,S,94500,900,
600057.SH,600057,20251209,91510690,0,117545,A,S,96400,900,
600057.SH,600057,20251209,91510690,0,117546,A,B,89700,1200,
600057.SH,600057,20251209,91510690,0,117767,A,B,88400,2400,
600057.SH,600057,20251209,91510690,0,117779,A,B,87200,3600,
600057.SH,600057,20251209,91510690,0,117821,A,S,98000,2000,
600057.SH,600057,20251209,91510690,0,118906,A,S,96600,1000,
600057.SH,600057,20251209,91510860,0,119366,A,S,99900,2300,
600057.SH,600057,20251209,91510860,0,119741,A,S,100200,100,
600057.SH,600057,20251209,91510860,0,120285,A,S,96900,500,
600057.SH,600057,20251209,91510860,0,121055,A,B,88900,1500,
600057.SH,600057,20251209,91511010,0,121809,A,B,86900,1000,
600057.SH,600057,20251209,91511010,0,121905,A,S,100100,1000,
600057.SH,600057,20251209,91511010,0,122492,A,S,91300,100,
600057.SH,600057,20251209,91511010,0,122883,A,S,92000,100,
600057.SH,600057,20251209,91511010,0,123020,A,S,100000,5000,
600057.SH,600057,20251209,91511010,0,123133,A,B,86100,600,
600057.SH,600057,20251209,91511180,0,124151,A,S,98400,500,
600057.SH,600057,20251209,91511350,0,125523,A,B,88000,300,
600057.SH,600057,20251209,91511350,0,125524,A,S,100200,400,
600057.SH,600057,20251209,91511350,0,125726,A,B,100200,2000,
600057.SH,600057,20251209,91511350,0,125847,A,S,100200,2000,
600057.SH,600057,20251209,91511350,0,126205,A,S,98500,500,
600057.SH,600057,20251209,91511530,0,127830,A,S,91100,15400,
600057.SH,600057,20251209,91511530,0,128610,A,B,87000,200,
600057.SH,600057,20251209,91511530,0,128611,A,S,95000,400,
600057.SH,600057,20251209,91511530,0,128896,A,B,89000,300,
600057.SH,600057,20251209,91511530,0,129062,A,S,100200,1500,
600057.SH,600057,20251209,91511700,0,129191,A,B,100200,100,
600057.SH,600057,20251209,91511700,0,129254,A,B,88000,100,
600057.SH,600057,20251209,91511700,0,129957,A,S,82000,2200,
600057.SH,600057,20251209,91511700,0,130056,A,S,93200,1200,
600057.SH,600057,20251209,91511700,0,130402,A,B,87900,300,
600057.SH,600057,20251209,91511700,0,130884,A,S,99700,600,
600057.SH,600057,20251209,91511700,0,130953,A,S,99700,300,
600057.SH,600057,20251209,91511860,0,132125,A,B,90000,1000,
600057.SH,600057,20251209,91511860,0,132442,A,S,96800,8000,
600057.SH,600057,20251209,91511860,0,133014,A,S,98500,2000,
600057.SH,600057,20251209,91512050,0,133265,A,B,87500,500,
600057.SH,600057,20251209,91512050,0,133628,A,B,88000,2000,
600057.SH,600057,20251209,91512050,0,133662,A,B,86500,2000,
600057.SH,600057,20251209,91512050,0,133946,A,B,88800,3000,
600057.SH,600057,20251209,91512050,0,134701,A,S,89900,500,
600057.SH,600057,20251209,91512050,0,134702,A,S,91900,500,
600057.SH,600057,20251209,91512220,0,135076,A,B,87400,1500,
600057.SH,600057,20251209,91512220,0,136122,A,S,93000,100,
600057.SH,600057,20251209,91512220,0,136428,A,B,91100,500,
600057.SH,600057,20251209,91512220,0,136510,A,S,94000,500,
600057.SH,600057,20251209,91512220,0,136594,A,B,90000,3500,
600057.SH,600057,20251209,91512220,0,136649,A,S,90900,700,
600057.SH,600057,20251209,91512370,0,137030,A,B,91200,1000,
600057.SH,600057,20251209,91512370,0,137219,A,S,91500,200,
600057.SH,600057,20251209,91512370,0,138271,A,B,87400,10000,
600057.SH,600057,20251209,91512590,0,139819,A,S,91000,500,
600057.SH,600057,20251209,91512590,0,139975,A,B,83100,400,
600057.SH,600057,20251209,91512590,0,139977,A,S,96500,500,
600057.SH,600057,20251209,91512590,0,140014,A,S,94500,3100,
600057.SH,600057,20251209,91512750,0,140754,A,S,100200,100,
600057.SH,600057,20251209,91512750,0,140775,A,B,86300,400,
600057.SH,600057,20251209,91512750,0,141699,A,S,97800,600,
600057.SH,600057,20251209,91512750,0,142065,A,B,88500,5000,
600057.SH,600057,20251209,91512750,0,142161,A,S,94000,5000,
600057.SH,600057,20251209,91512750,0,142162,A,S,97000,5000,
600057.SH,600057,20251209,91512750,0,142310,A,S,91500,800,
600057.SH,600057,20251209,91512750,0,142349,A,S,96800,1000,
600057.SH,600057,20251209,91512920,0,142643,A,S,93100,3100,
600057.SH,600057,20251209,91512920,0,144033,A,B,87100,1000,
600057.SH,600057,20251209,91513080,0,139977,D,S,96500,500,
600057.SH,600057,20251209,91513080,0,144673,A,S,96000,30000,
600057.SH,600057,20251209,91513080,0,145409,A,B,86000,200,
600057.SH,600057,20251209,91513080,0,145558,A,B,91200,5000,
600057.SH,600057,20251209,91513080,0,146149,A,S,98400,400,
600057.SH,600057,20251209,91513080,0,146472,A,S,93800,200,
600057.SH,600057,20251209,91513270,0,146995,A,B,91200,600,
600057.SH,600057,20251209,91513270,0,147350,A,S,99800,400,
600057.SH,600057,20251209,91513270,0,147756,A,S,98800,400,
600057.SH,600057,20251209,91513270,0,148175,A,S,93000,5600,
600057.SH,600057,20251209,91513270,0,148512,A,B,93300,23500,
600057.SH,600057,20251209,91513450,0,148744,A,S,94900,500,
600057.SH,600057,20251209,91513450,0,149213,A,S,99800,1500,
600057.SH,600057,20251209,91513450,0,149907,A,S,93900,2000,
600057.SH,600057,20251209,91513620,0,150678,A,S,98800,1000,
600057.SH,600057,20251209,91513620,0,151201,A,S,100000,200,
600057.SH,600057,20251209,91513620,0,151879,A,S,100200,28600,
600057.SH,600057,20251209,91513810,0,152456,A,B,91200,800,
600057.SH,600057,20251209,91513810,0,152978,A,S,89000,900,
600057.SH,600057,20251209,91513810,0,153281,A,B,88600,2000,
600057.SH,600057,20251209,91513810,0,153284,A,B,86800,1900,
600057.SH,600057,20251209,91513810,0,153291,A,S,93000,2000,
600057.SH,600057,20251209,91513810,0,153410,A,B,91200,200,
600057.SH,600057,20251209,91513810,0,153930,A,B,86000,100,
600057.SH,600057,20251209,91513980,0,154483,A,S,100200,1000,
600057.SH,600057,20251209,91513980,0,154747,A,B,87000,500,
600057.SH,600057,20251209,91513980,0,155168,A,S,96600,5200,
600057.SH,600057,20251209,91513980,0,155287,A,S,98000,10000,
600057.SH,600057,20251209,91513980,0,155331,A,B,85000,200,
600057.SH,600057,20251209,91513980,0,155759,A,S,100100,1000,
600057.SH,600057,20251209,91514160,0,156116,A,S,98500,200,
600057.SH,600057,20251209,91514250,0,156939,A,S,91800,1500,
600057.SH,600057,20251209,91514250,0,157611,A,B,91600,500,
600057.SH,600057,20251209,91514250,0,158177,A,S,97000,500,
600057.SH,600057,20251209,91514250,0,158300,A,S,91800,200,
600057.SH,600057,20251209,91514430,0,159267,A,B,91200,200,
600057.SH,600057,20251209,91514430,0,159385,A,B,89100,2200,
600057.SH,600057,20251209,91514430,0,160149,A,S,100200,800,
600057.SH,600057,20251209,91514430,0,160322,A,S,94000,1300,
600057.SH,600057,20251209,91514430,0,160323,A,S,98000,1300,
600057.SH,600057,20251209,91514430,0,160325,A,B,86000,1300,
600057.SH,600057,20251209,91514430,0,160405,A,B,91100,4000,
600057.SH,600057,20251209,91514630,0,160969,A,B,89100,100,
600057.SH,600057,20251209,91514630,0,162290,A,S,97700,4300,
600057.SH,600057,20251209,91514760,0,162566,A,S,99000,14900,
600057.SH,600057,20251209,91514760,0,162723,A,S,96000,1300,
600057.SH,600057,20251209,91514760,0,162847,A,S,98500,1200,
600057.SH,600057,20251209,91514760,0,163441,A,B,89300,3000,
600057.SH,600057,20251209,91514760,0,163446,A,S,95100,1000,
600057.SH,600057,20251209,91514760,0,163705,A,B,87800,6000,
600057.SH,600057,20251209,91514760,0,163726,A,S,93000,5000,
600057.SH,600057,20251209,91514760,0,163728,A,S,95600,10000,
600057.SH,600057,20251209,91514760,0,163923,A,B,86000,10000,
600057.SH,600057,20251209,91514940,0,164331,A,B,86000,1300,
600057.SH,600057,20251209,91515020,0,165112,A,S,92300,600,
600057.SH,600057,20251209,91515020,0,165624,A,S,100200,200,
600057.SH,600057,20251209,91515020,0,165627,A,S,98000,100,
600057.SH,600057,20251209,91515020,0,166205,A,B,87100,3000,
600057.SH,600057,20251209,91515160,0,166736,A,S,100200,400,
600057.SH,600057,20251209,91515160,0,166832,A,B,88700,3000,
600057.SH,600057,20251209,91515200,0,166965,A,S,99100,2000,
600057.SH,600057,20251209,91515200,0,167246,A,S,95000,1300,
600057.SH,600057,20251209,91515200,0,167410,A,S,93000,1000,
600057.SH,600057,20251209,91515200,0,167419,A,S,96000,1000,
600057.SH,600057,20251209,91515200,0,167426,A,S,98800,1000,
600057.SH,600057,20251209,91515200,0,167428,A,S,100200,900,
600057.SH,600057,20251209,91515200,0,167665,A,B,87500,1400,
600057.SH,600057,20251209,91515200,0,167967,A,B,86800,1000,
600057.SH,600057,20251209,91515200,0,168042,A,S,91000,700,
600057.SH,600057,20251209,91515200,0,168114,A,B,87500,5000,
600057.SH,600057,20251209,91515380,0,168716,A,S,92500,5000,
600057.SH,600057,20251209,91515380,0,169536,A,B,89800,100,
600057.SH,600057,20251209,91515510,0,171198,A,B,85600,500,
600057.SH,600057,20251209,91515510,0,171399,A,S,92000,1000,
600057.SH,600057,20251209,91515730,0,172260,A,S,96800,2000,
600057.SH,600057,20251209,91515730,0,173538,A,B,82200,1000,
600057.SH,600057,20251209,91515920,0,173842,A,B,82900,400,
600057.SH,600057,20251209,91516110,0,176196,A,B,87100,200,
600057.SH,600057,20251209,91516290,0,178513,A,S,91800,100,
600057.SH,600057,20251209,91516290,0,179142,A,S,92900,1100,
600057.SH,600057,20251209,91516290,0,179173,A,S,93500,300,
600057.SH,600057,20251209,91516290,0,179182,A,S,100000,300,
600057.SH,600057,20251209,91516290,0,179326,A,B,87100,500,
600057.SH,600057,20251209,91516290,0,179356,A,B,88100,500,
600057.SH,600057,20251209,91516290,0,179374,A,S,93900,2000,
600057.SH,600057,20251209,91516490,0,179723,A,S,93800,2200,
600057.SH,600057,20251209,91516490,0,180023,A,S,94800,4400,
600057.SH,600057,20251209,91516490,0,180033,A,S,95800,8800,
600057.SH,600057,20251209,91516490,0,180034,A,S,96800,17600,
600057.SH,600057,20251209,91516490,0,180035,A,S,97800,35200,
600057.SH,600057,20251209,91516490,0,180111,A,S,98800,14800,
600057.SH,600057,20251209,91516490,0,180647,A,S,100000,600,
600057.SH,600057,20251209,91516490,0,180767,A,B,87100,300,
600057.SH,600057,20251209,91516490,0,181063,A,S,99700,1800,
600057.SH,600057,20251209,91516490,0,181064,A,B,83000,1500,
600057.SH,600057,20251209,91516490,0,181124,A,S,92000,2000,
600057.SH,600057,20251209,91516490,0,181163,A,S,92800,1500,
600057.SH,600057,20251209,91516490,0,181164,A,S,93500,1500,
600057.SH,600057,20251209,91516490,0,181170,A,B,88000,200,
600057.SH,600057,20251209,91516490,0,181171,A,B,86000,100,
600057.SH,600057,20251209,91516490,0,181172,A,B,90000,100,
600057.SH,600057,20251209,91516670,0,181642,A,B,89200,1000,
600057.SH,600057,20251209,91516670,0,182063,A,B,88900,500,
600057.SH,600057,20251209,91516670,0,182128,A,B,92500,5000,
600057.SH,600057,20251209,91516670,0,182327,A,S,94400,1100,
600057.SH,600057,20251209,91516670,0,182328,A,S,97700,1100,
600057.SH,600057,20251209,91516670,0,182949,A,B,87500,1000,
600057.SH,600057,20251209,91516670,0,183023,A,B,91200,3700,
600057.SH,600057,20251209,91516670,0,183154,A,B,85000,100,
600057.SH,600057,20251209,91516860,0,183470,A,B,90200,2200,
600057.SH,600057,20251209,91516860,0,184780,A,S,96800,300,
600057.SH,600057,20251209,91516860,0,185089,A,S,99800,3000,
600057.SH,600057,20251209,91516860,0,185329,A,B,100200,1400,
600057.SH,600057,20251209,91517080,0,186435,A,B,90400,700,
600057.SH,600057,20251209,91517080,0,186835,A,S,100200,2000,
600057.SH,600057,20251209,91517220,0,187401,A,B,89100,500,
600057.SH,600057,20251209,91517220,0,187412,A,S,92900,700,
600057.SH,600057,20251209,91517300,0,187949,A,S,100000,14300,
600057.SH,600057,20251209,91517300,0,187950,A,S,100100,14300,
600057.SH,600057,20251209,91517300,0,188680,A,B,88100,200,
600057.SH,600057,20251209,91517300,0,189234,A,S,95000,11700,
600057.SH,600057,20251209,91517300,0,189291,A,B,87400,100,
600057.SH,600057,20251209,91517300,0,189582,A,S,100200,4000,
600057.SH,600057,20251209,91517300,0,189633,A,S,92000,400,
600057.SH,600057,20251209,91517490,0,189728,A,B,85000,100,
600057.SH,600057,20251209,91517490,0,190064,A,S,86600,100,
600057.SH,600057,20251209,91517490,0,190091,A,S,93000,900,
600057.SH,600057,20251209,91517490,0,190574,A,S,100100,1200,
600057.SH,600057,20251209,91517680,0,192141,A,S,95000,5000,
600057.SH,600057,20251209,91517750,0,192362,A,B,87800,600,
600057.SH,600057,20251209,91517750,0,192378,A,S,94000,35000,
600057.SH,600057,20251209,91517750,0,192769,A,B,90000,100,
600057.SH,600057,20251209,91517750,0,193023,A,S,95800,2000,
600057.SH,600057,20251209,91517750,0,193547,A,S,100200,200,
600057.SH,600057,20251209,91517750,0,193655,A,S,96000,2600,
600057.SH,600057,20251209,91517750,0,193842,A,B,91100,100,
600057.SH,600057,20251209,91517940,0,194509,A,S,97000,35000,
600057.SH,600057,20251209,91517940,0,195303,A,S,100200,1000,
600057.SH,600057,20251209,91517940,0,195996,A,B,91200,100,
600057.SH,600057,20251209,91518130,0,196302,A,S,94000,500,
600057.SH,600057,20251209,91518130,0,196399,A,B,89100,200,
600057.SH,600057,20251209,91518130,0,196696,A,S,93900,10000,
600057.SH,600057,20251209,91518130,0,196796,A,S,88800,400,
600057.SH,600057,20251209,91518130,0,196808,A,B,91200,900,
600057.SH,600057,20251209,91518130,0,196857,A,B,91200,1200,
600057.SH,600057,20251209,91518130,0,196983,A,S,99600,2500,
600057.SH,600057,20251209,91518130,0,196992,A,S,94100,4700,
600057.SH,600057,20251209,91518310,0,198010,A,B,91100,2000,
600057.SH,600057,20251209,91518310,0,198455,A,S,93500,400,
600057.SH,600057,20251209,91518310,0,198979,A,S,95200,400,
600057.SH,600057,20251209,91518310,0,199105,A,S,96900,900,
600057.SH,600057,20251209,91518310,0,199152,A,B,85800,3000,
600057.SH,600057,20251209,91518310,0,199210,A,S,97100,500,
600057.SH,600057,20251209,91518310,0,199375,A,B,82000,3000,
600057.SH,600057,20251209,91518310,0,199612,A,S,100200,3800,
600057.SH,600057,20251209,91518490,0,200453,A,S,90200,2000,
600057.SH,600057,20251209,91518590,0,201168,A,B,84000,35000,
600057.SH,600057,20251209,91518590,0,202255,A,B,91200,1000,
600057.SH,600057,20251209,91518760,0,202564,A,S,91100,100,
600057.SH,600057,20251209,91518760,0,202629,A,S,98000,1000,
600057.SH,600057,20251209,91518760,0,202923,A,S,93000,3700,
600057.SH,600057,20251209,91518890,0,203723,A,S,95500,400,
600057.SH,600057,20251209,91518970,0,203955,A,S,100000,200,
600057.SH,600057,20251209,91518970,0,204624,A,S,93900,4000,
600057.SH,600057,20251209,91518970,0,205202,A,S,100100,3000,
600057.SH,600057,20251209,91518970,0,205485,A,S,93000,7100,
600057.SH,600057,20251209,91519120,0,205875,A,B,86800,1100,
600057.SH,600057,20251209,91519120,0,206295,A,S,94600,4800,
600057.SH,600057,20251209,91519120,0,206497,A,S,99900,101,
600057.SH,600057,20251209,91519120,0,206558,A,B,87500,500,
600057.SH,600057,20251209,91519120,0,206586,A,B,87000,200,
600057.SH,600057,20251209,91519120,0,206737,A,B,89600,9600,
600057.SH,600057,20251209,91519280,0,207310,A,S,92300,15000,
600057.SH,600057,20251209,91519420,0,208325,A,S,92700,1000,
600057.SH,600057,20251209,91519420,0,208368,A,S,98500,1000,
600057.SH,600057,20251209,91519420,0,208475,A,B,86000,500,
600057.SH,600057,20251209,91519420,0,208508,A,S,94800,8100,
600057.SH,600057,20251209,91519420,0,208845,A,S,100200,640,
600057.SH,600057,20251209,91519420,0,209340,A,S,100200,1000,
600057.SH,600057,20251209,91519420,0,209472,A,S,95300,500,
600057.SH,600057,20251209,91519420,0,209509,A,S,97900,500,
600057.SH,600057,20251209,91519420,0,209631,A,S,93000,100,
600057.SH,600057,20251209,91519420,0,210065,A,S,100200,685,
600057.SH,600057,20251209,91519590,0,210340,A,S,96000,1300,
600057.SH,600057,20251209,91519590,0,210714,A,B,86300,1300,
600057.SH,600057,20251209,91519590,0,211373,A,B,86800,800,
600057.SH,600057,20251209,91519590,0,211790,A,S,99000,1000,
600057.SH,600057,20251209,91519760,0,212065,A,S,93500,700,
600057.SH,600057,20251209,91519760,0,212938,A,S,91100,400,
600057.SH,600057,20251209,91519760,0,212967,A,S,100200,1100,
600057.SH,600057,20251209,91519760,0,213663,A,S,100200,2000,
600057.SH,600057,20251209,91519950,0,214304,A,S,100200,1000,
600057.SH,600057,20251209,91519950,0,214306,A,S,92000,300,
600057.SH,600057,20251209,91519950,0,214629,A,S,100200,18725,
600057.SH,600057,20251209,91519950,0,214713,A,S,100200,10493,
600057.SH,600057,20251209,91520100,0,215371,A,S,100200,2000,
600057.SH,600057,20251209,91520100,0,215496,A,B,88900,400,
600057.SH,600057,20251209,91520100,0,215611,A,S,99900,3800,
600057.SH,600057,20251209,91520190,0,215990,A,S,100000,500,
600057.SH,600057,20251209,91520290,0,217082,A,B,90500,1100,
600057.SH,600057,20251209,91520290,0,217098,A,S,100200,100,
600057.SH,600057,20251209,91520290,0,217183,A,S,100000,1200,
600057.SH,600057,20251209,91520290,0,217753,A,S,99500,1000,
600057.SH,600057,20251209,91520290,0,217955,A,B,89700,6000,
600057.SH,600057,20251209,91520290,0,218042,A,S,100200,3000,
600057.SH,600057,20251209,91520290,0,218234,A,B,86600,3000,
600057.SH,600057,20251209,91520480,0,219223,A,S,94000,4000,
600057.SH,600057,20251209,91520580,0,219548,A,B,88800,3000,
600057.SH,600057,20251209,91520580,0,220266,A,S,100000,5000,
600057.SH,600057,20251209,91520580,0,220314,A,S,100200,2100,
600057.SH,600057,20251209,91520580,0,220463,A,S,94800,500,
600057.SH,600057,20251209,91520580,0,221002,A,S,92500,2300,
600057.SH,600057,20251209,91520580,0,221177,A,S,91100,100,
600057.SH,600057,20251209,91520750,0,222123,A,S,91500,1000,
600057.SH,600057,20251209,91520750,0,222267,A,S,92000,1000,
600057.SH,600057,20251209,91520750,0,222330,A,S,93000,1000,
600057.SH,600057,20251209,91520750,0,222642,A,S,95000,900,
600057.SH,600057,20251209,91520750,0,222698,A,S,98000,500,
600057.SH,600057,20251209,91520750,0,222764,A,S,100200,500,
600057.SH,600057,20251209,91520750,0,223023,A,S,92000,3800,
600057.SH,600057,20251209,91520920,0,223986,A,B,86500,3000,
600057.SH,600057,20251209,91520920,0,223991,A,B,84700,6000,
600057.SH,600057,20251209,91520920,0,224391,A,S,92900,1000,
600057.SH,600057,20251209,91520920,0,224486,A,B,83400,12000,
600057.SH,600057,20251209,91520920,0,224741,A,B,85000,200,
600057.SH,600057,20251209,91520920,0,224747,A,S,91900,900,
600057.SH,600057,20251209,91520920,0,224807,A,S,94400,400,
600057.SH,600057,20251209,91520920,0,224854,A,B,85000,1000,
600057.SH,600057,20251209,91520920,0,224891,A,B,87000,1000,
600057.SH,600057,20251209,91521100,0,225079,A,S,95600,1400,
600057.SH,600057,20251209,91521280,0,227044,A,S,95500,31700,
600057.SH,600057,20251209,91521370,0,227206,A,S,93900,100,
600057.SH,600057,20251209,91521370,0,227218,A,S,96600,100,
600057.SH,600057,20251209,91521370,0,227377,A,S,100200,300,
600057.SH,600057,20251209,91521370,0,227932,A,S,95200,400,
600057.SH,600057,20251209,91521370,0,227944,A,B,86000,1000,
600057.SH,600057,20251209,91521370,0,228276,A,B,85000,200,
600057.SH,600057,20251209,91521370,0,228370,A,B,91200,500,
600057.SH,600057,20251209,91521370,0,228432,A,S,100100,300,
600057.SH,600057,20251209,91521530,0,229275,A,S,92900,3600,
600057.SH,600057,20251209,91521640,0,229704,A,S,86600,700,
600057.SH,600057,20251209,91521640,0,230415,A,B,88800,1300,
600057.SH,600057,20251209,91521640,0,230835,A,B,91200,1000,
600057.SH,600057,20251209,91521640,0,230843,A,S,87200,300,
600057.SH,600057,20251209,91521640,0,230873,A,B,86600,300,
600057.SH,600057,20251209,91521810,0,232107,A,S,95000,3000,
600057.SH,600057,20251209,91521810,0,232167,A,S,100000,3000,
600057.SH,600057,20251209,91521930,0,232589,A,S,93000,4200,
600057.SH,600057,20251209,91521930,0,232912,A,S,92000,4300,
600057.SH,600057,20251209,91521930,0,232925,A,B,86600,300,
600057.SH,600057,20251209,91521930,0,233685,A,S,93500,1900,
600057.SH,600057,20251209,91522100,0,234623,A,S,92000,600,
600057.SH,600057,20251209,91522100,0,234646,A,S,98800,5700,
600057.SH,600057,20251209,91522100,0,235579,A,S,100200,600,
600057.SH,600057,20251209,91522100,0,235674,A,S,100100,500,
600057.SH,600057,20251209,91522280,0,236326,A,S,92800,3500,
600057.SH,600057,20251209,91522280,0,237487,A,S,94000,400,
600057.SH,600057,20251209,91522510,0,238164,A,B,91100,1700,
600057.SH,600057,20251209,91522590,0,239871,A,B,89400,600,
600057.SH,600057,20251209,91522710,0,240226,A,B,91300,100,
600057.SH,600057,20251209,91522820,0,241046,A,B,89700,100,
600057.SH,600057,20251209,91522820,0,241191,A,S,96900,4000,
600057.SH,600057,20251209,91522820,0,240226,D,B,91300,100,
600057.SH,600057,20251209,91522980,0,242740,A,B,83000,100,
600057.SH,600057,20251209,91522980,0,242954,A,S,94100,16200,
600057.SH,600057,20251209,91523170,0,243767,A,S,92800,500,
600057.SH,600057,20251209,91523310,0,244148,A,B,91100,100,
600057.SH,600057,20251209,91523550,0,244800,A,S,99900,5000,
600057.SH,600057,20251209,91526120,0,246026,A,S,91200,7400,
600057.SH,600057,20251209,91531460,0,247495,A,S,91200,4600,
600057.SH,600057,20251209,91533230,0,248031,A,B,87800,200,
600057.SH,600057,20251209,91534300,0,248357,A,S,92100,2200,
600057.SH,600057,20251209,91542220,0,250463,A,B,90600,800,
600057.SH,600057,20251209,91542370,0,250594,A,B,88900,500,
600057.SH,600057,20251209,91545500,0,251592,A,S,94900,1000,
600057.SH,600057,20251209,91546240,0,251767,A,B,86600,300,
600057.SH,600057,20251209,91546240,0,251768,A,S,87200,300,
600057.SH,600057,20251209,91547250,0,252146,A,S,93000,49000,
600057.SH,600057,20251209,91548180,0,252453,A,B,89800,1000,
600057.SH,600057,20251209,91556120,0,254987,A,S,100000,3000,
600057.SH,600057,20251209,91558370,0,255765,A,S,94000,2600,
600057.SH,600057,20251209,91600890,0,256612,A,B,100200,1300,
600057.SH,600057,20251209,91601330,0,256882,A,B,91200,500,
600057.SH,600057,20251209,91605380,0,258174,A,B,89300,300,
600057.SH,600057,20251209,91605540,0,173538,D,B,82200,1000,
600057.SH,600057,20251209,91608190,0,258961,A,B,91200,300,
600057.SH,600057,20251209,91610130,0,259285,A,S,92600,800,
600057.SH,600057,20251209,91613590,0,259796,A,S,91100,1100,
600057.SH,600057,20251209,91617060,0,260263,A,S,91100,4300,
600057.SH,600057,20251209,91620180,0,260660,A,B,91200,1000,
600057.SH,600057,20251209,91620510,0,260709,A,S,93000,1000,
600057.SH,600057,20251209,91621020,0,71060,D,S,93800,1400,
600057.SH,600057,20251209,91625400,0,261379,A,B,87100,1300,
600057.SH,600057,20251209,91627310,0,256612,D,B,100200,1300,
600057.SH,600057,20251209,91630770,0,262150,A,S,91600,3000,
600057.SH,600057,20251209,91631250,0,262213,A,S,98800,1700,
600057.SH,600057,20251209,91631680,0,202923,D,S,93000,3700,
600057.SH,600057,20251209,91633390,0,262637,A,B,88800,800,
600057.SH,600057,20251209,91633630,0,262664,A,B,91200,1000,
600057.SH,600057,20251209,91634090,0,262722,A,S,90800,9900,
600057.SH,600057,20251209,91634390,0,258174,D,B,89300,300,
600057.SH,600057,20251209,91635700,0,262958,A,B,91200,200,
600057.SH,600057,20251209,91639300,0,263613,A,S,92900,1300,
600057.SH,600057,20251209,91641240,0,263924,A,B,91200,1000,
600057.SH,600057,20251209,91644210,0,264347,A,B,91200,7000,
600057.SH,600057,20251209,91647070,0,264801,A,S,92900,900,
600057.SH,600057,20251209,91648340,0,265004,A,S,92200,1000,
600057.SH,600057,20251209,91649790,0,265202,A,S,100000,35000,
600057.SH,600057,20251209,91651750,0,265509,A,B,91100,100,
600057.SH,600057,20251209,91653600,0,246026,D,S,91200,7400,
600057.SH,600057,20251209,91656400,0,266238,A,B,87200,1000,
600057.SH,600057,20251209,91656580,0,266263,A,B,87100,900,
600057.SH,600057,20251209,91657440,0,228370,D,B,91200,500,
600057.SH,600057,20251209,91659340,0,266665,A,B,91200,900,
600057.SH,600057,20251209,91700990,0,266949,A,B,90500,1500,
600057.SH,600057,20251209,91703160,0,49815,D,S,82000,100,
600057.SH,600057,20251209,91703160,0,267293,A,B,91200,2000,
600057.SH,600057,20251209,91704450,0,228276,D,B,85000,200,
600057.SH,600057,20251209,91705860,0,267723,A,S,100200,23000,
600057.SH,600057,20251209,91707280,0,267979,A,S,92000,2200,
600057.SH,600057,20251209,91712130,0,268898,A,S,95000,100,
600057.SH,600057,20251209,91713260,0,269086,A,S,92000,3700,
600057.SH,600057,20251209,91714660,0,269300,A,B,88800,500,
600057.SH,600057,20251209,91717430,0,269774,A,S,95100,1800,
600057.SH,600057,20251209,91719810,0,270150,A,B,91200,400,
600057.SH,600057,20251209,91724180,0,270941,A,B,88800,600,
600057.SH,600057,20251209,91725490,0,271167,A,S,96900,600,
600057.SH,600057,20251209,91730000,0,271942,A,B,100200,200,
600057.SH,600057,20251209,91730240,0,271995,A,S,91900,1100,
600057.SH,600057,20251209,91735590,0,272888,A,B,91200,500,
600057.SH,600057,20251209,91737150,0,273158,A,S,98800,800,
600057.SH,600057,20251209,91738700,0,273437,A,B,91200,300,
600057.SH,600057,20251209,91740120,0,273678,A,S,82000,200,
600057.SH,600057,20251209,91742340,0,274065,A,S,91800,500,
600057.SH,600057,20251209,91742630,0,274114,A,B,91300,2000,
600057.SH,600057,20251209,91745790,0,140014,D,S,94500,3100,
600057.SH,600057,20251209,91745830,0,274634,A,B,91200,5900,
600057.SH,600057,20251209,91748210,0,92301,D,S,85000,400,
600057.SH,600057,20251209,91749230,0,275232,A,B,91200,5000,
600057.SH,600057,20251209,91749300,0,275244,A,S,91200,200,
600057.SH,600057,20251209,91753360,0,275972,A,S,91700,600,
600057.SH,600057,20251209,91753660,0,276032,A,B,91400,500,
600057.SH,600057,20251209,91754910,0,276234,A,S,99800,2200,
600057.SH,600057,20251209,91755690,0,276365,A,B,91200,2400,
600057.SH,600057,20251209,91756540,0,276534,A,B,91200,200,
600057.SH,600057,20251209,91757980,0,276814,A,S,96600,1000,
600057.SH,600057,20251209,91758010,0,264347,D,B,91200,7000,
600057.SH,600057,20251209,91758320,0,276870,A,B,91200,1000,
600057.SH,600057,20251209,91758540,0,276906,A,S,98800,11000,
600057.SH,600057,20251209,91802990,0,277733,A,S,96000,700,
600057.SH,600057,20251209,91803050,0,277747,A,S,95200,1000,
600057.SH,600057,20251209,91803840,0,277886,A,S,100200,300,
600057.SH,600057,20251209,91804430,0,277979,A,B,100200,3000,
600057.SH,600057,20251209,91805030,0,278082,A,B,91200,200,
600057.SH,600057,20251209,91805820,0,278234,A,S,93800,1700,
600057.SH,600057,20251209,91807600,0,278551,A,B,100200,5600,
600057.SH,600057,20251209,91811480,0,279275,A,S,100200,1000,
600057.SH,600057,20251209,91812640,0,279480,A,S,98700,100,
600057.SH,600057,20251209,91812860,0,279524,A,B,91200,7000,
600057.SH,600057,20251209,91814520,0,279822,A,S,98200,1000,
600057.SH,600057,20251209,91816720,0,280216,A,S,90900,8000,
600057.SH,600057,20251209,91817080,0,280284,A,B,91200,300,
600057.SH,600057,20251209,91818170,0,280480,A,B,90800,500,
600057.SH,600057,20251209,91818460,0,280548,A,B,90500,200,
600057.SH,600057,20251209,91823140,0,256882,D,B,91200,500,
600057.SH,600057,20251209,91826140,0,281901,A,B,86600,2000,
600057.SH,600057,20251209,91826210,0,281911,A,S,87500,4000,
600057.SH,600057,20251209,91826450,0,281953,A,S,95800,500,
600057.SH,600057,20251209,91826570,0,281971,A,B,93700,33500,
600057.SH,600057,20251209,91828410,0,282298,A,S,99900,800,
600057.SH,600057,20251209,91828530,0,282325,A,S,91600,1100,
600057.SH,600057,20251209,91831570,0,282854,A,S,94000,21900,
600057.SH,600057,20251209,91833820,0,283264,A,S,100000,3100,
600057.SH,600057,20251209,91838250,0,260263,D,S,91100,4300,
600057.SH,600057,20251209,91838540,0,284083,A,S,100200,500,
600057.SH,600057,20251209,91838950,0,284168,A,S,100200,800,
600057.SH,600057,20251209,91839870,0,284344,A,S,92400,1900,
600057.SH,600057,20251209,91841830,0,284722,A,S,96800,500,
600057.SH,600057,20251209,91842590,0,284859,A,S,99500,5000,
600057.SH,600057,20251209,91843190,0,284976,A,S,93000,5000,
600057.SH,600057,20251209,91844960,0,285303,A,S,88100,5000,
600057.SH,600057,20251209,91846960,0,285652,A,B,91600,1200,
600057.SH,600057,20251209,91849520,0,286159,A,B,91200,300,
600057.SH,600057,20251209,91853180,0,286795,A,B,91300,200,
600057.SH,600057,20251209,91853770,0,286919,A,B,91200,100,
600057.SH,600057,20251209,91857240,0,287579,A,S,95800,1100,
600057.SH,600057,20251209,91857890,0,287717,A,B,91400,5500,
600057.SH,600057,20251209,91858340,0,284168,D,S,100200,800,
600057.SH,600057,20251209,91904900,0,288944,A,S,91700,1000,
600057.SH,600057,20251209,91906760,0,289275,A,B,91300,200,
600057.SH,600057,20251209,91907120,0,289329,A,B,91200,200,
600057.SH,600057,20251209,91908520,0,289606,A,S,91300,4000,
600057.SH,600057,20251209,91909220,0,289742,A,B,91300,200,
600057.SH,600057,20251209,91909700,0,276534,D,B,91200,200,
600057.SH,600057,20251209,91909700,0,289862,A,S,100200,200,
600057.SH,600057,20251209,91910060,0,289934,A,S,98000,300,
600057.SH,600057,20251209,91910300,0,289981,A,S,94600,400,
600057.SH,600057,20251209,91912400,0,290413,A,B,91300,100,
600057.SH,600057,20251209,91912550,0,290448,A,B,91000,200,
600057.SH,600057,20251209,91913450,0,290607,A,S,90500,3000,
600057.SH,600057,20251209,91913860,0,290694,A,B,90000,10000,
600057.SH,600057,20251209,91914990,0,290896,A,S,93000,200,
600057.SH,600057,20251209,91915230,0,196983,D,S,99600,2500,
600057.SH,600057,20251209,91915880,0,291058,A,B,91300,200,
600057.SH,600057,20251209,91917160,0,291297,A,B,91300,200,
600057.SH,600057,20251209,91920640,0,292018,A,B,88800,3000,
600057.SH,600057,20251209,91921510,0,292198,A,S,95000,1000,
600057.SH,600057,20251209,91922160,0,292319,A,B,91300,200,
600057.SH,600057,20251209,91924110,0,292642,A,B,91300,400,
600057.SH,600057,20251209,91924180,0,292650,A,B,91300,400,
600057.SH,600057,20251209,91924330,0,292679,A,S,93500,3000,
600057.SH,600057,20251209,91925360,0,292884,A,B,91300,1000,
600057.SH,600057,20251209,91927990,0,293396,A,B,90000,1000,
600057.SH,600057,20251209,91928470,0,181124,D,S,92000,2000,
600057.SH,600057,20251209,91929390,0,293664,A,S,94000,10000,
600057.SH,600057,20251209,91930330,0,293847,A,S,93000,5000,
600057.SH,600057,20251209,91930720,0,292018,D,B,88800,3000,
600057.SH,600057,20251209,91932000,0,294158,A,B,87800,1500,
600057.SH,600057,20251209,91934520,0,227044,D,S,95500,31700,
600057.SH,600057,20251209,91934700,0,294667,A,S,90600,5000,
600057.SH,600057,20251209,91935070,0,294733,A,S,94900,200,
600057.SH,600057,20251209,91935320,0,294774,A,B,89500,600,
600057.SH,600057,20251209,91936970,0,295110,A,B,91300,1000,
600057.SH,600057,20251209,91937660,0,295251,A,B,91300,500,
600057.SH,600057,20251209,91938230,0,295364,A,S,92500,700,
600057.SH,600057,20251209,91940220,0,295779,A,S,100100,2000,
600057.SH,600057,20251209,91940350,0,295803,A,S,92000,5000,
600057.SH,600057,20251209,91941100,0,295977,A,B,93600,2200,
600057.SH,600057,20251209,91941250,0,296009,A,S,91100,2000,
600057.SH,600057,20251209,91941690,0,296086,A,B,91800,20000,
600057.SH,600057,20251209,91942280,0,296204,A,B,90500,500,
600057.SH,600057,20251209,91943210,0,296389,A,S,100200,2900,
600057.SH,600057,20251209,91950570,0,298025,A,B,91400,600,
600057.SH,600057,20251209,91951580,0,298246,A,S,95400,3500,
600057.SH,600057,20251209,91952990,0,298526,A,B,89000,2000,
600057.SH,600057,20251209,91956540,0,148512,D,B,93300,23500,
600057.SH,600057,20251209,91957310,0,299393,A,B,91400,300,
600057.SH,600057,20251209,91957600,0,299447,A,B,91400,1100,
600057.SH,600057,20251209,91957670,0,299466,A,S,82000,100,
600057.SH,600057,20251209,91957880,0,289606,D,S,91300,4000,
600057.SH,600057,20251209,92000350,0,300109,A,S,92800,5000,
600057.SH,600057,20251209,92000380,0,300114,A,S,92900,500,
600057.SH,600057,20251209,92000790,0,300230,A,S,95000,20000,
600057.SH,600057,20251209,92001990,0,300616,A,S,82000,400,
600057.SH,600057,20251209,92002090,0,300661,A,S,89300,1200,
600057.SH,600057,20251209,92003020,0,300970,A,S,82000,100,
600057.SH,600057,20251209,92003410,0,301095,A,B,92500,10000,
600057.SH,600057,20251209,92003720,0,301167,A,S,91200,1000,
600057.SH,600057,20251209,92004830,0,301491,A,S,99900,1000,
600057.SH,600057,20251209,92005580,0,301735,A,B,91000,500,
600057.SH,600057,20251209,92006830,0,302050,A,S,82900,12100,
600057.SH,600057,20251209,92007410,0,302188,A,S,100200,1800,
600057.SH,600057,20251209,92008900,0,302511,A,S,100200,8000,
600057.SH,600057,20251209,92009450,0,302650,A,S,91300,300,
600057.SH,600057,20251209,92009670,0,302701,A,B,100000,600,
600057.SH,600057,20251209,92009710,0,302709,A,S,92700,300,
600057.SH,600057,20251209,92012090,0,303225,A,B,91300,1000,
600057.SH,600057,20251209,92012340,0,303283,A,S,91200,4300,
600057.SH,600057,20251209,92013180,0,303474,A,S,82000,200,
600057.SH,600057,20251209,92013480,0,303532,A,S,82000,100,
600057.SH,600057,20251209,92013810,0,303608,A,S,91200,1000,
600057.SH,600057,20251209,92014050,0,303658,A,B,91000,100,
600057.SH,600057,20251209,92015190,0,303881,A,B,91200,3800,
600057.SH,600057,20251209,92015450,0,303931,A,B,88500,1200,
600057.SH,600057,20251209,92016230,0,304101,A,B,93300,5300,
600057.SH,600057,20251209,92016610,0,304179,A,S,99800,1000,
600057.SH,600057,20251209,92017060,0,304270,A,B,91000,200,
600057.SH,600057,20251209,92018790,0,304605,A,S,96600,1000,
600057.SH,600057,20251209,92022570,0,305445,A,S,90000,1000,
600057.SH,600057,20251209,92022760,0,305485,A,B,90000,200,
600057.SH,600057,20251209,92023810,0,305717,A,B,91200,500,
600057.SH,600057,20251209,92024410,0,305848,A,S,91200,1000,
600057.SH,600057,20251209,92024860,0,305954,A,B,91200,300,
600057.SH,600057,20251209,92025160,0,306015,A,S,91700,2000,
600057.SH,600057,20251209,92027230,0,306453,A,B,91100,100,
600057.SH,600057,20251209,92028260,0,306684,A,S,91200,800,
600057.SH,600057,20251209,92029540,0,306958,A,S,96700,200,
600057.SH,600057,20251209,92030140,0,307105,A,B,91200,400,
600057.SH,600057,20251209,92032790,0,307645,A,S,94800,14900,
600057.SH,600057,20251209,92033010,0,307686,A,S,91900,600,
600057.SH,600057,20251209,92033710,0,307847,A,S,95000,5000,
600057.SH,600057,20251209,92035340,0,308170,A,B,91200,200,
600057.SH,600057,20251209,92035540,0,308216,A,B,92000,10000,
600057.SH,600057,20251209,92036140,0,308347,A,S,96800,100,
600057.SH,600057,20251209,92036810,0,308480,A,S,91200,200,
600057.SH,600057,20251209,92037500,0,308639,A,B,91200,100,
600057.SH,600057,20251209,92037900,0,308732,A,S,91500,2700,
600057.SH,600057,20251209,92038830,0,308945,A,S,98900,1000,
600057.SH,600057,20251209,92039450,0,309070,A,B,91200,1100,
600057.SH,600057,20251209,92040090,0,309213,A,B,90500,500,
600057.SH,600057,20251209,92041660,0,309572,A,S,82000,700,
600057.SH,600057,20251209,92042060,0,309660,A,B,91300,100,
600057.SH,600057,20251209,92044770,0,310300,A,B,89600,7600,
600057.SH,600057,20251209,92045470,0,310468,A,S,92800,1000,
600057.SH,600057,20251209,92049850,0,311453,A,B,91300,1900,
600057.SH,600057,20251209,92050270,0,311533,A,B,85000,600,
600057.SH,600057,20251209,92050430,0,311574,A,B,91200,1000,
600057.SH,600057,20251209,92051680,0,311921,A,B,91500,5000,
600057.SH,600057,20251209,92052010,0,312001,A,S,98000,5000,
600057.SH,600057,20251209,92052030,0,312003,A,S,100200,18600,
600057.SH,600057,20251209,92055250,0,312743,A,B,91300,600,
600057.SH,600057,20251209,92057050,0,313151,A,S,90000,20000,
600057.SH,600057,20251209,92059200,0,313649,A,S,90200,700,
600057.SH,600057,20251209,92100000,0,313853,A,B,89500,2000,
600057.SH,600057,20251209,92100250,0,313912,A,S,90000,3000,
600057.SH,600057,20251209,92100580,0,313990,A,B,91300,200,
600057.SH,600057,20251209,92100600,0,313992,A,S,100100,1000,
600057.SH,600057,20251209,92100610,0,313993,A,B,91300,2500,
600057.SH,600057,20251209,92101680,0,314254,A,S,91300,2000,
600057.SH,600057,20251209,92104120,0,314872,A,B,91300,3000,
600057.SH,600057,20251209,92104170,0,314882,A,S,93000,1900,
600057.SH,600057,20251209,92105970,0,315321,A,B,91200,700,
600057.SH,600057,20251209,92107060,0,315601,A,B,91200,600,
600057.SH,600057,20251209,92108660,0,315946,A,B,92100,500,
600057.SH,600057,20251209,92110080,0,316271,A,B,91200,100,
600057.SH,600057,20251209,92111870,0,316688,A,B,88000,200,
600057.SH,600057,20251209,92112420,0,316812,A,S,91900,300,
600057.SH,600057,20251209,92115060,0,317418,A,S,100200,1100,
600057.SH,600057,20251209,92119470,0,318452,A,B,91200,2000,
600057.SH,600057,20251209,92121090,0,318836,A,B,91200,200,
600057.SH,600057,20251209,92121610,0,318930,A,B,91200,10200,
600057.SH,600057,20251209,92123160,0,319279,A,B,88000,10000,
600057.SH,600057,20251209,92124280,0,319553,A,B,91200,1000,
600057.SH,600057,20251209,92129360,0,320774,A,S,90000,10000,
600057.SH,600057,20251209,92129640,0,320845,A,S,94500,1200,
600057.SH,600057,20251209,92130950,0,321172,A,S,90400,3000,
600057.SH,600057,20251209,92132460,0,321539,A,S,92100,1200,
600057.SH,600057,20251209,92134840,0,322169,A,B,91200,1200,
600057.SH,600057,20251209,92134970,0,322199,A,S,91000,500,
600057.SH,600057,20251209,92137160,0,322741,A,B,94000,4000,
600057.SH,600057,20251209,92137170,0,322744,A,S,90400,2000,
600057.SH,600057,20251209,92137640,0,322867,A,B,91200,1000,
600057.SH,600057,20251209,92137990,0,322940,A,B,100000,700,
600057.SH,600057,20251209,92138380,0,323030,A,B,88500,2000,
600057.SH,600057,20251209,92138550,0,323074,A,S,88800,500,
600057.SH,600057,20251209,92139720,0,323382,A,B,91500,2000,
600057.SH,600057,20251209,92139840,0,323414,A,S,82000,200,
600057.SH,600057,20251209,92140780,0,323644,A,B,91200,200,
600057.SH,600057,20251209,92142470,0,324031,A,B,91200,500,
600057.SH,600057,20251209,92143650,0,324317,A,S,94200,600,
600057.SH,600057,20251209,92143730,0,324344,A,S,90000,200,
600057.SH,600057,20251209,92144550,0,324542,A,S,91100,2000,
600057.SH,600057,20251209,92145100,0,324665,A,S,94000,1000,
600057.SH,600057,20251209,92150360,0,325942,A,B,95000,1000,
600057.SH,600057,20251209,92152810,0,326611,A,B,91200,2200,
600057.SH,600057,20251209,92152980,0,326664,A,B,91500,300,
600057.SH,600057,20251209,92153560,0,326799,A,B,89100,300,
600057.SH,600057,20251209,92157840,0,327869,A,B,91100,500,
600057.SH,600057,20251209,92157990,0,327905,A,S,92500,1700,
600057.SH,600057,20251209,92159680,0,328363,A,B,91200,1300,
600057.SH,600057,20251209,92159790,0,328396,A,S,91200,4000,
600057.SH,600057,20251209,92159840,0,328406,A,S,92800,500,
600057.SH,600057,20251209,92200750,0,328702,A,S,82000,100,
600057.SH,600057,20251209,92200860,0,328753,A,S,91200,100,
600057.SH,600057,20251209,92200890,0,328768,A,S,82000,100,
600057.SH,600057,20251209,92201030,0,328841,A,B,91600,2000,
600057.SH,600057,20251209,92201180,0,328905,A,S,95000,1000,
600057.SH,600057,20251209,92201280,0,328945,A,S,91200,500,
600057.SH,600057,20251209,92203130,0,329541,A,S,91100,300,
600057.SH,600057,20251209,92203190,0,329554,A,S,91800,500,
600057.SH,600057,20251209,92203500,0,329643,A,S,91200,10000,
600057.SH,600057,20251209,92204960,0,330041,A,S,93100,4000,
600057.SH,600057,20251209,92205410,0,330174,A,S,91100,3600,
600057.SH,600057,20251209,92205650,0,330234,A,S,91100,1600,
600057.SH,600057,20251209,92206320,0,330423,A,B,89500,5000,
600057.SH,600057,20251209,92207680,0,330792,A,B,91200,800,
600057.SH,600057,20251209,92207880,0,330822,A,S,94000,700,
600057.SH,600057,20251209,92208750,0,331055,A,B,91100,3400,
600057.SH,600057,20251209,92211400,0,331733,A,S,95000,500,
600057.SH,600057,20251209,92211500,0,331759,A,B,87900,200,
600057.SH,600057,20251209,92215760,0,332931,A,S,90000,2500,
600057.SH,600057,20251209,92215860,0,332951,A,B,91200,1000,
600057.SH,600057,20251209,92216660,0,333155,A,S,100200,1000,
600057.SH,600057,20251209,92216660,0,333160,A,B,91200,1000,
600057.SH,600057,20251209,92218180,0,333562,A,B,91800,1000,
600057.SH,600057,20251209,92218550,0,333660,A,B,91900,10900,
600057.SH,600057,20251209,92219290,0,333877,A,S,94600,20000,
600057.SH,600057,20251209,92219730,0,333969,A,S,92000,8500,
600057.SH,600057,20251209,92220320,0,334116,A,B,91200,100,
600057.SH,600057,20251209,92221610,0,334462,A,S,91200,3600,
600057.SH,600057,20251209,92222750,0,334781,A,S,91100,1100,
600057.SH,600057,20251209,92224300,0,335195,A,B,91200,500,
600057.SH,600057,20251209,92225170,0,335458,A,S,90300,1000,
600057.SH,600057,20251209,92226250,0,335737,A,S,91200,1600,
600057.SH,600057,20251209,92226330,0,335766,A,S,91600,500,
600057.SH,600057,20251209,92227580,0,336085,A,B,91200,100,
600057.SH,600057,20251209,92229810,0,336723,A,S,90100,500,
600057.SH,600057,20251209,92230100,0,336812,A,S,91200,200,
600057.SH,600057,20251209,92230500,0,336942,A,S,100000,2700,
600057.SH,600057,20251209,92230640,0,336977,A,S,100200,3000,
600057.SH,600057,20251209,92230910,0,337061,A,S,91200,600,
600057.SH,600057,20251209,92232030,0,337412,A,S,96800,2000,
600057.SH,600057,20251209,92233030,0,337678,A,S,93600,500,
600057.SH,600057,20251209,92233410,0,337793,A,S,90600,1000,
600057.SH,600057,20251209,92233690,0,337871,A,S,97000,14500,
600057.SH,600057,20251209,92233700,0,337877,A,S,82000,300,
600057.SH,600057,20251209,92233740,0,337882,A,S,91500,600,
600057.SH,600057,20251209,92235070,0,338302,A,B,91200,300,
600057.SH,600057,20251209,92235320,0,338371,A,S,91200,5000,
600057.SH,600057,20251209,92235680,0,338482,A,S,91500,500,
600057.SH,600057,20251209,92237940,0,339120,A,B,82000,500,
600057.SH,600057,20251209,92239090,0,339430,A,S,96300,500,
600057.SH,600057,20251209,92239540,0,339563,A,S,91100,1500,
600057.SH,600057,20251209,92241030,0,339980,A,B,92200,400,
600057.SH,600057,20251209,92241370,0,340079,A,S,91000,5000,
600057.SH,600057,20251209,92242370,0,340369,A,S,92000,500,
600057.SH,600057,20251209,92242390,0,340376,A,S,89900,200,
600057.SH,600057,20251209,92242830,0,340495,A,B,100200,100,
600057.SH,600057,20251209,92242880,0,340512,A,S,91000,800,
600057.SH,600057,20251209,92244330,0,340914,A,S,95000,1000,
600057.SH,600057,20251209,92245570,0,341224,A,S,82000,7600,
600057.SH,600057,20251209,92246720,0,341562,A,S,99600,500,
600057.SH,600057,20251209,92248840,0,342216,A,S,91000,10000,
600057.SH,600057,20251209,92250330,0,342658,A,S,92900,3000,
600057.SH,600057,20251209,92251620,0,343082,A,S,92500,500,
600057.SH,600057,20251209,92251650,0,343095,A,S,91200,300,
600057.SH,600057,20251209,92251960,0,343183,A,B,91800,10900,
600057.SH,600057,20251209,92252110,0,343222,A,B,86800,2000,
600057.SH,600057,20251209,92252290,0,343282,A,B,100200,1000,
600057.SH,600057,20251209,92255360,0,344196,A,S,90700,1000,
600057.SH,600057,20251209,92255410,0,344211,A,B,100200,200,
600057.SH,600057,20251209,92256360,0,344494,A,B,91100,800,
600057.SH,600057,20251209,92257280,0,344974,A,S,98000,1000,
600057.SH,600057,20251209,92257660,0,345090,A,S,90000,100,
600057.SH,600057,20251209,92259540,0,345690,A,B,91200,100,
600057.SH,600057,20251209,92301680,0,346411,A,S,93000,500,
600057.SH,600057,20251209,92302250,0,346840,A,B,91500,3500,
600057.SH,600057,20251209,92302410,0,346899,A,B,90800,300,
600057.SH,600057,20251209,92302850,0,347061,A,S,90800,5000,
600057.SH,600057,20251209,92303520,0,347282,A,S,96800,1000,
600057.SH,600057,20251209,92303620,0,347315,A,B,90600,2600,
600057.SH,600057,20251209,92304060,0,347447,A,B,91200,11000,
600057.SH,600057,20251209,92304360,0,347537,A,B,91500,1500,
600057.SH,600057,20251209,92304940,0,347721,A,S,89100,200,
600057.SH,600057,20251209,92306820,0,348407,A,S,89900,500,
600057.SH,600057,20251209,92307110,0,348490,A,S,100200,200,
600057.SH,600057,20251209,92307270,0,348542,A,B,91200,100,
600057.SH,600057,20251209,92308070,0,348797,A,S,82000,600,
600057.SH,600057,20251209,92308760,0,349020,A,B,91200,1000,
600057.SH,600057,20251209,92309170,0,349144,A,S,100200,2300,
600057.SH,600057,20251209,92309720,0,349305,A,B,88800,1100,
600057.SH,600057,20251209,92311580,0,349887,A,S,89700,400,
600057.SH,600057,20251209,92312020,0,350014,A,B,91200,100,
600057.SH,600057,20251209,92313880,0,350571,A,S,92000,1000,
600057.SH,600057,20251209,92314650,0,350823,A,B,90000,5600,
600057.SH,600057,20251209,92315120,0,350971,A,S,92000,25000,
600057.SH,600057,20251209,92315170,0,350985,A,S,92900,200,
600057.SH,600057,20251209,92316110,0,351326,A,B,91200,500,
600057.SH,600057,20251209,92318180,0,352006,A,S,91200,100,
600057.SH,600057,20251209,92318650,0,352152,A,S,93900,100,
600057.SH,600057,20251209,92320240,0,352765,A,S,92000,500,
600057.SH,600057,20251209,92321610,0,353198,A,S,93000,200,
600057.SH,600057,20251209,92322370,0,353416,A,S,100200,600,
600057.SH,600057,20251209,92322430,0,353441,A,S,93900,3000,
600057.SH,600057,20251209,92322680,0,353528,A,S,94500,4600,
600057.SH,600057,20251209,92322950,0,353617,A,S,89900,84000,
600057.SH,600057,20251209,92323760,0,353874,A,B,91200,100,
600057.SH,600057,20251209,92324980,0,354241,A,S,91000,800,
600057.SH,600057,20251209,92325440,0,354412,A,S,91600,4000,
600057.SH,600057,20251209,92327010,0,354968,A,B,91200,100,
600057.SH,600057,20251209,92327970,0,355300,A,B,82000,100,
600057.SH,600057,20251209,92328000,0,355310,A,S,91100,25000,
600057.SH,600057,20251209,92329790,0,355914,A,S,91200,2000,
600057.SH,600057,20251209,92330800,0,356246,A,S,82000,100,
600057.SH,600057,20251209,92330910,0,356279,A,S,91200,3000,
600057.SH,600057,20251209,92333150,0,357070,A,B,91300,1000,
600057.SH,600057,20251209,92334240,0,357403,A,B,87500,200,
600057.SH,600057,20251209,92334340,0,357429,A,B,91200,1100,
600057.SH,600057,20251209,92334930,0,357633,A,S,91100,5000,
600057.SH,600057,20251209,92335590,0,357858,A,B,91200,200,
600057.SH,600057,20251209,92337980,0,358683,A,B,91200,500,
600057.SH,600057,20251209,92338080,0,358721,A,S,100000,1000,
600057.SH,600057,20251209,92338530,0,358870,A,B,91500,2200,
600057.SH,600057,20251209,92338580,0,358882,A,S,90000,5200,
600057.SH,600057,20251209,92339300,0,359150,A,S,90500,5000,
600057.SH,600057,20251209,92339680,0,359281,A,S,99900,200,
600057.SH,600057,20251209,92340180,0,359471,A,B,90600,900,
600057.SH,600057,20251209,92340200,0,359476,A,S,91000,9400,
600057.SH,600057,20251209,92340280,0,359511,A,B,91200,5000,
600057.SH,600057,20251209,92341600,0,359958,A,B,91200,1100,
600057.SH,600057,20251209,92342060,0,360105,A,S,90500,500,
600057.SH,600057,20251209,92344940,0,361180,A,S,91000,2600,
600057.SH,600057,20251209,92345220,0,361274,A,B,91200,600,
600057.SH,600057,20251209,92349060,0,362711,A,B,89800,1000,
600057.SH,600057,20251209,92349310,0,362798,A,B,93500,700,
600057.SH,600057,20251209,92350030,0,363026,A,S,82000,1000,
600057.SH,600057,20251209,92353990,0,364381,A,B,91200,200,
600057.SH,600057,20251209,92355390,0,364969,A,S,99800,1100,
600057.SH,600057,20251209,92356370,0,365314,A,S,90800,1800,
600057.SH,600057,20251209,92357050,0,365581,A,B,90000,22800,
600057.SH,600057,20251209,92357260,0,365656,A,S,82000,600,
600057.SH,600057,20251209,92357750,0,365838,A,B,91200,300,
600057.SH,600057,20251209,92358240,0,365990,A,B,95000,100,
600057.SH,600057,20251209,92358500,0,366095,A,S,82000,500,
600057.SH,600057,20251209,92358780,0,366196,A,S,82000,1200,
600057.SH,600057,20251209,92358920,0,366238,A,S,91000,5000,
600057.SH,600057,20251209,92359350,0,366372,A,S,91100,700,
600057.SH,600057,20251209,92359770,0,366507,A,S,100200,100,
600057.SH,600057,20251209,92400020,0,366601,A,S,91200,12000,
600057.SH,600057,20251209,92400020,0,366607,A,S,90900,16500,
600057.SH,600057,20251209,92400090,0,366694,A,B,95600,1600,
600057.SH,600057,20251209,92400190,0,366765,A,B,91200,6000,
600057.SH,600057,20251209,92400490,0,366900,A,S,91000,3100,
600057.SH,600057,20251209,92401490,0,367325,A,S,90400,500,
600057.SH,600057,20251209,92401770,0,367430,A,S,90200,4000,
600057.SH,600057,20251209,92402920,0,367859,A,S,90000,2500,
600057.SH,600057,20251209,92403010,0,367905,A,S,90700,2000,
600057.SH,600057,20251209,92403080,0,367924,A,S,91900,10400,
600057.SH,600057,20251209,92403950,0,368253,A,S,90900,1300,
600057.SH,600057,20251209,92404130,0,368332,A,B,91200,100,
600057.SH,600057,20251209,92404520,0,368478,A,B,96000,1300,
600057.SH,600057,20251209,92405320,0,368822,A,S,91100,200,
600057.SH,600057,20251209,92405410,0,368862,A,S,91900,2000,
600057.SH,600057,20251209,92406730,0,369390,A,S,91800,100,
600057.SH,600057,20251209,92407010,0,369535,A,S,100100,200,
600057.SH,600057,20251209,92407600,0,369795,A,S,90800,8300,
600057.SH,600057,20251209,92407780,0,369869,A,B,91600,900,
600057.SH,600057,20251209,92407850,0,369910,A,S,90900,5000,
600057.SH,600057,20251209,92408170,0,370030,A,B,100200,3100,
600057.SH,600057,20251209,92408430,0,370146,A,S,91100,1100,
600057.SH,600057,20251209,92408630,0,370230,A,B,93500,1000,
600057.SH,600057,20251209,92409950,0,370785,A,S,90000,2800,
600057.SH,600057,20251209,92410120,0,370879,A,B,90500,800,
600057.SH,600057,20251209,92410450,0,371016,A,S,91100,1500,
600057.SH,600057,20251209,92410750,0,371164,A,S,92500,600,
600057.SH,600057,20251209,92411840,0,371627,A,S,82000,13800,
600057.SH,600057,20251209,92412000,0,371694,A,B,91100,200,
600057.SH,600057,20251209,92412590,0,371963,A,S,91300,1500,
600057.SH,600057,20251209,92413110,0,372168,A,S,89100,1000,
600057.SH,600057,20251209,92413260,0,372247,A,S,90600,6400,
600057.SH,600057,20251209,92413800,0,372521,A,B,91100,500,
600057.SH,600057,20251209,92414180,0,372699,A,S,92500,2000,
600057.SH,600057,20251209,92414850,0,373006,A,S,82000,11200,
600057.SH,600057,20251209,92414950,0,373055,A,S,89400,4800,
600057.SH,600057,20251209,92415480,0,373336,A,B,91200,2000,
600057.SH,600057,20251209,92415510,0,373346,A,S,91900,2100,
600057.SH,600057,20251209,92415640,0,373409,A,B,91800,4100,
600057.SH,600057,20251209,92416310,0,373729,A,S,82000,500,
600057.SH,600057,20251209,92416910,0,374019,A,S,90500,2200,
600057.SH,600057,20251209,92417180,0,374136,A,S,90000,2500,
600057.SH,600057,20251209,92417400,0,374248,A,S,91500,1000,
600057.SH,600057,20251209,92418490,0,374822,A,S,90000,500,
600057.SH,600057,20251209,92418710,0,374918,A,B,91100,300,
600057.SH,600057,20251209,92419080,0,375100,A,B,91100,100,
600057.SH,600057,20251209,92419770,0,375421,A,S,91700,1400,
600057.SH,600057,20251209,92420150,0,375613,A,S,91000,10000,
600057.SH,600057,20251209,92420410,0,375746,A,S,89000,10000,
600057.SH,600057,20251209,92420610,0,375844,A,S,91100,2000,
600057.SH,600057,20251209,92420840,0,375960,A,S,91100,3600,
600057.SH,600057,20251209,92421790,0,376410,A,S,91100,700,
600057.SH,600057,20251209,92422140,0,376594,A,B,91100,200,
600057.SH,600057,20251209,92422870,0,376952,A,S,95200,300,
600057.SH,600057,20251209,92422880,0,376960,A,B,91100,1000,
600057.SH,600057,20251209,92423020,0,377033,A,B,88800,1000,
600057.SH,600057,20251209,92423580,0,377354,A,B,92900,61400,
600057.SH,600057,20251209,92424170,0,377666,A,S,92400,100,
600057.SH,600057,20251209,92424290,0,377743,A,S,91100,1500,
600057.SH,600057,20251209,92424730,0,377980,A,S,98000,200,
600057.SH,600057,20251209,92425030,0,378148,A,S,91000,5000,
600057.SH,600057,20251209,92425290,0,378301,A,S,90900,2000,
600057.SH,600057,20251209,92425470,0,378399,A,S,96800,3000,
600057.SH,600057,20251209,92425560,0,378437,A,B,88800,500,
600057.SH,600057,20251209,92425940,0,378625,A,S,93200,3200,
600057.SH,600057,20251209,92426850,0,379097,A,S,82000,300,
600057.SH,600057,20251209,92427110,0,379250,A,S,90400,400,
600057.SH,600057,20251209,92427840,0,379644,A,S,91000,100,
600057.SH,600057,20251209,92428540,0,379996,A,S,90700,900,
600057.SH,600057,20251209,92428580,0,380019,A,B,92900,5000,
600057.SH,600057,20251209,92428630,0,380051,A,B,91000,500,
600057.SH,600057,20251209,92428630,0,380054,A,S,90000,1300,
600057.SH,600057,20251209,92428750,0,380099,A,S,91100,800,
600057.SH,600057,20251209,92428950,0,380200,A,S,93800,300,
600057.SH,600057,20251209,92429110,0,380291,A,S,82000,400,
600057.SH,600057,20251209,92429460,0,380480,A,S,82000,4500,
600057.SH,600057,20251209,92429650,0,380580,A,S,90800,6000,
600057.SH,600057,20251209,92430010,0,380774,A,B,85200,2600,
600057.SH,600057,20251209,92430760,0,381225,A,S,91100,32600,
600057.SH,600057,20251209,92431360,0,381553,A,S,90500,1300,
600057.SH,600057,20251209,92431400,0,381581,A,S,90700,300,
600057.SH,600057,20251209,92431550,0,381661,A,S,90000,500,
600057.SH,600057,20251209,92431780,0,381812,A,S,90800,3500,
600057.SH,600057,20251209,92431980,0,381907,A,B,89800,3000,
600057.SH,600057,20251209,92432010,0,381925,A,S,91000,400,
600057.SH,600057,20251209,92432330,0,382132,A,S,91000,500,
600057.SH,600057,20251209,92432510,0,382234,A,B,91300,1200,
600057.SH,600057,20251209,92432750,0,382374,A,S,94800,2300,
600057.SH,600057,20251209,92433230,0,382613,A,S,91000,1800,
600057.SH,600057,20251209,92433580,0,382799,A,B,92900,400,
600057.SH,600057,20251209,92433780,0,382915,A,B,91100,1500,
600057.SH,600057,20251209,92433900,0,382998,A,S,90900,2800,
600057.SH,600057,20251209,92435090,0,383631,A,B,91400,22400,
600057.SH,600057,20251209,92435580,0,383891,A,S,82000,200,
600057.SH,600057,20251209,92435770,0,383990,A,B,91100,200,
600057.SH,600057,20251209,92436400,0,384360,A,S,89300,1500,
600057.SH,600057,20251209,92436550,0,384440,A,S,90900,1200,
600057.SH,600057,20251209,92436600,0,384466,A,S,89000,5300,
600057.SH,600057,20251209,92436690,0,384535,A,S,91500,22200,
600057.SH,600057,20251209,92436760,0,384574,A,B,88900,3900,
600057.SH,600057,20251209,92437080,0,384793,A,B,90000,100,
600057.SH,600057,20251209,92437620,0,385151,A,S,100000,9300,
600057.SH,600057,20251209,92438450,0,385631,A,S,91100,600,
600057.SH,600057,20251209,92438580,0,385704,A,B,92900,4100,
600057.SH,600057,20251209,92438700,0,385782,A,S,90800,200,
600057.SH,600057,20251209,92438700,0,385783,A,S,90800,300,
600057.SH,600057,20251209,92438700,0,385784,A,S,90800,700,
600057.SH,600057,20251209,92438700,0,385785,A,S,90800,800,
600057.SH,600057,20251209,92438700,0,385786,A,S,90800,900,
600057.SH,600057,20251209,92438700,0,385787,A,S,90800,700,
600057.SH,600057,20251209,92438700,0,385788,A,S,90800,600,
600057.SH,600057,20251209,92438700,0,385789,A,S,90800,600,
600057.SH,600057,20251209,92438700,0,385790,A,S,90800,1400,
600057.SH,600057,20251209,92438700,0,385791,A,S,90800,700,
600057.SH,600057,20251209,92438700,0,385792,A,S,90800,600,
600057.SH,600057,20251209,92438700,0,385793,A,S,90800,1400,
600057.SH,600057,20251209,92438700,0,385794,A,S,90800,400,
600057.SH,600057,20251209,92438700,0,385796,A,S,90800,100,
600057.SH,600057,20251209,92438700,0,385797,A,S,90800,100,
600057.SH,600057,20251209,92438700,0,385798,A,S,90800,400,
600057.SH,600057,20251209,92438700,0,385799,A,S,90800,400,
600057.SH,600057,20251209,92438700,0,385800,A,S,90800,400,
600057.SH,600057,20251209,92438790,0,385874,A,S,82000,900,
600057.SH,600057,20251209,92438930,0,386025,A,S,90900,1100,
600057.SH,600057,20251209,92439060,0,386167,A,S,90100,1100,
600057.SH,600057,20251209,92439190,0,386273,A,S,90000,4000,
600057.SH,600057,20251209,92439560,0,386563,A,B,90000,200,
600057.SH,600057,20251209,92440300,0,387014,A,S,91100,300,
600057.SH,600057,20251209,92440930,0,387355,A,S,92800,46600,
600057.SH,600057,20251209,92440970,0,387374,A,B,85000,100,
600057.SH,600057,20251209,92441130,0,387487,A,B,91100,100,
600057.SH,600057,20251209,92441650,0,387762,A,B,90000,2000,
600057.SH,600057,20251209,92442470,0,388266,A,S,90900,2000,
600057.SH,600057,20251209,92442760,0,388437,A,S,91100,7000,
600057.SH,600057,20251209,92442780,0,388456,A,S,90700,2500,
600057.SH,600057,20251209,92443220,0,388720,A,S,91000,21000,
600057.SH,600057,20251209,92443240,0,388733,A,S,95700,7100,
600057.SH,600057,20251209,92443580,0,388966,A,B,92900,400,
600057.SH,600057,20251209,92444080,0,389296,A,S,91100,7400,
600057.SH,600057,20251209,92444150,0,389340,A,S,90100,10500,
600057.SH,600057,20251209,92444450,0,389504,A,S,91000,1000,
600057.SH,600057,20251209,92444930,0,389782,A,S,91100,1700,
600057.SH,600057,20251209,92445420,0,390094,A,S,94500,900,
600057.SH,600057,20251209,92445610,0,390195,A,S,92200,2600,
600057.SH,600057,20251209,92446000,0,390435,A,B,87200,500,
600057.SH,600057,20251209,92446510,0,390771,A,S,90600,13000,
600057.SH,600057,20251209,92446900,0,390999,A,S,90600,1200,
600057.SH,600057,20251209,92447320,0,391230,A,S,90500,13500,
600057.SH,600057,20251209,92447430,0,391319,A,S,98800,2300,
600057.SH,600057,20251209,92447510,0,391368,A,S,90900,400,
600057.SH,600057,20251209,92448070,0,391722,A,S,91100,3600,
600057.SH,600057,20251209,92448150,0,391775,A,S,90000,500,
600057.SH,600057,20251209,92448410,0,391900,A,S,89400,2300,
600057.SH,600057,20251209,92448590,0,392016,A,B,92900,200,
600057.SH,600057,20251209,92450020,0,393177,A,B,88200,100,
600057.SH,600057,20251209,92450340,0,393606,A,S,89900,8000,
600057.SH,600057,20251209,92450430,0,393751,A,S,92000,100,
600057.SH,600057,20251209,92450430,0,393772,A,S,90900,400,
600057.SH,600057,20251209,92450660,0,394002,A,S,82000,5936,
600057.SH,600057,20251209,92450820,0,394137,A,S,82000,300,
600057.SH,600057,20251209,92450840,0,394159,A,S,82000,5100,
600057.SH,600057,20251209,92451190,0,394567,A,S,91000,1000,
600057.SH,600057,20251209,92452470,0,395602,A,S,90100,200,
600057.SH,600057,20251209,92452560,0,395672,A,S,91000,100,
600057.SH,600057,20251209,92452650,0,395748,A,S,90000,10000,
600057.SH,600057,20251209,92452960,0,396037,A,B,90100,500,
600057.SH,600057,20251209,92453030,0,396094,A,S,90900,2700,
600057.SH,600057,20251209,92453110,0,396154,A,S,90900,7600,
600057.SH,600057,20251209,92453130,0,396173,A,S,90900,9000,
600057.SH,600057,20251209,92453130,0,396182,A,S,90900,20800,
600057.SH,600057,20251209,92453130,0,396190,A,S,90900,21700,
600057.SH,600057,20251209,92453180,0,396241,A,S,90900,40400,
600057.SH,600057,20251209,92453300,0,396381,A,B,90100,2000,
600057.SH,600057,20251209,92453420,0,396529,A,S,91000,23300,
600057.SH,600057,20251209,92453540,0,396650,A,S,90900,2000,
600057.SH,600057,20251209,92453590,0,396700,A,S,95600,100,
600057.SH,600057,20251209,92453690,0,396825,A,B,91300,600,
600057.SH,600057,20251209,92454090,0,397170,A,S,89400,100,
600057.SH,600057,20251209,92454210,0,397270,A,S,90600,4700,
600057.SH,600057,20251209,92454230,0,397277,A,S,90500,5000,
600057.SH,600057,20251209,92454260,0,397312,A,B,92800,2500,
600057.SH,600057,20251209,92454320,0,397353,A,S,92500,1200,
600057.SH,600057,20251209,92454380,0,397436,A,B,92800,3700,
600057.SH,600057,20251209,92454770,0,397827,A,B,91300,40300,
600057.SH,600057,20251209,92455100,0,398242,A,S,90800,2500,
600057.SH,600057,20251209,92455800,0,399196,A,S,90200,15700,
600057.SH,600057,20251209,92456720,0,400829,A,B,87400,6300,
600057.SH,600057,20251209,92456900,0,401146,A,B,90000,1000,
600057.SH,600057,20251209,92457120,0,401572,A,S,88200,3100,
600057.SH,600057,20251209,92457310,0,401935,A,S,82000,1800,
600057.SH,600057,20251209,92457460,0,402253,A,S,90300,2900,
600057.SH,600057,20251209,92457520,0,402393,A,S,91000,1000,
600057.SH,600057,20251209,92457600,0,402638,A,S,88200,6300,
600057.SH,600057,20251209,92457650,0,402758,A,S,100000,2400,
600057.SH,600057,20251209,92458090,0,403765,A,S,90300,4300,
600057.SH,600057,20251209,92458130,0,403782,A,S,90200,30800,
600057.SH,600057,20251209,92458240,0,404021,A,S,91000,600,
600057.SH,600057,20251209,92458420,0,404550,A,S,90500,6400,
600057.SH,600057,20251209,92458500,0,404658,A,B,90000,2000,
600057.SH,600057,20251209,92458600,0,405082,A,B,92900,7700,
600057.SH,600057,20251209,92459150,0,406398,A,S,90200,1900,
600057.SH,600057,20251209,92459270,0,406598,A,S,90200,21100,
600057.SH,600057,20251209,92459360,0,406811,A,S,90900,100,
600057.SH,600057,20251209,92459610,0,407690,A,S,90500,1500,
600057.SH,600057,20251209,92459660,0,407787,A,S,90800,400,
600057.SH,600057,20251209,92459750,0,408070,A,S,82000,1100,
600057.SH,600057,20251209,92459750,0,408082,A,B,88400,500,
600057.SH,600057,20251209,92459950,0,408645,A,S,90700,64900,
600057.SH,600057,20251209,92459950,0,408655,A,S,90700,39900,
600057.SH,600057,20251209,92500410,0,0,S,O,0,0,
600057.SH,600057,20251209,93000010,0,408780,A,S,90700,1000,
600057.SH,600057,20251209,93000080,0,409112,A,S,90700,200,
600057.SH,600057,20251209,93000180,0,409543,A,S,92000,1600,
600057.SH,600057,20251209,93000180,0,376952,D,S,95200,300,
600057.SH,600057,20251209,93000180,0,409705,A,S,90700,2000,
600057.SH,600057,20251209,93000220,0,409819,A,B,89700,200,
600057.SH,600057,20251209,93000360,0,410699,A,S,90400,9600,
600057.SH,600057,20251209,93000400,0,376410,D,S,91100,700,
600057.SH,600057,20251209,93000400,0,408780,D,S,90700,1000,
600057.SH,600057,20251209,93000450,0,396154,D,S,90900,7600,
600057.SH,600057,20251209,93000450,0,396190,D,S,90900,21700,
600057.SH,600057,20251209,93000450,0,411497,A,S,90700,1600,
600057.SH,600057,20251209,93000450,0,411571,A,S,93000,600,
600057.SH,600057,20251209,93000450,0,411597,A,S,90700,500,
600057.SH,600057,20251209,93000520,0,411822,A,S,95000,100,
600057.SH,600057,20251209,93000520,0,411941,A,S,90900,2700,
600057.SH,600057,20251209,93000520,0,411941,D,S,90900,2700,
600057.SH,600057,20251209,93001670,0,412117,A,S,90700,600,
600057.SH,600057,20251209,93001710,0,412402,A,B,90100,10000,
600057.SH,600057,20251209,93001710,0,404021,D,S,91000,600,
600057.SH,600057,20251209,93002060,0,412930,A,S,93000,100,
600057.SH,600057,20251209,93002060,0,413057,A,S,90600,1000,
600057.SH,600057,20251209,93002060,0,413074,A,S,90600,1300,
600057.SH,600057,20251209,93002220,0,413484,A,S,90600,700,
600057.SH,600057,20251209,93002250,0,375613,D,S,91000,10000,
600057.SH,600057,20251209,93002250,0,340079,D,S,91000,5000,
600057.SH,600057,20251209,93002250,0,413622,A,S,90600,600,
600057.SH,600057,20251209,93002310,0,375844,D,S,91100,2000,
600057.SH,600057,20251209,93002310,0,414215,A,S,90300,5000,
600057.SH,600057,20251209,93002340,0,414362,A,S,90700,100,
600057.SH,600057,20251209,93002340,0,414713,A,S,90500,500,
600057.SH,600057,20251209,93002460,0,414860,A,S,95000,1300,
600057.SH,600057,20251209,93002480,0,414895,A,S,100100,2000,
600057.SH,600057,20251209,93002480,0,414935,A,S,91500,1000,
600057.SH,600057,20251209,93002480,0,415098,A,S,90400,6900,
600057.SH,600057,20251209,93002520,0,415209,A,S,90100,5100,
600057.SH,600057,20251209,93002520,0,382132,D,S,91000,500,
600057.SH,600057,20251209,93002520,0,415256,A,S,90600,800,
600057.SH,600057,20251209,93002520,0,415615,A,S,90700,4400,
600057.SH,600057,20251209,93002520,0,415795,A,S,90600,500,
600057.SH,600057,20251209,93002520,0,415947,A,S,90600,600,
600057.SH,600057,20251209,93002520,0,415951,A,S,90500,1200,
600057.SH,600057,20251209,93002600,0,416261,A,S,90600,3000,
600057.SH,600057,20251209,93002600,0,416792,A,S,98000,5900,
600057.SH,600057,20251209,93002600,0,398242,D,S,90800,2500,
600057.SH,600057,20251209,93002600,0,417195,A,S,100200,6000,
600057.SH,600057,20251209,93002600,0,417251,A,S,94000,2400,
600057.SH,600057,20251209,93002600,0,417302,A,S,90600,5200,
600057.SH,600057,20251209,93002600,0,417386,A,B,88800,200,
600057.SH,600057,20251209,93002740,0,417873,A,S,90700,3500,
600057.SH,600057,20251209,93002740,0,418179,A,S,90100,1000,
600057.SH,600057,20251209,93002740,0,418818,A,S,90400,5000,
600057.SH,600057,20251209,93002740,0,418930,A,S,90200,2000,
600057.SH,600057,20251209,93002890,0,419685,A,S,90600,400,
600057.SH,600057,20251209,93002890,0,419856,A,B,89400,400,
600057.SH,600057,20251209,93002890,0,419968,A,S,90200,500,
600057.SH,600057,20251209,93002890,0,420680,A,S,90800,300,
600057.SH,600057,20251209,93002890,0,420801,A,S,93000,1000,
600057.SH,600057,20251209,93002890,0,337061,D,S,91200,600,
600057.SH,600057,20251209,93002890,0,420853,A,S,90600,2300,
600057.SH,600057,20251209,93003060,0,421428,A,S,91300,300,
600057.SH,600057,20251209,93003060,0,421454,A,S,90700,1900,
600057.SH,600057,20251209,93003060,0,421428,D,S,91300,300,
600057.SH,600057,20251209,93003060,0,384574,D,B,88900,3900,
600057.SH,600057,20251209,93003060,0,421831,A,S,98000,100,
600057.SH,600057,20251209,93003060,0,421846,A,S,90600,1500,
600057.SH,600057,20251209,93003060,0,421869,A,S,90600,1000,
600057.SH,600057,20251209,93003060,0,422191,A,B,90000,5000,
600057.SH,600057,20251209,93003060,0,422484,A,S,90800,7500,
600057.SH,600057,20251209,93003060,0,422568,A,S,90500,3400,
600057.SH,600057,20251209,93003060,0,422594,A,S,90500,100,
600057.SH,600057,20251209,93003060,0,422941,A,S,90600,500,
600057.SH,600057,20251209,93003060,0,423003,A,S,100000,1800,
600057.SH,600057,20251209,93003230,0,423251,A,S,99500,500,
600057.SH,600057,20251209,93003230,0,423465,A,S,90700,300,
600057.SH,600057,20251209,93003230,0,423468,A,S,90600,2900,
600057.SH,600057,20251209,93003230,0,423864,A,S,90300,7000,
600057.SH,600057,20251209,93003230,0,424021,A,S,100200,30000,
600057.SH,600057,20251209,93003230,0,424453,A,S,98800,1200,
600057.SH,600057,20251209,93003230,0,424727,A,S,90600,100,
600057.SH,600057,20251209,93003390,0,424898,A,S,90500,2100,
600057.SH,600057,20251209,93003390,0,425158,A,S,90700,900,
600057.SH,600057,20251209,93003390,0,425183,A,S,90100,21800,
600057.SH,600057,20251209,93003390,0,425435,A,S,90400,600,
600057.SH,600057,20251209,93003390,0,425827,A,B,87000,500,
600057.SH,600057,20251209,93003390,0,425877,A,S,90600,2400,
600057.SH,600057,20251209,93003390,0,426386,A,S,90600,800,
600057.SH,600057,20251209,93003570,0,426529,A,S,90600,400,
600057.SH,600057,20251209,93003570,0,426881,A,S,90500,5000,
600057.SH,600057,20251209,93003570,0,426884,A,S,90500,3000,
600057.SH,600057,20251209,93003570,0,427330,A,S,90700,3400,
600057.SH,600057,20251209,93003570,0,427448,A,S,93600,2000,
600057.SH,600057,20251209,93003570,0,314882,D,S,93000,1900,
600057.SH,600057,20251209,93003570,0,427626,A,S,90600,600,
600057.SH,600057,20251209,93003570,0,428067,A,S,90500,5000,
600057.SH,600057,20251209,93003570,0,428330,A,S,90600,800,
600057.SH,600057,20251209,93003730,0,428648,A,B,89900,17800,
600057.SH,600057,20251209,93003730,0,428686,A,S,93000,27900,
600057.SH,600057,20251209,93003730,0,428875,A,S,94000,27900,
600057.SH,600057,20251209,93003730,0,428881,A,S,90500,3000,
600057.SH,600057,20251209,93003730,0,429354,A,S,90400,900,
600057.SH,600057,20251209,93003730,0,429658,A,S,100000,1000,
600057.SH,600057,20251209,93003890,0,430322,A,S,90600,1700,
600057.SH,600057,20251209,93003890,0,430602,A,B,82000,100,
600057.SH,600057,20251209,93003890,0,430602,D,B,82000,100,
600057.SH,600057,20251209,93003890,0,430780,A,S,90600,2400,
600057.SH,600057,20251209,93003890,0,430814,A,S,90600,200,
600057.SH,600057,20251209,93003890,0,431643,A,B,90000,4000,
600057.SH,600057,20251209,93004060,0,432491,A,S,90400,800,
600057.SH,600057,20251209,93004060,0,433056,A,S,95000,100,
600057.SH,600057,20251209,93004060,0,433432,A,S,91900,20100,
600057.SH,600057,20251209,93004230,0,434094,A,S,90600,900,
600057.SH,600057,20251209,93004230,0,434164,A,S,90600,600,
600057.SH,600057,20251209,93004230,0,396529,D,S,91000,23300,
600057.SH,600057,20251209,93004230,0,434713,A,S,93800,3000,
600057.SH,600057,20251209,93004230,0,434893,A,S,96800,3000,
600057.SH,600057,20251209,93004230,0,434929,A,S,90500,40000,
600057.SH,600057,20251209,93004230,0,434991,A,S,90700,2300,
600057.SH,600057,20251209,93004230,0,435019,A,S,90600,200,
600057.SH,600057,20251209,93004400,0,435697,A,S,90600,100,
600057.SH,600057,20251209,93004400,0,435786,A,S,92700,25300,
600057.SH,600057,20251209,93004400,0,436848,A,S,90500,2100,
600057.SH,600057,20251209,93004400,0,437195,A,S,90500,3500,
600057.SH,600057,20251209,93004580,0,437361,A,S,90600,1000,
600057.SH,600057,20251209,93004580,0,437367,A,S,90600,200,
600057.SH,600057,20251209,93004580,0,437392,A,S,90600,200,
600057.SH,600057,20251209,93004580,0,437574,A,S,90600,700,
600057.SH,600057,20251209,93004580,0,437646,A,S,91600,2700,
600057.SH,600057,20251209,93004580,0,438112,A,S,90200,100,
600057.SH,600057,20251209,93004580,0,438507,A,S,98000,1900,
600057.SH,600057,20251209,93004580,0,401146,D,B,90000,1000,
600057.SH,600057,20251209,93004580,0,438752,A,S,90400,100,
600057.SH,600057,20251209,93004580,0,438763,A,S,93700,3500,
600057.SH,600057,20251209,93004580,0,438806,A,S,92700,11000,
600057.SH,600057,20251209,93004740,0,439205,A,S,90500,200,
600057.SH,600057,20251209,93004740,0,439206,A,S,90500,200,
600057.SH,600057,20251209,93004740,0,440186,A,S,90700,1200,
600057.SH,600057,20251209,93004740,0,440630,A,B,90000,1000,
600057.SH,600057,20251209,93004740,0,440768,A,S,100100,8800,
600057.SH,600057,20251209,93004910,0,440899,A,S,90100,1500,
600057.SH,600057,20251209,93004910,0,441143,A,B,87800,600,
600057.SH,600057,20251209,93004910,0,330174,D,S,91100,3600,
600057.SH,600057,20251209,93004910,0,441579,A,S,90400,100,
600057.SH,600057,20251209,93004910,0,441614,A,S,100100,300,
600057.SH,600057,20251209,93004910,0,441746,A,S,92300,1200,
600057.SH,600057,20251209,93004910,0,441764,A,S,90900,1200,
600057.SH,600057,20251209,93004910,0,441900,A,S,100200,300,
600057.SH,600057,20251209,93004910,0,442616,A,S,90500,100,
600057.SH,600057,20251209,93004910,0,442653,A,S,90600,100,
600057.SH,600057,20251209,93005070,0,442794,A,B,89500,300,
600057.SH,600057,20251209,93005070,0,443062,A,S,93400,3600,
600057.SH,600057,20251209,93005070,0,443073,A,B,89500,500,
600057.SH,600057,20251209,93005070,0,443919,A,S,90600,3800,
600057.SH,600057,20251209,93005260,0,444476,A,S,90600,1700,
600057.SH,600057,20251209,93005260,0,444577,A,S,90700,3600,
600057.SH,600057,20251209,93005260,0,444840,A,S,91400,34300,
600057.SH,600057,20251209,93005260,0,444965,A,S,91800,200,
600057.SH,600057,20251209,93005260,0,445132,A,S,90600,6000,
600057.SH,600057,20251209,93005260,0,354412,D,S,91600,4000,
600057.SH,600057,20251209,93005260,0,445666,A,B,89800,2100,
600057.SH,600057,20251209,93005260,0,445801,A,S,100200,5000,
600057.SH,600057,20251209,93005260,0,445946,A,S,90600,200,
600057.SH,600057,20251209,93005260,0,446170,A,S,92500,4000,
600057.SH,600057,20251209,93005260,0,446199,A,S,92200,1100,
600057.SH,600057,20251209,93005420,0,446278,A,S,90600,400,
600057.SH,600057,20251209,93005420,0,446367,A,S,90600,1100,
600057.SH,600057,20251209,93005420,0,446384,A,S,91200,8000,
600057.SH,600057,20251209,93005420,0,446405,A,S,90600,3200,
600057.SH,600057,20251209,93005420,0,387014,D,S,91100,300,
600057.SH,600057,20251209,93005420,0,379644,D,S,91000,100,
600057.SH,600057,20251209,93005420,0,446794,A,B,87000,200,
600057.SH,600057,20251209,93005420,0,230873,D,B,86600,300,
600057.SH,600057,20251209,93005420,0,251767,D,B,86600,300,
600057.SH,600057,20251209,93005420,0,447865,A,S,90500,3000,
600057.SH,600057,20251209,93005590,0,448012,A,S,100200,1000,
600057.SH,600057,20251209,93005590,0,448060,A,S,95000,1000,
600057.SH,600057,20251209,93005590,0,448366,A,S,95800,1000,
600057.SH,600057,20251209,93005750,0,449794,A,S,91300,20000,
600057.SH,600057,20251209,93005750,0,450589,A,S,90400,100,
600057.SH,600057,20251209,93005750,0,450697,A,S,90600,1700,
600057.SH,600057,20251209,93005750,0,450828,A,S,94000,100,
600057.SH,600057,20251209,93005750,0,451101,A,S,100200,2100,
600057.SH,600057,20251209,93005750,0,451135,A,S,92700,2100,
600057.SH,600057,20251209,93005920,0,451684,A,S,90600,500,
600057.SH,600057,20251209,93005920,0,452211,A,S,93000,2000,
600057.SH,600057,20251209,93005920,0,452237,A,S,90600,2800,
600057.SH,600057,20251209,93005920,0,452378,A,S,90500,100,
600057.SH,600057,20251209,93005920,0,453246,A,S,92600,8000,
600057.SH,600057,20251209,93006090,0,453319,A,S,92000,300,
600057.SH,600057,20251209,93006090,0,453364,A,B,88300,200,
600057.SH,600057,20251209,93006090,0,453790,A,B,89100,6600,
600057.SH,600057,20251209,93006090,0,454518,A,S,90600,1000,
600057.SH,600057,20251209,93006090,0,454733,A,S,90500,500,
600057.SH,600057,20251209,93006090,0,454743,A,S,100100,1300,
600057.SH,600057,20251209,93006090,0,454902,A,S,90600,900,
600057.SH,600057,20251209,93006090,0,454946,A,S,90600,600,
600057.SH,600057,20251209,93006260,0,455262,A,S,100000,900,
600057.SH,600057,20251209,93006260,0,455350,A,S,90700,300,
600057.SH,600057,20251209,93006260,0,455408,A,S,92000,800,
600057.SH,600057,20251209,93006260,0,455660,A,S,90400,200,
600057.SH,600057,20251209,93006260,0,455667,A,S,90500,1800,
600057.SH,600057,20251209,93006260,0,456031,A,S,92800,1200,
600057.SH,600057,20251209,93006260,0,334462,D,S,91200,3600,
600057.SH,600057,20251209,93006260,0,296009,D,S,91100,2000,
600057.SH,600057,20251209,93006260,0,456378,A,S,90500,200,
600057.SH,600057,20251209,93006260,0,356279,D,S,91200,3000,
600057.SH,600057,20251209,93006260,0,456666,A,S,90500,100,
600057.SH,600057,20251209,93006430,0,457130,A,B,86800,10000,
600057.SH,600057,20251209,93006430,0,457209,A,S,90700,1900,
600057.SH,600057,20251209,93006430,0,457668,A,S,90500,9000,
600057.SH,600057,20251209,93006430,0,457693,A,S,90500,300,
600057.SH,600057,20251209,93006430,0,457704,A,S,90600,600,
600057.SH,600057,20251209,93006430,0,457934,A,S,90300,13800,
600057.SH,600057,20251209,93006430,0,458070,A,B,89400,2500,
600057.SH,600057,20251209,93006430,0,417302,D,S,90600,5200,
600057.SH,600057,20251209,93006430,0,458504,A,S,90700,1100,
600057.SH,600057,20251209,93006430,0,458543,A,S,90300,100,
600057.SH,600057,20251209,93006430,0,458597,A,S,90500,2900,
600057.SH,600057,20251209,93006600,0,458710,A,S,90500,600,
600057.SH,600057,20251209,93006600,0,458967,A,S,90700,3000,
600057.SH,600057,20251209,93006600,0,458710,D,S,90500,600,
600057.SH,600057,20251209,93006600,0,459535,A,S,90200,800,
600057.SH,600057,20251209,93006600,0,459558,A,S,90200,800,
600057.SH,600057,20251209,93006600,0,459601,A,S,90200,800,
600057.SH,600057,20251209,93006600,0,459633,A,S,90200,900,
600057.SH,600057,20251209,93006600,0,459785,A,S,90200,400,
600057.SH,600057,20251209,93006600,0,459919,A,S,90600,1800,
600057.SH,600057,20251209,93006600,0,459949,A,S,90500,100,
600057.SH,600057,20251209,93006600,0,459999,A,S,90600,7800,
600057.SH,600057,20251209,93006600,0,460044,A,S,90100,1100,
600057.SH,600057,20251209,93006600,0,460083,A,S,90100,1100,
600057.SH,600057,20251209,93006600,0,385631,D,S,91100,600,
600057.SH,600057,20251209,93006600,0,386563,D,B,90000,200,
600057.SH,600057,20251209,93006760,0,460473,A,S,90700,100,
600057.SH,600057,20251209,93006760,0,460512,A,B,86700,1500,
600057.SH,600057,20251209,93006760,0,460760,A,S,90600,7000,
600057.SH,600057,20251209,93006760,0,460927,A,S,90600,500,
600057.SH,600057,20251209,93006760,0,461286,A,S,90500,1200,
600057.SH,600057,20251209,93006760,0,461516,A,S,90700,1000,
600057.SH,600057,20251209,93006760,0,461531,A,S,90600,6000,
600057.SH,600057,20251209,93006920,0,462348,A,S,90100,3500,
600057.SH,600057,20251209,93006920,0,462377,A,S,90100,1100,
600057.SH,600057,20251209,93006920,0,462382,A,S,90700,2200,
600057.SH,600057,20251209,93006920,0,462395,A,S,90100,300,
600057.SH,600057,20251209,93006920,0,462684,A,S,90300,200,
600057.SH,600057,20251209,93006920,0,462690,A,B,89000,2100,
600057.SH,600057,20251209,93006920,0,462791,A,S,90600,5500,
600057.SH,600057,20251209,93006920,0,463165,A,S,90600,200,
600057.SH,600057,20251209,93006920,0,463178,A,S,90600,400,
600057.SH,600057,20251209,93006920,0,463252,A,S,90600,500,
600057.SH,600057,20251209,93006920,0,463882,A,S,90800,1200,
600057.SH,600057,20251209,93006920,0,334781,D,S,91100,1100,
600057.SH,600057,20251209,93006920,0,463940,A,S,90500,1000,
600057.SH,600057,20251209,93007060,0,464255,A,S,91700,3000,
600057.SH,600057,20251209,93007060,0,464691,A,S,90500,2500,
600057.SH,600057,20251209,93007060,0,465090,A,S,90300,200,
600057.SH,600057,20251209,93007060,0,465321,A,S,90600,500,
600057.SH,600057,20251209,93007060,0,465326,A,S,91200,100,
600057.SH,600057,20251209,93007060,0,465391,A,S,90500,100,
600057.SH,600057,20251209,93007060,0,465528,A,B,90000,2500,
600057.SH,600057,20251209,93007060,0,465649,A,S,90700,1800,
600057.SH,600057,20251209,93007250,0,465863,A,S,90500,100,
600057.SH,600057,20251209,93007250,0,466203,A,S,94000,12800,
600057.SH,600057,20251209,93007250,0,466457,A,S,93000,2300,
600057.SH,600057,20251209,93007250,0,466593,A,S,90200,6800,
600057.SH,600057,20251209,93007250,0,466621,A,S,91800,700,
600057.SH,600057,20251209,93007250,0,466781,A,S,90300,9100,
600057.SH,600057,20251209,93007250,0,466834,A,S,90500,900,
600057.SH,600057,20251209,93007250,0,466910,A,S,95500,1100,
600057.SH,600057,20251209,93007250,0,467201,A,B,89000,200,
600057.SH,600057,20251209,93007440,0,467665,A,S,90600,10900,
600057.SH,600057,20251209,93007440,0,467770,A,S,90600,300,
600057.SH,600057,20251209,93007440,0,467834,A,S,90600,52000,
600057.SH,600057,20251209,93007440,0,467201,D,B,89000,200,
600057.SH,600057,20251209,93007440,0,467921,A,S,90600,700,
600057.SH,600057,20251209,93007440,0,467952,A,B,89900,2600,
600057.SH,600057,20251209,93007440,0,467966,A,S,90500,5500,
600057.SH,600057,20251209,93007440,0,468077,A,S,90600,3000,
600057.SH,600057,20251209,93007440,0,468283,A,S,90500,400,
600057.SH,600057,20251209,93007440,0,468300,A,S,90500,3000,
600057.SH,600057,20251209,93007440,0,468791,A,B,88800,1000,
600057.SH,600057,20251209,93007440,0,468931,A,S,90600,200,
600057.SH,600057,20251209,93007440,0,469028,A,B,88000,10000,
600057.SH,600057,20251209,93007440,0,469130,A,S,90200,900,
600057.SH,600057,20251209,93007440,0,469145,A,S,92500,2000,
600057.SH,600057,20251209,93007440,0,469169,A,S,90500,900,
600057.SH,600057,20251209,93007440,0,469186,A,S,90600,1300,
600057.SH,600057,20251209,93007440,0,469192,A,S,90500,5000,
600057.SH,600057,20251209,93007440,0,469211,A,S,90600,600,
600057.SH,600057,20251209,93007440,0,469224,A,S,92800,2000,
600057.SH,600057,20251209,93007440,0,469302,A,S,90600,1200,
600057.SH,600057,20251209,93007600,0,155168,D,S,96600,5200,
600057.SH,600057,20251209,93007600,0,469732,A,B,85300,1000,
600057.SH,600057,20251209,93007600,0,469932,A,S,90600,500,
600057.SH,600057,20251209,93007600,0,470281,A,B,89000,400,
600057.SH,600057,20251209,93007600,0,470643,A,S,90600,3000,
600057.SH,600057,20251209,93007780,0,471297,A,S,90500,200,
600057.SH,600057,20251209,93007780,0,471924,A,S,90600,100,
600057.SH,600057,20251209,93007780,0,355914,D,S,91200,2000,
600057.SH,600057,20251209,93007780,0,471942,A,S,90600,1000,
600057.SH,600057,20251209,93007780,0,472169,A,S,99900,23700,
600057.SH,600057,20251209,93007780,0,472311,A,B,89500,3400,
600057.SH,600057,20251209,93007780,0,365581,D,B,90000,22800,
600057.SH,600057,20251209,93007930,0,473917,A,B,88800,600,
600057.SH,600057,20251209,93007930,0,473952,A,S,93000,500,
600057.SH,600057,20251209,93007930,0,473966,A,S,90600,900,
600057.SH,600057,20251209,93007930,0,473966,D,S,90600,900,
600057.SH,600057,20251209,93008110,0,475523,A,S,90700,100,
600057.SH,600057,20251209,93008110,0,475561,A,S,90700,100,
600057.SH,600057,20251209,93008110,0,475598,A,S,90700,100,
600057.SH,600057,20251209,93008110,0,475925,A,S,90600,100,
600057.SH,600057,20251209,93008110,0,476089,A,S,90200,500,
600057.SH,600057,20251209,93008110,0,476091,A,S,90700,100,
600057.SH,600057,20251209,93008280,0,476330,A,S,99900,100,
600057.SH,600057,20251209,93008280,0,476349,A,S,92000,1000,
600057.SH,600057,20251209,93008280,0,476350,A,S,90600,25000,
600057.SH,600057,20251209,93008280,0,476400,A,S,92500,1000,
600057.SH,600057,20251209,93008280,0,476446,A,B,89600,2700,
600057.SH,600057,20251209,93008280,0,476681,A,S,90700,100,
600057.SH,600057,20251209,93008280,0,476683,A,S,90600,400,
600057.SH,600057,20251209,93008280,0,476709,A,S,90600,100,
600057.SH,600057,20251209,93008280,0,477010,A,S,90600,200,
600057.SH,600057,20251209,93008280,0,477084,A,S,90600,700,
600057.SH,600057,20251209,93008280,0,478001,A,S,90400,200,
600057.SH,600057,20251209,93008280,0,366372,D,S,91100,700,
600057.SH,600057,20251209,93008440,0,478324,A,S,90400,17800,
600057.SH,600057,20251209,93008440,0,478521,A,B,89000,100,
600057.SH,600057,20251209,93008440,0,478607,A,S,90500,2900,
600057.SH,600057,20251209,93008440,0,478831,A,S,94500,5000,
600057.SH,600057,20251209,93008440,0,479308,A,S,90700,1400,
600057.SH,600057,20251209,93008600,0,479911,A,B,86500,200,
600057.SH,600057,20251209,93008600,0,480010,A,S,90400,300,
600057.SH,600057,20251209,93008600,0,480244,A,S,99800,20000,
600057.SH,600057,20251209,93008600,0,480540,A,S,90200,1100,
600057.SH,600057,20251209,93008600,0,480580,A,S,90600,300,
600057.SH,600057,20251209,93008600,0,481119,A,B,87000,1500,
600057.SH,600057,20251209,93008600,0,396650,D,S,90900,2000,
600057.SH,600057,20251209,93008600,0,481427,A,S,99900,400,
600057.SH,600057,20251209,93008600,0,481536,A,S,90600,1100,
600057.SH,600057,20251209,93008760,0,481647,A,S,90100,1900,
600057.SH,600057,20251209,93008760,0,481951,A,S,100100,2000,
600057.SH,600057,20251209,93008760,0,482003,A,B,89100,1000,
600057.SH,600057,20251209,93008760,0,482341,A,S,100200,5600,
600057.SH,600057,20251209,93008760,0,482493,A,S,90900,800,
600057.SH,600057,20251209,93008760,0,482555,A,S,90800,1700,
600057.SH,600057,20251209,93008760,0,482929,A,S,92600,1000,
600057.SH,600057,20251209,93008760,0,389296,D,S,91100,7400,
600057.SH,600057,20251209,93008760,0,483364,A,S,90400,800,
600057.SH,600057,20251209,93008910,0,483500,A,S,90700,1900,
600057.SH,600057,20251209,93008910,0,483514,A,S,90500,600,
600057.SH,600057,20251209,93008910,0,484359,A,S,95000,4600,
600057.SH,600057,20251209,93008910,0,484582,A,S,90400,500,
600057.SH,600057,20251209,93008910,0,484749,A,S,91500,5200,
600057.SH,600057,20251209,93009070,0,486253,A,B,87000,100,
600057.SH,600057,20251209,93009070,0,486642,A,S,90600,500,
600057.SH,600057,20251209,93009070,0,486690,A,S,90700,2100,
600057.SH,600057,20251209,93009070,0,486928,A,S,90500,1400,
600057.SH,600057,20251209,93009230,0,278234,D,S,93800,1700,
600057.SH,600057,20251209,93009230,0,487698,A,B,88600,500,
600057.SH,600057,20251209,93009230,0,487931,A,S,90600,5900,
600057.SH,600057,20251209,93009230,0,396182,D,S,90900,20800,
600057.SH,600057,20251209,93009230,0,396173,D,S,90900,9000,
600057.SH,600057,20251209,93009390,0,488800,A,S,90600,900,
600057.SH,600057,20251209,93009390,0,489086,A,S,90900,1000,
600057.SH,600057,20251209,93009390,0,489849,A,S,90300,1200,
600057.SH,600057,20251209,93009390,0,490106,A,S,90600,1700,
600057.SH,600057,20251209,93009390,0,490571,A,S,93000,1000,
600057.SH,600057,20251209,93009580,0,490912,A,S,92500,500,
600057.SH,600057,20251209,93009580,0,491003,A,S,90600,1500,
600057.SH,600057,20251209,93009580,0,491112,A,B,87100,200,
600057.SH,600057,20251209,93009580,0,491634,A,B,89100,3000,
600057.SH,600057,20251209,93009580,0,491961,A,S,90400,100,
600057.SH,600057,20251209,93009580,0,492082,A,S,94000,5000,
600057.SH,600057,20251209,93009580,0,492144,A,S,90100,1100,
600057.SH,600057,20251209,93009580,0,492145,A,S,90100,3000,
600057.SH,600057,20251209,93009580,0,492170,A,S,90400,100,
600057.SH,600057,20251209,93009750,0,492615,A,S,92500,800,
600057.SH,600057,20251209,93009750,0,378301,D,S,90900,2000,
600057.SH,600057,20251209,93009750,0,492654,A,S,90200,400,
600057.SH,600057,20251209,93009750,0,492704,A,B,89000,3000,
600057.SH,600057,20251209,93009750,0,492748,A,S,90600,200,
600057.SH,600057,20251209,93009750,0,305485,D,B,90000,200,
600057.SH,600057,20251209,93009750,0,493158,A,B,85000,200,
600057.SH,600057,20251209,93009750,0,493188,A,S,90600,100,
600057.SH,600057,20251209,93009750,0,493350,A,S,90600,1000,
600057.SH,600057,20251209,93009750,0,493566,A,S,91100,5000,
600057.SH,600057,20251209,93009750,0,493830,A,S,90200,5000,
600057.SH,600057,20251209,93009750,0,493876,A,S,90600,2000,
600057.SH,600057,20251209,93009750,0,493952,A,B,88600,2300,
600057.SH,600057,20251209,93009750,0,493979,A,B,88100,5000,
600057.SH,600057,20251209,93009750,0,494087,A,S,90300,100,
600057.SH,600057,20251209,93009930,0,494468,A,S,94600,1100,
600057.SH,600057,20251209,93009930,0,495954,A,S,90400,100,
600057.SH,600057,20251209,93009930,0,496057,A,S,90200,3000,
600057.SH,600057,20251209,93010100,0,496463,A,S,90100,900,
600057.SH,600057,20251209,93010100,0,496902,A,S,90100,900,
600057.SH,600057,20251209,93010100,0,497132,A,S,90600,3400,
600057.SH,600057,20251209,93010100,0,497525,A,S,90100,900,
600057.SH,600057,20251209,93010100,0,497687,A,B,87500,2000,
600057.SH,600057,20251209,93010100,0,497828,A,S,90100,500,
600057.SH,600057,20251209,93010100,0,497888,A,S,90000,25700,
600057.SH,600057,20251209,93010100,0,497890,A,S,90000,33300,
600057.SH,600057,20251209,93010100,0,497891,A,S,90000,8000,
