万得代码,交易所代码,自然日,时间,成交价,成交量,成交额,成交笔数,IOPV,成交标志,BS标志,当日累计成交量,当日成交额,最高价,最低价,开盘价,前收盘,申卖价1,申卖价2,申卖价3,申卖价4,申卖价5,申卖价6,申卖价7,申卖价8,申卖价9,申卖价10,申卖量1,申卖量2,申卖量3,申卖量4,申卖量5,申卖量6,申卖量7,申卖量8,申卖量9,申卖量10,申买价1,申买价2,申买价3,申买价4,申买价5,申买价6,申买价7,申买价8,申买价9,申买价10,申买量1,申买量2,申买量3,申买量4,申买量5,申买量6,申买量7,申买量8,申买量9,申买量10,加权平均叫卖价,加权平均叫买价,叫卖总量,叫买总量,不加权指数,品种总数,上涨品种数,下跌品种数,持平品种数,
600022.SH,600022,20251209,84507000,0,0,0,0,0,,,0,0,0,0,0,15300,0,0,0,0,0,0,0,0,0,0,0,0,0,0,0,0,0,0,0,0,0,0,0,0,0,0,0,0,0,0,0,0,0,0,0,0,0,0,0,0,0,0,0,0,0,0,0,0,0,
600022.SH,600022,20251209,91401000,0,0,0,0,0,,,0,0,0,0,0,15300,0,0,0,0,0,0,0,0,0,0,0,0,0,0,0,0,0,0,0,0,0,0,0,0,0,0,0,0,0,0,0,0,0,0,0,0,0,0,0,0,0,0,0,0,0,0,0,0,0,
600022.SH,600022,20251209,91501000,0,0,0,0,0,,,0,0,0,0,0,15300,15300,0,0,0,0,0,0,0,0,0,1700,843800,0,0,0,0,0,0,0,0,15300,0,0,0,0,0,0,0,0,0,1700,0,0,0,0,0,0,0,0,0,15480,15080,17264100,20068600,0,0,0,0,0,
600022.SH,600022,20251209,91504000,0,0,0,0,0,,,0,0,0,0,0,15300,15300,0,0,0,0,0,0,0,0,0,12000,937200,0,0,0,0,0,0,0,0,15300,0,0,0,0,0,0,0,0,0,12000,0,0,0,0,0,0,0,0,0,15540,15050,20848725,23701700,0,0,0,0,0,
600022.SH,600022,20251209,91507000,0,0,0,0,0,,,0,0,0,0,0,15300,15300,0,0,0,0,0,0,0,0,0,14200,947700,0,0,0,0,0,0,0,0,15300,0,0,0,0,0,0,0,0,0,14200,0,0,0,0,0,0,0,0,0,15640,15040,25764825,27744100,0,0,0,0,0,
600022.SH,600022,20251209,91510000,0,0,0,0,0,,,0,0,0,0,0,15300,15300,0,0,0,0,0,0,0,0,0,17200,1123800,0,0,0,0,0,0,0,0,15300,0,0,0,0,0,0,0,0,0,17200,0,0,0,0,0,0,0,0,0,15650,15030,30561425,30493400,0,0,0,0,0,
600022.SH,600022,20251209,91513000,0,0,0,0,0,,,0,0,0,0,0,15300,15300,0,0,0,0,0,0,0,0,0,17700,1149060,0,0,0,0,0,0,0,0,15300,0,0,0,0,0,0,0,0,0,17700,0,0,0,0,0,0,0,0,0,15660,15020,31651585,33377200,0,0,0,0,0,
600022.SH,600022,20251209,91516000,0,0,0,0,0,,,0,0,0,0,0,15300,15300,0,0,0,0,0,0,0,0,0,17800,1151060,0,0,0,0,0,0,0,0,15300,0,0,0,0,0,0,0,0,0,17800,0,0,0,0,0,0,0,0,0,15680,15010,33209085,34392400,0,0,0,0,0,
600022.SH,600022,20251209,91519000,0,0,0,0,0,,,0,0,0,0,0,15300,15300,0,0,0,0,0,0,0,0,0,25000,1146770,0,0,0,0,0,0,0,0,15300,0,0,0,0,0,0,0,0,0,25000,0,0,0,0,0,0,0,0,0,15670,15010,34935995,35679500,0,0,0,0,0,
600022.SH,600022,20251209,91522000,0,0,0,0,0,,,0,0,0,0,0,15300,15200,0,0,0,0,0,0,0,0,0,114970,0,0,0,0,0,0,0,0,0,15200,0,0,0,0,0,0,0,0,0,114970,9596030,0,0,0,0,0,0,0,0,15670,15010,35670795,38161400,0,0,0,0,0,
600022.SH,600022,20251209,91525000,0,0,0,0,0,,,0,0,0,0,0,15300,15200,0,0,0,0,0,0,0,0,0,114970,0,0,0,0,0,0,0,0,0,15200,0,0,0,0,0,0,0,0,0,114970,9596030,0,0,0,0,0,0,0,0,15670,15000,35713595,38684700,0,0,0,0,0,
600022.SH,600022,20251209,91528000,0,0,0,0,0,,,0,0,0,0,0,15300,15200,0,0,0,0,0,0,0,0,0,114970,0,0,0,0,0,0,0,0,0,15200,0,0,0,0,0,0,0,0,0,114970,9597030,0,0,0,0,0,0,0,0,15670,15000,35755795,38685700,0,0,0,0,0,
600022.SH,600022,20251209,91534000,0,0,0,0,0,,,0,0,0,0,0,15300,15200,0,0,0,0,0,0,0,0,0,114970,0,0,0,0,0,0,0,0,0,15200,0,0,0,0,0,0,0,0,0,114970,9597030,0,0,0,0,0,0,0,0,15670,15000,35767795,38687700,0,0,0,0,0,
600022.SH,600022,20251209,91540000,0,0,0,0,0,,,0,0,0,0,0,15300,15200,0,0,0,0,0,0,0,0,0,114970,0,0,0,0,0,0,0,0,0,15200,0,0,0,0,0,0,0,0,0,114970,9597030,0,0,0,0,0,0,0,0,15670,15000,35771795,38697700,0,0,0,0,0,
600022.SH,600022,20251209,91543000,0,0,0,0,0,,,0,0,0,0,0,15300,15200,0,0,0,0,0,0,0,0,0,114970,0,0,0,0,0,0,0,0,0,15200,0,0,0,0,0,0,0,0,0,114970,9597030,0,0,0,0,0,0,0,0,15680,15000,35292095,38697700,0,0,0,0,0,
600022.SH,600022,20251209,91546000,0,0,0,0,0,,,0,0,0,0,0,15300,15200,0,0,0,0,0,0,0,0,0,114970,0,0,0,0,0,0,0,0,0,15200,0,0,0,0,0,0,0,0,0,114970,9597030,0,0,0,0,0,0,0,0,15680,15000,35292095,38079900,0,0,0,0,0,
600022.SH,600022,20251209,91549000,0,0,0,0,0,,,0,0,0,0,0,15300,15200,0,0,0,0,0,0,0,0,0,114970,0,0,0,0,0,0,0,0,0,15200,0,0,0,0,0,0,0,0,0,114970,9597030,0,0,0,0,0,0,0,0,15680,15000,35345995,38146500,0,0,0,0,0,
600022.SH,600022,20251209,91555000,0,0,0,0,0,,,0,0,0,0,0,15300,15200,0,0,0,0,0,0,0,0,0,114970,0,0,0,0,0,0,0,0,0,15200,0,0,0,0,0,0,0,0,0,114970,9733730,0,0,0,0,0,0,0,0,15680,15000,35348995,38283200,0,0,0,0,0,
600022.SH,600022,20251209,91558000,0,0,0,0,0,,,0,0,0,0,0,15300,15200,0,0,0,0,0,0,0,0,0,114970,0,0,0,0,0,0,0,0,0,15200,0,0,0,0,0,0,0,0,0,114970,9733730,0,0,0,0,0,0,0,0,15680,15000,35355995,38283200,0,0,0,0,0,
600022.SH,600022,20251209,91601000,0,0,0,0,0,,,0,0,0,0,0,15300,15200,0,0,0,0,0,0,0,0,0,114970,0,0,0,0,0,0,0,0,0,15200,0,0,0,0,0,0,0,0,0,114970,9734730,0,0,0,0,0,0,0,0,15680,15000,35363695,38482200,0,0,0,0,0,
600022.SH,600022,20251209,91604000,0,0,0,0,0,,,0,0,0,0,0,15300,15200,0,0,0,0,0,0,0,0,0,114970,0,0,0,0,0,0,0,0,0,15200,0,0,0,0,0,0,0,0,0,114970,9734730,0,0,0,0,0,0,0,0,15680,15000,35363695,38483300,0,0,0,0,0,
600022.SH,600022,20251209,91610000,0,0,0,0,0,,,0,0,0,0,0,15300,15200,0,0,0,0,0,0,0,0,0,114970,0,0,0,0,0,0,0,0,0,15200,0,0,0,0,0,0,0,0,0,114970,9734730,0,0,0,0,0,0,0,0,15680,15000,35363695,38495300,0,0,0,0,0,
600022.SH,600022,20251209,91616000,0,0,0,0,0,,,0,0,0,0,0,15300,15200,0,0,0,0,0,0,0,0,0,114970,0,0,0,0,0,0,0,0,0,15200,0,0,0,0,0,0,0,0,0,114970,9734730,0,0,0,0,0,0,0,0,15680,15000,35557395,38496400,0,0,0,0,0,
600022.SH,600022,20251209,91619000,0,0,0,0,0,,,0,0,0,0,0,15300,15200,0,0,0,0,0,0,0,0,0,114970,0,0,0,0,0,0,0,0,0,15200,0,0,0,0,0,0,0,0,0,114970,9734730,0,0,0,0,0,0,0,0,15680,15000,35710095,38496900,0,0,0,0,0,
600022.SH,600022,20251209,91622000,0,0,0,0,0,,,0,0,0,0,0,15300,15200,0,0,0,0,0,0,0,0,0,114970,0,0,0,0,0,0,0,0,0,15200,0,0,0,0,0,0,0,0,0,114970,9734730,0,0,0,0,0,0,0,0,15680,15000,35716295,38496900,0,0,0,0,0,
600022.SH,600022,20251209,91625000,0,0,0,0,0,,,0,0,0,0,0,15300,15200,0,0,0,0,0,0,0,0,0,114970,0,0,0,0,0,0,0,0,0,15200,0,0,0,0,0,0,0,0,0,114970,9734730,0,0,0,0,0,0,0,0,15680,15000,35716295,38430300,0,0,0,0,0,
600022.SH,600022,20251209,91628000,0,0,0,0,0,,,0,0,0,0,0,15300,15200,0,0,0,0,0,0,0,0,0,114970,0,0,0,0,0,0,0,0,0,15200,0,0,0,0,0,0,0,0,0,114970,9739730,0,0,0,0,0,0,0,0,15680,15000,35716295,38402300,0,0,0,0,0,
600022.SH,600022,20251209,91631000,0,0,0,0,0,,,0,0,0,0,0,15300,15200,0,0,0,0,0,0,0,0,0,114970,0,0,0,0,0,0,0,0,0,15200,0,0,0,0,0,0,0,0,0,114970,9739730,0,0,0,0,0,0,0,0,15680,15000,35716295,38407300,0,0,0,0,0,
600022.SH,600022,20251209,91634000,0,0,0,0,0,,,0,0,0,0,0,15300,15200,0,0,0,0,0,0,0,0,0,114970,0,0,0,0,0,0,0,0,0,15200,0,0,0,0,0,0,0,0,0,114970,9769130,0,0,0,0,0,0,0,0,15680,15000,35732995,38436700,0,0,0,0,0,
600022.SH,600022,20251209,91637000,0,0,0,0,0,,,0,0,0,0,0,15300,15200,0,0,0,0,0,0,0,0,0,114970,0,0,0,0,0,0,0,0,0,15200,0,0,0,0,0,0,0,0,0,114970,9789130,0,0,0,0,0,0,0,0,15680,15000,35621795,38488900,0,0,0,0,0,
600022.SH,600022,20251209,91640000,0,0,0,0,0,,,0,0,0,0,0,15300,15200,0,0,0,0,0,0,0,0,0,114970,0,0,0,0,0,0,0,0,0,15200,0,0,0,0,0,0,0,0,0,114970,9789130,0,0,0,0,0,0,0,0,15680,15000,35621795,38492900,0,0,0,0,0,
600022.SH,600022,20251209,91643000,0,0,0,0,0,,,0,0,0,0,0,15300,15300,0,0,0,0,0,0,0,0,0,26900,1151570,0,0,0,0,0,0,0,0,15300,0,0,0,0,0,0,0,0,0,26900,0,0,0,0,0,0,0,0,0,15680,15000,35518695,38487900,0,0,0,0,0,
600022.SH,600022,20251209,91646000,0,0,0,0,0,,,0,0,0,0,0,15300,15300,0,0,0,0,0,0,0,0,0,26900,1151570,0,0,0,0,0,0,0,0,15300,0,0,0,0,0,0,0,0,0,26900,0,0,0,0,0,0,0,0,0,15680,15000,35489595,38594000,0,0,0,0,0,
600022.SH,600022,20251209,91649000,0,0,0,0,0,,,0,0,0,0,0,15300,15300,0,0,0,0,0,0,0,0,0,26900,1151570,0,0,0,0,0,0,0,0,15300,0,0,0,0,0,0,0,0,0,26900,0,0,0,0,0,0,0,0,0,15680,15000,35531395,38578000,0,0,0,0,0,
600022.SH,600022,20251209,91652000,0,0,0,0,0,,,0,0,0,0,0,15300,15300,0,0,0,0,0,0,0,0,0,26900,1151570,0,0,0,0,0,0,0,0,15300,0,0,0,0,0,0,0,0,0,26900,0,0,0,0,0,0,0,0,0,15680,15000,35532395,38598000,0,0,0,0,0,
600022.SH,600022,20251209,91701000,0,0,0,0,0,,,0,0,0,0,0,15300,15300,0,0,0,0,0,0,0,0,0,26900,1151570,0,0,0,0,0,0,0,0,15300,0,0,0,0,0,0,0,0,0,26900,0,0,0,0,0,0,0,0,0,15680,15000,35583595,38601700,0,0,0,0,0,
600022.SH,600022,20251209,91704000,0,0,0,0,0,,,0,0,0,0,0,15300,15300,0,0,0,0,0,0,0,0,0,26900,1151570,0,0,0,0,0,0,0,0,15300,0,0,0,0,0,0,0,0,0,26900,0,0,0,0,0,0,0,0,0,15680,15000,35593595,38606700,0,0,0,0,0,
600022.SH,600022,20251209,91707000,0,0,0,0,0,,,0,0,0,0,0,15300,15300,0,0,0,0,0,0,0,0,0,26900,1199270,0,0,0,0,0,0,0,0,15300,0,0,0,0,0,0,0,0,0,26900,0,0,0,0,0,0,0,0,0,15680,15000,35644295,38641700,0,0,0,0,0,
600022.SH,600022,20251209,91710000,0,0,0,0,0,,,0,0,0,0,0,15300,15300,0,0,0,0,0,0,0,0,0,40000,1186170,0,0,0,0,0,0,0,0,15300,0,0,0,0,0,0,0,0,0,40000,0,0,0,0,0,0,0,0,0,15680,15000,35644295,38659800,0,0,0,0,0,
600022.SH,600022,20251209,91713000,0,0,0,0,0,,,0,0,0,0,0,15300,15300,0,0,0,0,0,0,0,0,0,40000,1186170,0,0,0,0,0,0,0,0,15300,0,0,0,0,0,0,0,0,0,40000,0,0,0,0,0,0,0,0,0,15680,15000,35744295,38659800,0,0,0,0,0,
600022.SH,600022,20251209,91716000,0,0,0,0,0,,,0,0,0,0,0,15300,15300,0,0,0,0,0,0,0,0,0,40000,1186170,0,0,0,0,0,0,0,0,15300,0,0,0,0,0,0,0,0,0,40000,0,0,0,0,0,0,0,0,0,15680,15000,35724395,38659800,0,0,0,0,0,
600022.SH,600022,20251209,91719000,0,0,0,0,0,,,0,0,0,0,0,15300,15300,0,0,0,0,0,0,0,0,0,40000,1206270,0,0,0,0,0,0,0,0,15300,0,0,0,0,0,0,0,0,0,40000,0,0,0,0,0,0,0,0,0,15680,15000,35749495,38659800,0,0,0,0,0,
600022.SH,600022,20251209,91722000,0,0,0,0,0,,,0,0,0,0,0,15300,15300,0,0,0,0,0,0,0,0,0,40000,1238870,0,0,0,0,0,0,0,0,15300,0,0,0,0,0,0,0,0,0,40000,0,0,0,0,0,0,0,0,0,15680,15000,35787095,38620500,0,0,0,0,0,
600022.SH,600022,20251209,91725000,0,0,0,0,0,,,0,0,0,0,0,15300,15300,0,0,0,0,0,0,0,0,0,40000,1238870,0,0,0,0,0,0,0,0,15300,0,0,0,0,0,0,0,0,0,40000,0,0,0,0,0,0,0,0,0,15680,15000,35788095,38641500,0,0,0,0,0,
600022.SH,600022,20251209,91728000,0,0,0,0,0,,,0,0,0,0,0,15300,15300,0,0,0,0,0,0,0,0,0,40000,1238870,0,0,0,0,0,0,0,0,15300,0,0,0,0,0,0,0,0,0,40000,0,0,0,0,0,0,0,0,0,15680,15000,35796395,38648700,0,0,0,0,0,
600022.SH,600022,20251209,91734000,0,0,0,0,0,,,0,0,0,0,0,15300,15300,0,0,0,0,0,0,0,0,0,40000,1238870,0,0,0,0,0,0,0,0,15300,0,0,0,0,0,0,0,0,0,40000,0,0,0,0,0,0,0,0,0,15680,15000,35801395,38696000,0,0,0,0,0,
600022.SH,600022,20251209,91740000,0,0,0,0,0,,,0,0,0,0,0,15300,15300,0,0,0,0,0,0,0,0,0,40000,1238870,0,0,0,0,0,0,0,0,15300,0,0,0,0,0,0,0,0,0,40000,0,0,0,0,0,0,0,0,0,15680,15000,35801395,38735000,0,0,0,0,0,
600022.SH,600022,20251209,91743000,0,0,0,0,0,,,0,0,0,0,0,15300,15300,0,0,0,0,0,0,0,0,0,40000,1238870,0,0,0,0,0,0,0,0,15300,0,0,0,0,0,0,0,0,0,40000,0,0,0,0,0,0,0,0,0,15680,15000,35801395,38768200,0,0,0,0,0,
600022.SH,600022,20251209,91749000,0,0,0,0,0,,,0,0,0,0,0,15300,15300,0,0,0,0,0,0,0,0,0,40000,1238870,0,0,0,0,0,0,0,0,15300,0,0,0,0,0,0,0,0,0,40000,0,0,0,0,0,0,0,0,0,15680,15000,35814295,38774400,0,0,0,0,0,
600022.SH,600022,20251209,91752000,0,0,0,0,0,,,0,0,0,0,0,15300,15300,0,0,0,0,0,0,0,0,0,40000,1238870,0,0,0,0,0,0,0,0,15300,0,0,0,0,0,0,0,0,0,40000,0,0,0,0,0,0,0,0,0,15680,15000,35818795,38774400,0,0,0,0,0,
600022.SH,600022,20251209,91755000,0,0,0,0,0,,,0,0,0,0,0,15300,15300,0,0,0,0,0,0,0,0,0,40000,1238870,0,0,0,0,0,0,0,0,15300,0,0,0,0,0,0,0,0,0,40000,0,0,0,0,0,0,0,0,0,15680,15000,35819795,38772900,0,0,0,0,0,
600022.SH,600022,20251209,91758000,0,0,0,0,0,,,0,0,0,0,0,15300,15300,0,0,0,0,0,0,0,0,0,40000,1238870,0,0,0,0,0,0,0,0,15300,0,0,0,0,0,0,0,0,0,40000,0,0,0,0,0,0,0,0,0,15680,15000,35819795,38782900,0,0,0,0,0,
600022.SH,600022,20251209,91801000,0,0,0,0,0,,,0,0,0,0,0,15300,15300,0,0,0,0,0,0,0,0,0,40000,1239270,0,0,0,0,0,0,0,0,15300,0,0,0,0,0,0,0,0,0,40000,0,0,0,0,0,0,0,0,0,15680,15000,35827095,38782900,0,0,0,0,0,
600022.SH,600022,20251209,91804000,0,0,0,0,0,,,0,0,0,0,0,15300,15300,0,0,0,0,0,0,0,0,0,40000,1239270,0,0,0,0,0,0,0,0,15300,0,0,0,0,0,0,0,0,0,40000,0,0,0,0,0,0,0,0,0,15680,15000,35827695,38782900,0,0,0,0,0,
600022.SH,600022,20251209,91807000,0,0,0,0,0,,,0,0,0,0,0,15300,15300,0,0,0,0,0,0,0,0,0,40000,1239270,0,0,0,0,0,0,0,0,15300,0,0,0,0,0,0,0,0,0,40000,0,0,0,0,0,0,0,0,0,15680,15000,35843695,38743900,0,0,0,0,0,
600022.SH,600022,20251209,91813000,0,0,0,0,0,,,0,0,0,0,0,15300,15300,0,0,0,0,0,0,0,0,0,40000,1239270,0,0,0,0,0,0,0,0,15300,0,0,0,0,0,0,0,0,0,40000,0,0,0,0,0,0,0,0,0,15680,15000,35861695,38743900,0,0,0,0,0,
600022.SH,600022,20251209,91816000,0,0,0,0,0,,,0,0,0,0,0,15300,15300,0,0,0,0,0,0,0,0,0,40000,1239270,0,0,0,0,0,0,0,0,15300,0,0,0,0,0,0,0,0,0,40000,0,0,0,0,0,0,0,0,0,15680,15000,35870695,38743900,0,0,0,0,0,
600022.SH,600022,20251209,91819000,0,0,0,0,0,,,0,0,0,0,0,15300,15300,0,0,0,0,0,0,0,0,0,40000,1239270,0,0,0,0,0,0,0,0,15300,0,0,0,0,0,0,0,0,0,40000,0,0,0,0,0,0,0,0,0,15680,15000,35871395,38753900,0,0,0,0,0,
600022.SH,600022,20251209,91822000,0,0,0,0,0,,,0,0,0,0,0,15300,15300,0,0,0,0,0,0,0,0,0,40000,1239270,0,0,0,0,0,0,0,0,15300,0,0,0,0,0,0,0,0,0,40000,0,0,0,0,0,0,0,0,0,15680,15000,35906395,38769800,0,0,0,0,0,
600022.SH,600022,20251209,91828000,0,0,0,0,0,,,0,0,0,0,0,15300,15300,0,0,0,0,0,0,0,0,0,40000,1239270,0,0,0,0,0,0,0,0,15300,0,0,0,0,0,0,0,0,0,40000,0,0,0,0,0,0,0,0,0,15680,15000,35907395,38769800,0,0,0,0,0,
600022.SH,600022,20251209,91831000,0,0,0,0,0,,,0,0,0,0,0,15300,15300,0,0,0,0,0,0,0,0,0,40000,1245270,0,0,0,0,0,0,0,0,15300,0,0,0,0,0,0,0,0,0,40000,0,0,0,0,0,0,0,0,0,15680,15000,35945495,38779800,0,0,0,0,0,
600022.SH,600022,20251209,91834000,0,0,0,0,0,,,0,0,0,0,0,15300,15300,0,0,0,0,0,0,0,0,0,40000,1295270,0,0,0,0,0,0,0,0,15300,0,0,0,0,0,0,0,0,0,40000,0,0,0,0,0,0,0,0,0,15680,15000,35995495,38767800,0,0,0,0,0,
600022.SH,600022,20251209,91837000,0,0,0,0,0,,,0,0,0,0,0,15300,15300,0,0,0,0,0,0,0,0,0,40000,1295270,0,0,0,0,0,0,0,0,15300,0,0,0,0,0,0,0,0,0,40000,0,0,0,0,0,0,0,0,0,15680,15000,36064195,38767800,0,0,0,0,0,
600022.SH,600022,20251209,91840000,0,0,0,0,0,,,0,0,0,0,0,15300,15300,0,0,0,0,0,0,0,0,0,40000,1295270,0,0,0,0,0,0,0,0,15300,0,0,0,0,0,0,0,0,0,40000,0,0,0,0,0,0,0,0,0,15680,15000,36066795,38787800,0,0,0,0,0,
600022.SH,600022,20251209,91843000,0,0,0,0,0,,,0,0,0,0,0,15300,15300,0,0,0,0,0,0,0,0,0,40000,1295270,0,0,0,0,0,0,0,0,15300,0,0,0,0,0,0,0,0,0,40000,0,0,0,0,0,0,0,0,0,15680,15000,36066795,38836800,0,0,0,0,0,
600022.SH,600022,20251209,91846000,0,0,0,0,0,,,0,0,0,0,0,15300,15300,0,0,0,0,0,0,0,0,0,40000,1299370,0,0,0,0,0,0,0,0,15300,0,0,0,0,0,0,0,0,0,40000,0,0,0,0,0,0,0,0,0,15680,15000,36090895,38836800,0,0,0,0,0,
600022.SH,600022,20251209,91849000,0,0,0,0,0,,,0,0,0,0,0,15300,15300,0,0,0,0,0,0,0,0,0,40000,1299370,0,0,0,0,0,0,0,0,15300,0,0,0,0,0,0,0,0,0,40000,0,0,0,0,0,0,0,0,0,15680,15000,36090895,38843600,0,0,0,0,0,
600022.SH,600022,20251209,91852000,0,0,0,0,0,,,0,0,0,0,0,15300,15300,0,0,0,0,0,0,0,0,0,40000,1299370,0,0,0,0,0,0,0,0,15300,0,0,0,0,0,0,0,0,0,40000,0,0,0,0,0,0,0,0,0,15680,15000,36092895,38845600,0,0,0,0,0,
600022.SH,600022,20251209,91858000,0,0,0,0,0,,,0,0,0,0,0,15300,15300,0,0,0,0,0,0,0,0,0,40000,1299370,0,0,0,0,0,0,0,0,15300,0,0,0,0,0,0,0,0,0,40000,0,0,0,0,0,0,0,0,0,15680,15000,36092895,38832000,0,0,0,0,0,
600022.SH,600022,20251209,91901000,0,0,0,0,0,,,0,0,0,0,0,15300,15300,0,0,0,0,0,0,0,0,0,45000,1294370,0,0,0,0,0,0,0,0,15300,0,0,0,0,0,0,0,0,0,45000,0,0,0,0,0,0,0,0,0,15680,15000,36093195,38837000,0,0,0,0,0,
600022.SH,600022,20251209,91904000,0,0,0,0,0,,,0,0,0,0,0,15300,15300,0,0,0,0,0,0,0,0,0,45000,1294370,0,0,0,0,0,0,0,0,15300,0,0,0,0,0,0,0,0,0,45000,0,0,0,0,0,0,0,0,0,15680,15000,36093195,38847500,0,0,0,0,0,
600022.SH,600022,20251209,91907000,0,0,0,0,0,,,0,0,0,0,0,15300,15300,0,0,0,0,0,0,0,0,0,45000,1294370,0,0,0,0,0,0,0,0,15300,0,0,0,0,0,0,0,0,0,45000,0,0,0,0,0,0,0,0,0,15680,15000,36103195,38875900,0,0,0,0,0,
600022.SH,600022,20251209,91916000,0,0,0,0,0,,,0,0,0,0,0,15300,15300,0,0,0,0,0,0,0,0,0,45000,1294370,0,0,0,0,0,0,0,0,15300,0,0,0,0,0,0,0,0,0,45000,0,0,0,0,0,0,0,0,0,15680,15000,36137795,38875900,0,0,0,0,0,
600022.SH,600022,20251209,91919000,0,0,0,0,0,,,0,0,0,0,0,15300,15300,0,0,0,0,0,0,0,0,0,45000,1294370,0,0,0,0,0,0,0,0,15300,0,0,0,0,0,0,0,0,0,45000,0,0,0,0,0,0,0,0,0,15680,15000,36159295,38875900,0,0,0,0,0,
600022.SH,600022,20251209,91922000,0,0,0,0,0,,,0,0,0,0,0,15300,15300,0,0,0,0,0,0,0,0,0,45000,1294370,0,0,0,0,0,0,0,0,15300,0,0,0,0,0,0,0,0,0,45000,0,0,0,0,0,0,0,0,0,15680,15000,36161495,38731900,0,0,0,0,0,
600022.SH,600022,20251209,91925000,0,0,0,0,0,,,0,0,0,0,0,15300,15300,0,0,0,0,0,0,0,0,0,45000,1294370,0,0,0,0,0,0,0,0,15300,0,0,0,0,0,0,0,0,0,45000,0,0,0,0,0,0,0,0,0,15680,15000,36161495,38732200,0,0,0,0,0,
600022.SH,600022,20251209,91934000,0,0,0,0,0,,,0,0,0,0,0,15300,15300,0,0,0,0,0,0,0,0,0,45000,1294370,0,0,0,0,0,0,0,0,15300,0,0,0,0,0,0,0,0,0,45000,0,0,0,0,0,0,0,0,0,15680,15000,36163295,38964300,0,0,0,0,0,
600022.SH,600022,20251209,91937000,0,0,0,0,0,,,0,0,0,0,0,15300,15300,0,0,0,0,0,0,0,0,0,45000,1294370,0,0,0,0,0,0,0,0,15300,0,0,0,0,0,0,0,0,0,45000,0,0,0,0,0,0,0,0,0,15680,15000,36163295,38945900,0,0,0,0,0,
600022.SH,600022,20251209,91940000,0,0,0,0,0,,,0,0,0,0,0,15300,15300,0,0,0,0,0,0,0,0,0,45000,1284270,0,0,0,0,0,0,0,0,15300,0,0,0,0,0,0,0,0,0,45000,0,0,0,0,0,0,0,0,0,15680,15000,36154795,38945900,0,0,0,0,0,
600022.SH,600022,20251209,91943000,0,0,0,0,0,,,0,0,0,0,0,15300,15300,0,0,0,0,0,0,0,0,0,45000,1284270,0,0,0,0,0,0,0,0,15300,0,0,0,0,0,0,0,0,0,45000,0,0,0,0,0,0,0,0,0,15680,15000,36302395,38951100,0,0,0,0,0,
600022.SH,600022,20251209,91946000,0,0,0,0,0,,,0,0,0,0,0,15300,15300,0,0,0,0,0,0,0,0,0,45000,1284270,0,0,0,0,0,0,0,0,15300,0,0,0,0,0,0,0,0,0,45000,0,0,0,0,0,0,0,0,0,15680,15000,35304195,38969400,0,0,0,0,0,
600022.SH,600022,20251209,91949000,0,0,0,0,0,,,0,0,0,0,0,15300,15300,0,0,0,0,0,0,0,0,0,45000,1284270,0,0,0,0,0,0,0,0,15300,0,0,0,0,0,0,0,0,0,45000,0,0,0,0,0,0,0,0,0,15680,15000,35309195,38969400,0,0,0,0,0,
600022.SH,600022,20251209,91952000,0,0,0,0,0,,,0,0,0,0,0,15300,15300,0,0,0,0,0,0,0,0,0,45000,1284920,0,0,0,0,0,0,0,0,15300,0,0,0,0,0,0,0,0,0,45000,0,0,0,0,0,0,0,0,0,15680,15000,35323245,38969400,0,0,0,0,0,
600022.SH,600022,20251209,91958000,0,0,0,0,0,,,0,0,0,0,0,15300,15300,0,0,0,0,0,0,0,0,0,45000,1284920,0,0,0,0,0,0,0,0,15300,0,0,0,0,0,0,0,0,0,45000,0,0,0,0,0,0,0,0,0,15680,15000,35323245,38979700,0,0,0,0,0,
600022.SH,600022,20251209,92001000,0,0,0,0,0,,,0,0,0,0,0,15300,15300,0,0,0,0,0,0,0,0,0,46100,1283820,0,0,0,0,0,0,0,0,15300,0,0,0,0,0,0,0,0,0,46100,0,0,0,0,0,0,0,0,0,15680,15000,35323245,38982800,0,0,0,0,0,
600022.SH,600022,20251209,92004000,0,0,0,0,0,,,0,0,0,0,0,15300,15300,0,0,0,0,0,0,0,0,0,59200,1272020,0,0,0,0,0,0,0,0,15300,0,0,0,0,0,0,0,0,0,59200,0,0,0,0,0,0,0,0,0,15680,15000,35324745,38996000,0,0,0,0,0,
600022.SH,600022,20251209,92007000,0,0,0,0,0,,,0,0,0,0,0,15300,15300,0,0,0,0,0,0,0,0,0,59200,1272020,0,0,0,0,0,0,0,0,15300,0,0,0,0,0,0,0,0,0,59200,0,0,0,0,0,0,0,0,0,15680,15000,35339345,38996500,0,0,0,0,0,
600022.SH,600022,20251209,92010000,0,0,0,0,0,,,0,0,0,0,0,15300,15300,0,0,0,0,0,0,0,0,0,59200,1272620,0,0,0,0,0,0,0,0,15300,0,0,0,0,0,0,0,0,0,59200,0,0,0,0,0,0,0,0,0,15680,15000,35339945,38996500,0,0,0,0,0,
600022.SH,600022,20251209,92013000,0,0,0,0,0,,,0,0,0,0,0,15300,15300,0,0,0,0,0,0,0,0,0,59200,1272620,0,0,0,0,0,0,0,0,15300,0,0,0,0,0,0,0,0,0,59200,0,0,0,0,0,0,0,0,0,15680,15000,35340145,39032400,0,0,0,0,0,
600022.SH,600022,20251209,92016000,0,0,0,0,0,,,0,0,0,0,0,15300,15300,0,0,0,0,0,0,0,0,0,59200,1272620,0,0,0,0,0,0,0,0,15300,0,0,0,0,0,0,0,0,0,59200,0,0,0,0,0,0,0,0,0,15680,15000,35354145,39032400,0,0,0,0,0,
600022.SH,600022,20251209,92019000,0,0,0,0,0,,,0,0,0,0,0,15300,15300,0,0,0,0,0,0,0,0,0,59200,1272620,0,0,0,0,0,0,0,0,15300,0,0,0,0,0,0,0,0,0,59200,0,0,0,0,0,0,0,0,0,15680,15000,35364145,39032400,0,0,0,0,0,
600022.SH,600022,20251209,92025000,0,0,0,0,0,,,0,0,0,0,0,15300,15300,0,0,0,0,0,0,0,0,0,59200,1292620,0,0,0,0,0,0,0,0,15300,0,0,0,0,0,0,0,0,0,59200,0,0,0,0,0,0,0,0,0,15680,15000,35414145,39032400,0,0,0,0,0,
600022.SH,600022,20251209,92028000,0,0,0,0,0,,,0,0,0,0,0,15300,15300,0,0,0,0,0,0,0,0,0,59200,1292720,0,0,0,0,0,0,0,0,15300,0,0,0,0,0,0,0,0,0,59200,0,0,0,0,0,0,0,0,0,15680,15000,35434245,39032400,0,0,0,0,0,
600022.SH,600022,20251209,92031000,0,0,0,0,0,,,0,0,0,0,0,15300,15300,0,0,0,0,0,0,0,0,0,59300,1292620,0,0,0,0,0,0,0,0,15300,0,0,0,0,0,0,0,0,0,59300,0,0,0,0,0,0,0,0,0,15680,15000,35434745,39047200,0,0,0,0,0,
600022.SH,600022,20251209,92034000,0,0,0,0,0,,,0,0,0,0,0,15300,15300,0,0,0,0,0,0,0,0,0,59300,1292620,0,0,0,0,0,0,0,0,15300,0,0,0,0,0,0,0,0,0,59300,0,0,0,0,0,0,0,0,0,15680,15000,35434745,39061500,0,0,0,0,0,
600022.SH,600022,20251209,92049000,0,0,0,0,0,,,0,0,0,0,0,15300,15300,0,0,0,0,0,0,0,0,0,59300,1292620,0,0,0,0,0,0,0,0,15300,0,0,0,0,0,0,0,0,0,59300,0,0,0,0,0,0,0,0,0,15680,15000,35444745,39061500,0,0,0,0,0,
600022.SH,600022,20251209,92052000,0,0,0,0,0,,,0,0,0,0,0,15300,15300,0,0,0,0,0,0,0,0,0,59500,1292420,0,0,0,0,0,0,0,0,15300,0,0,0,0,0,0,0,0,0,59500,0,0,0,0,0,0,0,0,0,15680,15000,35444745,39061700,0,0,0,0,0,
600022.SH,600022,20251209,92058000,0,0,0,0,0,,,0,0,0,0,0,15300,15300,0,0,0,0,0,0,0,0,0,59500,1292420,0,0,0,0,0,0,0,0,15300,0,0,0,0,0,0,0,0,0,59500,0,0,0,0,0,0,0,0,0,15680,15000,35458045,39062200,0,0,0,0,0,
600022.SH,600022,20251209,92101000,0,0,0,0,0,,,0,0,0,0,0,15300,15300,0,0,0,0,0,0,0,0,0,59500,1292420,0,0,0,0,0,0,0,0,15300,0,0,0,0,0,0,0,0,0,59500,0,0,0,0,0,0,0,0,0,15680,15000,35463045,39062200,0,0,0,0,0,
600022.SH,600022,20251209,92104000,0,0,0,0,0,,,0,0,0,0,0,15300,15300,0,0,0,0,0,0,0,0,0,59500,1292420,0,0,0,0,0,0,0,0,15300,0,0,0,0,0,0,0,0,0,59500,0,0,0,0,0,0,0,0,0,15680,15000,35479045,39062200,0,0,0,0,0,
600022.SH,600022,20251209,92107000,0,0,0,0,0,,,0,0,0,0,0,15300,15300,0,0,0,0,0,0,0,0,0,59500,1292550,0,0,0,0,0,0,0,0,15300,0,0,0,0,0,0,0,0,0,59500,0,0,0,0,0,0,0,0,0,15680,15000,35511575,39062200,0,0,0,0,0,
600022.SH,600022,20251209,92110000,0,0,0,0,0,,,0,0,0,0,0,15300,15300,0,0,0,0,0,0,0,0,0,59500,1292550,0,0,0,0,0,0,0,0,15300,0,0,0,0,0,0,0,0,0,59500,0,0,0,0,0,0,0,0,0,15680,15000,35551975,39062200,0,0,0,0,0,
600022.SH,600022,20251209,92113000,0,0,0,0,0,,,0,0,0,0,0,15300,15300,0,0,0,0,0,0,0,0,0,59500,1292550,0,0,0,0,0,0,0,0,15300,0,0,0,0,0,0,0,0,0,59500,0,0,0,0,0,0,0,0,0,15680,15000,35551975,39064400,0,0,0,0,0,
600022.SH,600022,20251209,92119000,0,0,0,0,0,,,0,0,0,0,0,15300,15300,0,0,0,0,0,0,0,0,0,59500,1292550,0,0,0,0,0,0,0,0,15300,0,0,0,0,0,0,0,0,0,59500,0,0,0,0,0,0,0,0,0,15680,15000,35551975,39078400,0,0,0,0,0,
600022.SH,600022,20251209,92122000,0,0,0,0,0,,,0,0,0,0,0,15300,15300,0,0,0,0,0,0,0,0,0,59600,1292450,0,0,0,0,0,0,0,0,15300,0,0,0,0,0,0,0,0,0,59600,0,0,0,0,0,0,0,0,0,15680,15000,35558475,39121500,0,0,0,0,0,
600022.SH,600022,20251209,92125000,0,0,0,0,0,,,0,0,0,0,0,15300,15300,0,0,0,0,0,0,0,0,0,59600,1292450,0,0,0,0,0,0,0,0,15300,0,0,0,0,0,0,0,0,0,59600,0,0,0,0,0,0,0,0,0,15680,15000,35571475,39121500,0,0,0,0,0,
600022.SH,600022,20251209,92128000,0,0,0,0,0,,,0,0,0,0,0,15300,15300,0,0,0,0,0,0,0,0,0,59600,1292450,0,0,0,0,0,0,0,0,15300,0,0,0,0,0,0,0,0,0,59600,0,0,0,0,0,0,0,0,0,15690,15000,35654575,39123500,0,0,0,0,0,
600022.SH,600022,20251209,92134000,0,0,0,0,0,,,0,0,0,0,0,15300,15300,0,0,0,0,0,0,0,0,0,59600,1292450,0,0,0,0,0,0,0,0,15300,0,0,0,0,0,0,0,0,0,59600,0,0,0,0,0,0,0,0,0,15690,15000,35654975,39125500,0,0,0,0,0,
600022.SH,600022,20251209,92137000,0,0,0,0,0,,,0,0,0,0,0,15300,15300,0,0,0,0,0,0,0,0,0,59600,1292450,0,0,0,0,0,0,0,0,15300,0,0,0,0,0,0,0,0,0,59600,0,0,0,0,0,0,0,0,0,15690,15000,35660275,39125500,0,0,0,0,0,
600022.SH,600022,20251209,92140000,0,0,0,0,0,,,0,0,0,0,0,15300,15300,0,0,0,0,0,0,0,0,0,59600,1292450,0,0,0,0,0,0,0,0,15300,0,0,0,0,0,0,0,0,0,59600,0,0,0,0,0,0,0,0,0,15690,15000,35671475,39146600,0,0,0,0,0,
600022.SH,600022,20251209,92143000,0,0,0,0,0,,,0,0,0,0,0,15300,15300,0,0,0,0,0,0,0,0,0,59700,1292350,0,0,0,0,0,0,0,0,15300,0,0,0,0,0,0,0,0,0,59700,0,0,0,0,0,0,0,0,0,15690,15000,35679675,39146700,0,0,0,0,0,
600022.SH,600022,20251209,92146000,0,0,0,0,0,,,0,0,0,0,0,15300,15300,0,0,0,0,0,0,0,0,0,59700,1292350,0,0,0,0,0,0,0,0,15300,0,0,0,0,0,0,0,0,0,59700,0,0,0,0,0,0,0,0,0,15690,15000,35679675,39156700,0,0,0,0,0,
600022.SH,600022,20251209,92152000,0,0,0,0,0,,,0,0,0,0,0,15300,15300,0,0,0,0,0,0,0,0,0,59700,1292350,0,0,0,0,0,0,0,0,15300,0,0,0,0,0,0,0,0,0,59700,0,0,0,0,0,0,0,0,0,15690,15000,35691975,39176700,0,0,0,0,0,
600022.SH,600022,20251209,92155000,0,0,0,0,0,,,0,0,0,0,0,15300,15300,0,0,0,0,0,0,0,0,0,59700,1292350,0,0,0,0,0,0,0,0,15300,0,0,0,0,0,0,0,0,0,59700,0,0,0,0,0,0,0,0,0,15690,15000,35698475,39196700,0,0,0,0,0,
600022.SH,600022,20251209,92158000,0,0,0,0,0,,,0,0,0,0,0,15300,15300,0,0,0,0,0,0,0,0,0,59700,1292350,0,0,0,0,0,0,0,0,15300,0,0,0,0,0,0,0,0,0,59700,0,0,0,0,0,0,0,0,0,15690,15000,35698475,39206700,0,0,0,0,0,
600022.SH,600022,20251209,92201000,0,0,0,0,0,,,0,0,0,0,0,15300,15300,0,0,0,0,0,0,0,0,0,59900,1292150,0,0,0,0,0,0,0,0,15300,0,0,0,0,0,0,0,0,0,59900,0,0,0,0,0,0,0,0,0,15690,15000,35704175,39206900,0,0,0,0,0,
600022.SH,600022,20251209,92204000,0,0,0,0,0,,,0,0,0,0,0,15300,15300,0,0,0,0,0,0,0,0,0,61900,1290150,0,0,0,0,0,0,0,0,15300,0,0,0,0,0,0,0,0,0,61900,0,0,0,0,0,0,0,0,0,15690,15000,35704175,39208900,0,0,0,0,0,
600022.SH,600022,20251209,92207000,0,0,0,0,0,,,0,0,0,0,0,15300,15300,0,0,0,0,0,0,0,0,0,61900,1290250,0,0,0,0,0,0,0,0,15300,0,0,0,0,0,0,0,0,0,61900,0,0,0,0,0,0,0,0,0,15690,15000,35704275,39208900,0,0,0,0,0,
600022.SH,600022,20251209,92210000,0,0,0,0,0,,,0,0,0,0,0,15300,15300,0,0,0,0,0,0,0,0,0,61900,1290250,0,0,0,0,0,0,0,0,15300,0,0,0,0,0,0,0,0,0,61900,0,0,0,0,0,0,0,0,0,15690,15000,35704275,39218900,0,0,0,0,0,
600022.SH,600022,20251209,92213000,0,0,0,0,0,,,0,0,0,0,0,15300,15300,0,0,0,0,0,0,0,0,0,61900,1290250,0,0,0,0,0,0,0,0,15300,0,0,0,0,0,0,0,0,0,61900,0,0,0,0,0,0,0,0,0,15690,15000,35704375,39241900,0,0,0,0,0,
600022.SH,600022,20251209,92216000,0,0,0,0,0,,,0,0,0,0,0,15300,15300,0,0,0,0,0,0,0,0,0,61900,1290250,0,0,0,0,0,0,0,0,15300,0,0,0,0,0,0,0,0,0,61900,0,0,0,0,0,0,0,0,0,15690,15000,35706775,39246900,0,0,0,0,0,
600022.SH,600022,20251209,92222000,0,0,0,0,0,,,0,0,0,0,0,15300,15300,0,0,0,0,0,0,0,0,0,61900,1290350,0,0,0,0,0,0,0,0,15300,0,0,0,0,0,0,0,0,0,61900,0,0,0,0,0,0,0,0,0,15690,15000,35712875,39246900,0,0,0,0,0,
600022.SH,600022,20251209,92228000,0,0,0,0,0,,,0,0,0,0,0,15300,15300,0,0,0,0,0,0,0,0,0,61900,1290350,0,0,0,0,0,0,0,0,15300,0,0,0,0,0,0,0,0,0,61900,0,0,0,0,0,0,0,0,0,15690,15000,35772875,39246900,0,0,0,0,0,
600022.SH,600022,20251209,92231000,0,0,0,0,0,,,0,0,0,0,0,15300,15300,0,0,0,0,0,0,0,0,0,62000,1290250,0,0,0,0,0,0,0,0,15300,0,0,0,0,0,0,0,0,0,62000,0,0,0,0,0,0,0,0,0,15690,15000,35783375,39257000,0,0,0,0,0,
600022.SH,600022,20251209,92234000,0,0,0,0,0,,,0,0,0,0,0,15300,15300,0,0,0,0,0,0,0,0,0,62000,1290250,0,0,0,0,0,0,0,0,15300,0,0,0,0,0,0,0,0,0,62000,0,0,0,0,0,0,0,0,0,15690,15000,35791375,39257000,0,0,0,0,0,
600022.SH,600022,20251209,92243000,0,0,0,0,0,,,0,0,0,0,0,15300,15300,0,0,0,0,0,0,0,0,0,62000,1290250,0,0,0,0,0,0,0,0,15300,0,0,0,0,0,0,0,0,0,62000,0,0,0,0,0,0,0,0,0,15690,15000,35808575,39267000,0,0,0,0,0,
600022.SH,600022,20251209,92246000,0,0,0,0,0,,,0,0,0,0,0,15300,15300,0,0,0,0,0,0,0,0,0,62000,1290250,0,0,0,0,0,0,0,0,15300,0,0,0,0,0,0,0,0,0,62000,0,0,0,0,0,0,0,0,0,15680,15000,35883175,39267000,0,0,0,0,0,
600022.SH,600022,20251209,92249000,0,0,0,0,0,,,0,0,0,0,0,15300,15300,0,0,0,0,0,0,0,0,0,62000,1290250,0,0,0,0,0,0,0,0,15300,0,0,0,0,0,0,0,0,0,62000,0,0,0,0,0,0,0,0,0,15680,15000,35883175,39268000,0,0,0,0,0,
600022.SH,600022,20251209,92252000,0,0,0,0,0,,,0,0,0,0,0,15300,15300,0,0,0,0,0,0,0,0,0,62100,1290150,0,0,0,0,0,0,0,0,15300,0,0,0,0,0,0,0,0,0,62100,0,0,0,0,0,0,0,0,0,15680,15000,35883175,39270100,0,0,0,0,0,
600022.SH,600022,20251209,92258000,0,0,0,0,0,,,0,0,0,0,0,15300,15300,0,0,0,0,0,0,0,0,0,62100,1290150,0,0,0,0,0,0,0,0,15300,0,0,0,0,0,0,0,0,0,62100,0,0,0,0,0,0,0,0,0,15690,15000,36132575,39276100,0,0,0,0,0,
600022.SH,600022,20251209,92301000,0,0,0,0,0,,,0,0,0,0,0,15300,15300,0,0,0,0,0,0,0,0,0,62100,1290150,0,0,0,0,0,0,0,0,15300,0,0,0,0,0,0,0,0,0,62100,0,0,0,0,0,0,0,0,0,15690,15000,36192575,39276100,0,0,0,0,0,
600022.SH,600022,20251209,92304000,0,0,0,0,0,,,0,0,0,0,0,15300,15300,0,0,0,0,0,0,0,0,0,62100,1290150,0,0,0,0,0,0,0,0,15300,0,0,0,0,0,0,0,0,0,62100,0,0,0,0,0,0,0,0,0,15690,15000,36252575,39281100,0,0,0,0,0,
600022.SH,600022,20251209,92310000,0,0,0,0,0,,,0,0,0,0,0,15300,15300,0,0,0,0,0,0,0,0,0,62100,1290150,0,0,0,0,0,0,0,0,15300,0,0,0,0,0,0,0,0,0,62100,0,0,0,0,0,0,0,0,0,15690,15000,36252575,39286200,0,0,0,0,0,
600022.SH,600022,20251209,92313000,0,0,0,0,0,,,0,0,0,0,0,15300,15300,0,0,0,0,0,0,0,0,0,62100,1290150,0,0,0,0,0,0,0,0,15300,0,0,0,0,0,0,0,0,0,62100,0,0,0,0,0,0,0,0,0,15690,15000,36255575,39286200,0,0,0,0,0,
600022.SH,600022,20251209,92316000,0,0,0,0,0,,,0,0,0,0,0,15300,15300,0,0,0,0,0,0,0,0,0,62100,1290150,0,0,0,0,0,0,0,0,15300,0,0,0,0,0,0,0,0,0,62100,0,0,0,0,0,0,0,0,0,15690,15000,36259575,39286200,0,0,0,0,0,
600022.SH,600022,20251209,92319000,0,0,0,0,0,,,0,0,0,0,0,15300,15300,0,0,0,0,0,0,0,0,0,62100,1291650,0,0,0,0,0,0,0,0,15300,0,0,0,0,0,0,0,0,0,62100,0,0,0,0,0,0,0,0,0,15690,15000,36261075,39362200,0,0,0,0,0,
600022.SH,600022,20251209,92322000,0,0,0,0,0,,,0,0,0,0,0,15300,15300,0,0,0,0,0,0,0,0,0,62200,1291550,0,0,0,0,0,0,0,0,15300,0,0,0,0,0,0,0,0,0,62200,0,0,0,0,0,0,0,0,0,15690,15000,36284575,39362300,0,0,0,0,0,
600022.SH,600022,20251209,92325000,0,0,0,0,0,,,0,0,0,0,0,15300,15300,0,0,0,0,0,0,0,0,0,62200,1291550,0,0,0,0,0,0,0,0,15300,0,0,0,0,0,0,0,0,0,62200,0,0,0,0,0,0,0,0,0,15690,15000,36297275,39372300,0,0,0,0,0,
600022.SH,600022,20251209,92328000,0,0,0,0,0,,,0,0,0,0,0,15300,15300,0,0,0,0,0,0,0,0,0,65400,1288350,0,0,0,0,0,0,0,0,15300,0,0,0,0,0,0,0,0,0,65400,0,0,0,0,0,0,0,0,0,15690,15000,36297275,39375500,0,0,0,0,0,
600022.SH,600022,20251209,92331000,0,0,0,0,0,,,0,0,0,0,0,15300,15300,0,0,0,0,0,0,0,0,0,65400,1288350,0,0,0,0,0,0,0,0,15300,0,0,0,0,0,0,0,0,0,65400,0,0,0,0,0,0,0,0,0,15690,15000,36300275,39575500,0,0,0,0,0,
600022.SH,600022,20251209,92334000,0,0,0,0,0,,,0,0,0,0,0,15300,15300,0,0,0,0,0,0,0,0,0,65400,1288350,0,0,0,0,0,0,0,0,15300,0,0,0,0,0,0,0,0,0,65400,0,0,0,0,0,0,0,0,0,15690,15000,36302275,39575500,0,0,0,0,0,
600022.SH,600022,20251209,92337000,0,0,0,0,0,,,0,0,0,0,0,15300,15300,0,0,0,0,0,0,0,0,0,65400,1288350,0,0,0,0,0,0,0,0,15300,0,0,0,0,0,0,0,0,0,65400,0,0,0,0,0,0,0,0,0,15690,15000,36305375,39575500,0,0,0,0,0,
600022.SH,600022,20251209,92340000,0,0,0,0,0,,,0,0,0,0,0,15300,15300,0,0,0,0,0,0,0,0,0,65400,1288350,0,0,0,0,0,0,0,0,15300,0,0,0,0,0,0,0,0,0,65400,0,0,0,0,0,0,0,0,0,15690,15000,36325875,39575500,0,0,0,0,0,
600022.SH,600022,20251209,92343000,0,0,0,0,0,,,0,0,0,0,0,15300,15300,0,0,0,0,0,0,0,0,0,65500,1288250,0,0,0,0,0,0,0,0,15300,0,0,0,0,0,0,0,0,0,65500,0,0,0,0,0,0,0,0,0,15690,15000,36325875,39585600,0,0,0,0,0,
600022.SH,600022,20251209,92346000,0,0,0,0,0,,,0,0,0,0,0,15300,15300,0,0,0,0,0,0,0,0,0,65500,1288250,0,0,0,0,0,0,0,0,15300,0,0,0,0,0,0,0,0,0,65500,0,0,0,0,0,0,0,0,0,15690,15000,36335875,39606100,0,0,0,0,0,
600022.SH,600022,20251209,92349000,0,0,0,0,0,,,0,0,0,0,0,15300,15300,0,0,0,0,0,0,0,0,0,65700,1288050,0,0,0,0,0,0,0,0,15300,0,0,0,0,0,0,0,0,0,65700,0,0,0,0,0,0,0,0,0,15690,15000,36402475,39606300,0,0,0,0,0,
600022.SH,600022,20251209,92352000,0,0,0,0,0,,,0,0,0,0,0,15300,15300,0,0,0,0,0,0,0,0,0,83700,1270050,0,0,0,0,0,0,0,0,15300,0,0,0,0,0,0,0,0,0,83700,0,0,0,0,0,0,0,0,0,15690,15000,36402475,39624300,0,0,0,0,0,
600022.SH,600022,20251209,92355000,0,0,0,0,0,,,0,0,0,0,0,15300,15300,0,0,0,0,0,0,0,0,0,83700,1271750,0,0,0,0,0,0,0,0,15300,0,0,0,0,0,0,0,0,0,83700,0,0,0,0,0,0,0,0,0,15690,15000,36404175,39624300,0,0,0,0,0,
600022.SH,600022,20251209,92401000,0,0,0,0,0,,,0,0,0,0,0,15300,15300,0,0,0,0,0,0,0,0,0,83800,1271650,0,0,0,0,0,0,0,0,15300,0,0,0,0,0,0,0,0,0,83800,0,0,0,0,0,0,0,0,0,15690,15000,36435375,39624400,0,0,0,0,0,
600022.SH,600022,20251209,92404000,0,0,0,0,0,,,0,0,0,0,0,15300,15300,0,0,0,0,0,0,0,0,0,83800,1272650,0,0,0,0,0,0,0,0,15300,0,0,0,0,0,0,0,0,0,83800,0,0,0,0,0,0,0,0,0,15690,15000,36494475,39624400,0,0,0,0,0,
600022.SH,600022,20251209,92407000,0,0,0,0,0,,,0,0,0,0,0,15300,15300,0,0,0,0,0,0,0,0,0,83800,1272650,0,0,0,0,0,0,0,0,15300,0,0,0,0,0,0,0,0,0,83800,0,0,0,0,0,0,0,0,0,15690,15000,36494475,39631400,0,0,0,0,0,
600022.SH,600022,20251209,92413000,0,0,0,0,0,,,0,0,0,0,0,15300,15300,0,0,0,0,0,0,0,0,0,83800,1272650,0,0,0,0,0,0,0,0,15300,0,0,0,0,0,0,0,0,0,83800,0,0,0,0,0,0,0,0,0,15690,15000,36520975,39631400,0,0,0,0,0,
600022.SH,600022,20251209,92416000,0,0,0,0,0,,,0,0,0,0,0,15300,15300,0,0,0,0,0,0,0,0,0,83800,1362650,0,0,0,0,0,0,0,0,15300,0,0,0,0,0,0,0,0,0,83800,0,0,0,0,0,0,0,0,0,15690,15000,36672575,39631400,0,0,0,0,0,
600022.SH,600022,20251209,92419000,0,0,0,0,0,,,0,0,0,0,0,15300,15300,0,0,0,0,0,0,0,0,0,83800,1362850,0,0,0,0,0,0,0,0,15300,0,0,0,0,0,0,0,0,0,83800,0,0,0,0,0,0,0,0,0,15690,15000,36672775,39631400,0,0,0,0,0,
600022.SH,600022,20251209,92425000,0,0,0,0,0,,,0,0,0,0,0,15300,15300,0,0,0,0,0,0,0,0,0,83800,1362850,0,0,0,0,0,0,0,0,15300,0,0,0,0,0,0,0,0,0,83800,0,0,0,0,0,0,0,0,0,15690,15000,36672775,39632400,0,0,0,0,0,
600022.SH,600022,20251209,92428000,0,0,0,0,0,,,0,0,0,0,0,15300,15300,0,0,0,0,0,0,0,0,0,83800,1362850,0,0,0,0,0,0,0,0,15300,0,0,0,0,0,0,0,0,0,83800,0,0,0,0,0,0,0,0,0,15690,15000,36692775,39636900,0,0,0,0,0,
600022.SH,600022,20251209,92431000,0,0,0,0,0,,,0,0,0,0,0,15300,15300,0,0,0,0,0,0,0,0,0,83900,1362750,0,0,0,0,0,0,0,0,15300,0,0,0,0,0,0,0,0,0,83900,0,0,0,0,0,0,0,0,0,15690,15000,36692775,39637000,0,0,0,0,0,
600022.SH,600022,20251209,92434000,0,0,0,0,0,,,0,0,0,0,0,15300,15300,0,0,0,0,0,0,0,0,0,83900,1401750,0,0,0,0,0,0,0,0,15300,0,0,0,0,0,0,0,0,0,83900,0,0,0,0,0,0,0,0,0,15690,15000,36731775,39637000,0,0,0,0,0,
600022.SH,600022,20251209,92437000,0,0,0,0,0,,,0,0,0,0,0,15300,15200,0,0,0,0,0,0,0,0,0,85470,0,0,0,0,0,0,0,0,0,15200,0,0,0,0,0,0,0,0,0,85470,10276530,0,0,0,0,0,0,0,0,15690,15000,36762675,39637000,0,0,0,0,0,
600022.SH,600022,20251209,92440000,0,0,0,0,0,,,0,0,0,0,0,15300,15200,0,0,0,0,0,0,0,0,0,85570,0,0,0,0,0,0,0,0,0,15200,0,0,0,0,0,0,0,0,0,85570,10276430,0,0,0,0,0,0,0,0,15690,15000,36792775,39637100,0,0,0,0,0,
600022.SH,600022,20251209,92443000,0,0,0,0,0,,,0,0,0,0,0,15300,15200,0,0,0,0,0,0,0,0,0,85570,0,0,0,0,0,0,0,0,0,15200,0,0,0,0,0,0,0,0,0,85570,10276430,0,0,0,0,0,0,0,0,15690,15000,36797775,39637100,0,0,0,0,0,
600022.SH,600022,20251209,92446000,0,0,0,0,0,,,0,0,0,0,0,15300,15200,0,0,0,0,0,0,0,0,0,85570,0,0,0,0,0,0,0,0,0,15200,0,0,0,0,0,0,0,0,0,85570,10276430,0,0,0,0,0,0,0,0,15690,15000,36797775,39640300,0,0,0,0,0,
600022.SH,600022,20251209,92449000,0,0,0,0,0,,,0,0,0,0,0,15300,15200,0,0,0,0,0,0,0,0,0,85570,0,0,0,0,0,0,0,0,0,15200,0,0,0,0,0,0,0,0,0,85570,10276430,0,0,0,0,0,0,0,0,15690,15000,36800775,39645300,0,0,0,0,0,
600022.SH,600022,20251209,92452000,0,0,0,0,0,,,0,0,0,0,0,15300,15200,0,0,0,0,0,0,0,0,0,85670,0,0,0,0,0,0,0,0,0,15200,0,0,0,0,0,0,0,0,0,85670,10276730,0,0,0,0,0,0,0,0,15690,15000,36801575,39649700,0,0,0,0,0,
600022.SH,600022,20251209,92455000,0,0,0,0,0,,,0,0,0,0,0,15300,15200,0,0,0,0,0,0,0,0,0,85670,0,0,0,0,0,0,0,0,0,15200,0,0,0,0,0,0,0,0,0,85670,10276730,0,0,0,0,0,0,0,0,15690,15000,36826275,39649700,0,0,0,0,0,
600022.SH,600022,20251209,92458000,0,0,0,0,0,,,0,0,0,0,0,15300,15300,0,0,0,0,0,0,0,0,0,132900,1372950,0,0,0,0,0,0,0,0,15300,0,0,0,0,0,0,0,0,0,132900,0,0,0,0,0,0,0,0,0,15690,15000,36846275,39718300,0,0,0,0,0,
600022.SH,600022,20251209,92501000,15300,142200,217566,81,0,,,142200,217566,15300,15300,15300,15300,15300,15400,15500,15600,15700,15800,15900,16000,16100,16200,1387950,9502100,10806760,5113300,1824000,1107800,548400,1040800,417200,130600,15200,15100,15000,14900,14800,14700,14600,14500,14400,14300,10278100,15413300,7225700,2212800,1276000,472500,135700,152000,18300,62400,15690,15000,36755875,39585400,0,0,0,0,0,
600022.SH,600022,20251209,93001000,15300,1500,2294,89,0,,,143700,219860,15300,15200,15300,15300,15300,15400,15500,15600,15700,15800,15900,16000,16100,16200,1389950,9290300,10808360,5213300,1824000,1107800,548400,1040800,417200,130600,15200,15100,15000,14900,14800,14700,14600,14500,14400,14300,10278000,15413300,6896900,2212800,1276000,472500,135700,152000,18300,62400,15690,15000,36647675,39256500,0,0,0,0,0,
600022.SH,600022,20251209,93004000,15300,3900,5967,93,0,,,147600,225827,15300,15200,15300,15300,15300,15400,15500,15600,15700,15800,15900,16000,16100,16200,1502250,9436400,10895560,5235900,1935100,1107800,648400,1040800,427200,130600,15200,15100,15000,14900,14800,14700,14600,14500,14400,14300,10405900,15434100,6978100,2245200,989000,472500,135700,152000,18300,62400,15690,15000,37344375,39231800,0,0,0,0,0,
600022.SH,600022,20251209,93007000,15300,116000,176480,97,0,,,263600,402307,15300,15200,15300,15300,15300,15400,15500,15600,15700,15800,15900,16000,16100,16200,1747750,9752200,10929360,5266400,1952200,1107800,648400,1056800,427200,130600,15200,15100,15000,14900,14800,14700,14600,14500,14400,14300,10377300,15453100,7360100,2246200,984000,472500,135700,152000,18300,62400,15690,15000,38073975,39600200,0,0,0,0,0,
600022.SH,600022,20251209,93010000,15300,3300,5039,106,0,,,266900,407346,15300,15200,15300,15300,15300,15400,15500,15600,15700,15800,15900,16000,16100,16200,1855150,9915500,11029960,5332200,1956300,1107800,668400,1056800,427200,130600,15200,15100,15000,14900,14800,14700,14600,14500,14400,14300,10447700,15476800,7467800,2276700,1009400,472500,135700,152000,18300,62400,15690,15000,38585475,39857900,0,0,0,0,0,
600022.SH,600022,20251209,93013000,15300,10200,15553,115,0,,,277100,422899,15300,15200,15300,15300,15300,15400,15500,15600,15700,15800,15900,16000,16100,16200,1946450,9929500,11572500,5352700,1968700,1119100,668400,1058800,427200,130600,15200,15100,15000,14900,14800,14700,14600,14500,14400,14300,10465800,15988000,7671300,2281700,1019400,482500,135700,152000,18300,62400,15680,15010,39333933,40615700,0,0,0,0,0,
600022.SH,600022,20251209,93016000,15300,9600,14683,130,0,,,286700,437582,15300,15200,15300,15300,15300,15400,15500,15600,15700,15800,15900,16000,16100,16200,2048150,10017800,11797100,6002700,2194300,1118900,671400,1064300,437200,130600,15200,15100,15000,14900,14800,14700,14600,14500,14400,14300,10548700,15990900,7673000,2307800,1019800,471200,136500,157000,18300,62400,15680,15010,40679233,40724200,0,0,0,0,0,
600022.SH,600022,20251209,93019000,15200,2000,3043,136,0,,,288700,440625,15300,15200,15300,15300,15300,15400,15500,15600,15700,15800,15900,16000,16100,16200,2122450,10122800,12333600,6050700,2303200,1118900,681400,1090300,437200,130600,15200,15100,15000,14900,14800,14700,14600,14500,14400,14300,10557100,15648900,7707000,2337800,1029800,471200,136500,157000,18300,62400,15680,15000,41734633,40464600,0,0,0,0,0,
600022.SH,600022,20251209,93022000,15300,37000,56594,148,0,,,325700,497219,15300,15200,15300,15300,15300,15400,15500,15600,15700,15800,15900,16000,16100,16200,3373750,10228800,12373500,6078000,2305200,1118900,681400,1239200,437200,130900,15200,15100,15000,14900,14800,14700,14600,14500,14400,14300,10857200,15655700,7691500,2339800,1023300,477200,136500,223800,18300,62400,15670,15010,43321333,40824300,0,0,0,0,0,
600022.SH,600022,20251209,93025000,15200,9900,15142,161,0,,,335600,512361,15300,15200,15300,15300,15300,15400,15500,15600,15700,15800,15900,16000,16100,16200,3503750,10357800,12380200,6100700,2317900,1118900,682400,1242200,437200,130900,15200,15100,15000,14900,14800,14700,14600,14500,14400,14300,11301800,15670500,7713600,2339800,1023300,477200,136500,223800,18300,62400,15670,15010,43718833,41305800,0,0,0,0,0,
600022.SH,600022,20251209,93028000,15300,19200,29296,170,0,,,354800,541657,15300,15200,15300,15300,15300,15400,15500,15600,15700,15800,15900,16000,16100,16200,4095850,10409900,12395700,6110700,2317900,1122100,682400,1246200,437200,130900,15200,15100,15000,14900,14800,14700,14600,14500,14400,14300,11295700,15670500,7723600,2339800,1029800,477200,136500,223800,18300,62400,15670,15010,44401933,41316200,0,0,0,0,0,
600022.SH,600022,20251209,93031000,15300,200,305,172,0,,,355000,541962,15300,15200,15300,15300,15300,15400,15500,15600,15700,15800,15900,16000,16100,16200,4111350,10417600,12418900,6112700,2320900,1122100,682400,1246200,437200,130900,15200,15100,15000,14900,14800,14700,14600,14500,14400,14300,11323800,15670500,7723600,2339800,1029800,477200,136500,223800,18300,62600,15670,15010,44460233,41364500,0,0,0,0,0,
600022.SH,600022,20251209,93034000,15300,7600,11599,181,0,,,362600,553561,15300,15200,15300,15300,15300,15400,15500,15600,15700,15800,15900,16000,16100,16200,4106650,10413200,9891500,5755000,2324900,1122100,682400,1247000,437200,130900,15200,15100,15000,14900,14800,14700,14600,14500,14400,14300,11339900,13145500,7320600,2339800,1029800,477200,136500,223800,18300,62600,15680,15000,41591833,38452600,0,0,0,0,0,
600022.SH,600022,20251209,93037000,15200,1400,2129,188,0,,,364000,555690,15300,15200,15300,15300,15300,15400,15500,15600,15700,15800,15900,16000,16100,16200,4130150,10453200,9911500,5753000,2344700,1122100,688400,1250000,437200,130900,15200,15100,15000,14900,14800,14700,14600,14500,14400,14300,11388500,13202700,7321400,2339800,1039800,477200,136500,223800,18300,62600,15680,15000,41704833,38569200,0,0,0,0,0,
600022.SH,600022,20251209,93040000,15200,4500,6840,202,0,,,368500,562530,15300,15200,15300,15300,15300,15400,15500,15600,15700,15800,15900,16000,16100,16200,4131150,10477200,9921500,5763900,2354700,1142100,688400,1253200,437200,130900,15200,15100,15000,14900,14800,14700,14600,14500,14400,14300,11471400,13231800,7322500,2339800,1039800,477200,136500,223800,18300,62600,15680,15000,41783933,38682300,0,0,0,0,0,
600022.SH,600022,20251209,93043000,15200,1700,2584,212,0,,,370200,565114,15300,15200,15300,15300,15300,15400,15500,15600,15700,15800,15900,16000,16100,16200,4137050,10422600,9921500,5763900,2354700,1143200,688400,1253200,437200,130900,15200,15100,15000,14900,14800,14700,14600,14500,14400,14300,11452000,13231800,7322500,2339800,1039800,477200,136500,223800,18300,62600,15680,15000,41736333,38662900,0,0,0,0,0,
600022.SH,600022,20251209,93046000,15200,900,1369,215,0,,,371100,566483,15300,15200,15300,15300,15300,15400,15500,15600,15700,15800,15900,16000,16100,16200,4136950,10422600,9946500,5763900,2354700,1143200,688400,1253200,437200,130900,15200,15100,15000,14900,14800,14700,14600,14500,14400,14300,11478100,13231800,7324500,2339800,1039800,477200,136500,223800,18300,62600,15680,15000,41761233,38691000,0,0,0,0,0,
600022.SH,600022,20251209,93049000,15200,72300,109972,228,0,,,443400,676455,15300,15200,15300,15300,15300,15400,15500,15600,15700,15800,15900,16000,16100,16200,4489250,10422600,9946500,5768900,2354700,1143200,688400,1253200,437200,130900,15200,15100,15000,14900,14800,14700,14600,14500,14400,14300,11431200,13525800,7328800,2339800,1039800,477200,136500,223800,18300,62600,15670,15000,42118533,38942400,0,0,0,0,0,
600022.SH,600022,20251209,93052000,15200,13700,20936,243,0,,,457100,697391,15300,15200,15300,15300,15300,15400,15500,15600,15700,15800,15900,16000,16100,16200,5039250,10422600,9946500,5440100,2354800,1143200,688400,1253200,437200,130900,15200,15100,15000,14900,14800,14700,14600,14500,14400,14300,11425600,13525800,7328800,2339800,1039800,477200,136500,223800,18300,62600,15670,15000,42339833,38956800,0,0,0,0,0,
600022.SH,600022,20251209,93055000,15200,2300,3496,245,0,,,459400,700887,15300,15200,15300,15300,15300,15400,15500,15600,15700,15800,15900,16000,16100,16200,5041250,10422600,9946500,5460100,2354800,1143200,688400,1253200,437200,130900,15200,15100,15000,14900,14800,14700,14600,14500,14400,14300,11432500,13425100,7328800,2441600,1039800,477200,136500,223800,18300,62600,15670,15000,42361833,38964800,0,0,0,0,0,
600022.SH,600022,20251209,93058000,15300,2200,3365,247,0,,,461600,704252,15300,15200,15300,15300,15300,15400,15500,15600,15700,15800,15900,16000,16100,16200,5367950,10298400,9946500,5460100,2354800,1143200,688400,1253200,437200,130900,15200,15100,15000,14900,14800,14700,14600,14500,14400,14300,11432600,13420300,7311800,2441600,1039800,477200,136500,223800,18300,67600,15670,15000,42564333,38948100,0,0,0,0,0,
600022.SH,600022,20251209,93101000,15200,6000,9126,254,0,,,467600,713378,15300,15200,15300,15300,15300,15400,15500,15600,15700,15800,15900,16000,16100,16200,5378250,10298400,9945700,5460100,2354800,1143200,689400,1253200,437200,130900,15200,15100,15000,14900,14800,14700,14600,14500,14400,14300,11427400,13427100,7321800,2441600,1063300,477200,136500,223800,18300,67600,15670,15000,42574833,38985200,0,0,0,0,0,
600022.SH,600022,20251209,93104000,15200,8500,12970,265,0,,,476100,726348,15300,15200,15300,15300,15300,15400,15500,15600,15700,15800,15900,16000,16100,16200,5418650,10298400,9945700,5460100,2374800,1143200,689400,1253200,437200,130900,15200,15100,15000,14900,14800,14700,14600,14500,14400,14300,11524900,13427100,7329500,2501700,1063300,477200,136500,223800,18300,67600,15670,15000,42635233,39150500,0,0,0,0,0,
600022.SH,600022,20251209,93107000,15300,2600,3975,267,0,,,478700,730323,15300,15200,15300,15300,15300,15400,15500,15600,15700,15800,15900,16000,16100,16200,5583050,10357900,9945700,5460100,2374800,1143200,689400,1253200,437200,130900,15200,15100,15000,14900,14800,14700,14600,14500,14400,14300,11526500,13427100,7319400,2501700,1063300,477200,136500,223800,18300,67600,15660,15000,42859133,39142000,0,0,0,0,0,
600022.SH,600022,20251209,93110000,15200,200,304,268,0,,,478900,730627,15300,15200,15300,15300,15300,15400,15500,15600,15700,15800,15900,16000,16100,16200,5736150,10368300,9945700,5460100,2374800,1143200,689400,1253200,437200,130900,15200,15100,15000,14900,14800,14700,14600,14500,14400,14300,11650100,13427100,7402600,2501700,1068300,477200,136500,223800,18300,67600,15660,15000,43022633,39353800,0,0,0,0,0,
600022.SH,600022,20251209,93113000,15200,2600,3975,271,0,,,481500,734602,15300,15200,15300,15300,15300,15400,15500,15600,15700,15800,15900,16000,16100,16200,5800750,10375300,9945700,5460100,2274800,1043200,689400,1253200,437200,130900,15200,15100,15000,14900,14800,14700,14600,14500,14400,14300,11673900,13427100,7426200,2501700,1068300,477200,136500,223800,18300,67600,15660,15000,42894233,39401200,0,0,0,0,0,
600022.SH,600022,20251209,93116000,15300,300,457,273,0,,,481800,735059,15300,15200,15300,15300,15300,15400,15500,15600,15700,15800,15900,16000,16100,16200,6042650,10375300,9954100,5460100,2274800,1043200,689400,1253200,437200,130900,15200,15100,15000,14900,14800,14700,14600,14500,14400,14300,11664500,13430600,7457300,2501700,1068300,478200,136500,223800,18300,67600,15660,15000,43144533,39427400,0,0,0,0,0,
600022.SH,600022,20251209,93119000,15200,11800,18047,278,0,,,493600,753106,15300,15200,15300,15300,15300,15400,15500,15600,15700,15800,15900,16000,16100,16200,6031550,10355300,9954100,5460100,2274800,1043200,689400,1253200,437200,130900,15200,15100,15000,14900,14800,14700,14600,14500,14400,14300,11666500,13400600,7507300,2501700,1068300,478200,136500,223800,18300,67600,15660,15000,43115933,39449400,0,0,0,0,0,
600022.SH,600022,20251209,93122000,15200,13400,20495,285,0,,,507000,773601,15300,15200,15300,15300,15300,15400,15500,15600,15700,15800,15900,16000,16100,16200,6118650,10360200,9960100,5460100,2274800,1043200,689400,1254200,437200,130900,15200,15100,15000,14900,14800,14700,14600,14500,14400,14300,11666400,13400600,7476300,2501700,1068300,478200,136500,223800,18300,67600,15660,15000,43214933,39418300,0,0,0,0,0,
600022.SH,600022,20251209,93125000,15200,300,456,286,0,,,507300,774057,15300,15200,15300,15300,15300,15400,15500,15600,15700,15800,15900,16000,16100,16200,6136450,10380200,9960400,5460100,2274800,1043200,689400,1254200,437200,130900,15200,15100,15000,14900,14800,14700,14600,14500,14400,14300,11666500,13409800,7476300,2501700,1068300,478200,136500,224800,18300,67600,15660,15000,43253033,39428600,0,0,0,0,0,
600022.SH,600022,20251209,93128000,15300,2500,3823,289,0,,,509800,777880,15300,15200,15300,15300,15300,15400,15500,15600,15700,15800,15900,16000,16100,16200,6134250,10380600,9960400,5460100,2274800,1043200,696400,1254200,437200,130900,15200,15100,15000,14900,14800,14700,14600,14500,14400,14300,11565800,13409800,7476300,2501700,1068300,478200,136500,224800,18300,67600,15660,15000,43258233,39327900,0,0,0,0,0,
600022.SH,600022,20251209,93131000,15200,2300,3508,292,0,,,512100,781388,15300,15200,15300,15300,15300,15400,15500,15600,15700,15800,15900,16000,16100,16200,6242050,10380600,10016500,5460100,2274800,1043200,696400,1254200,437200,131200,15200,15100,15000,14900,14800,14700,14600,14500,14400,14300,11565600,13393200,7556300,2501700,1068300,478200,136500,224800,18300,67600,15660,15000,43422433,39391100,0,0,0,0,0,
600022.SH,600022,20251209,93134000,15300,48800,74223,302,0,,,560900,855611,15300,15200,15300,15300,15300,15400,15500,15600,15700,15800,15900,16000,16100,16200,6216850,10380600,10026500,5460100,2274800,1043200,696400,1254200,437200,131200,15200,15100,15000,14900,14800,14700,14600,14500,14400,14300,11522600,13393200,7556300,2501700,1068300,478200,136500,224800,18300,67600,15660,15000,43407233,39348100,0,0,0,0,0,
600022.SH,600022,20251209,93137000,15200,3901,5967,310,0,,,564801,861578,15300,15200,15300,15300,15300,15400,15500,15600,15700,15800,15900,16000,16100,16200,6213150,10380600,10026500,5460100,2276800,1043200,696400,1254200,437200,131200,15200,15100,15000,14900,14800,14700,14600,14500,14400,14300,11562999,13393200,7586600,2501700,1068300,478200,136500,224800,18300,67600,15660,15000,43405533,39418799,0,0,0,0,0,
600022.SH,600022,20251209,93140000,15300,900,1377,311,0,,,565701,862955,15300,15200,15300,15300,15300,15400,15500,15600,15700,15800,15900,16000,16100,16200,6212250,10430600,10046500,5460100,2371400,1043200,696400,1254200,437200,131200,15200,15100,15000,14900,14800,14700,14600,14500,14400,14300,11574399,13395900,7589900,2501700,1068300,478200,136500,224800,18300,67600,15660,15000,43569233,39436199,0,0,0,0,0,
600022.SH,600022,20251209,93143000,15300,24100,36872,321,0,,,589801,899827,15300,15200,15300,15300,15300,15400,15500,15600,15700,15800,15900,16000,16100,16200,6194750,10430600,10133200,5460100,2371400,1043200,696400,1254200,437200,131200,15200,15100,15000,14900,14800,14700,14600,14500,14400,14300,11562199,13395900,7589900,2501700,1068300,478200,136500,224800,18300,67600,15660,15000,43638433,39423999,0,0,0,0,0,
600022.SH,600022,20251209,93146000,15300,1300,1987,325,0,,,591101,901814,15300,15200,15300,15300,15300,15400,15500,15600,15700,15800,15900,16000,16100,16200,6193650,10430600,10133200,5460100,2371400,1043200,696400,1254200,437200,131200,15200,15100,15000,14900,14800,14700,14600,14500,14400,14300,11561999,13400900,7637400,2501700,1069300,478200,136500,224800,18300,67600,15660,15000,43640333,39477299,0,0,0,0,0,
600022.SH,600022,20251209,93149000,15200,10600,16207,329,0,,,601701,918021,15300,15200,15300,15300,15300,15400,15500,15600,15700,15800,15900,16000,16100,16200,6213850,10430600,10146200,5460100,2371400,1043200,696400,1264200,437200,131200,15200,15100,15000,14900,14800,14700,14600,14500,14400,14300,11560899,13405900,7738700,2501700,1069300,478200,136500,224800,18300,67600,15660,15000,43683533,39582499,0,0,0,0,0,
600022.SH,600022,20251209,93152000,15200,330800,502946,345,0,,,932501,1420967,15300,15200,15300,15300,15300,15400,15500,15600,15700,15800,15900,16000,16100,16200,6231350,10430600,10146200,5460100,2371400,1043200,696400,1264200,437200,131200,15200,15100,15000,14900,14800,14700,14600,14500,14400,14300,11253899,13406900,7748700,2501700,1069300,478200,136500,224800,18300,67600,15660,15000,43703533,39286499,0,0,0,0,0,
600022.SH,600022,20251209,93155000,15200,3500,5344,350,0,,,936001,1426311,15300,15200,15300,15300,15300,15400,15500,15600,15700,15800,15900,16000,16100,16200,6234250,10430600,10146200,5460100,2371400,1043200,705400,1264200,437200,131200,15200,15100,15000,14900,14800,14700,14600,14500,14400,14300,11252799,13407900,7702100,2501700,1069300,478200,136500,224800,18300,67600,15660,15000,43715433,39239799,0,0,0,0,0,
600022.SH,600022,20251209,93158000,15300,25900,39394,357,0,,,961901,1465705,15300,15200,15300,15300,15300,15400,15500,15600,15700,15800,15900,16000,16100,16200,6231950,10440700,10146200,5460100,2371400,1043200,705400,1264200,437200,131200,15200,15100,15000,14900,14800,14700,14600,14500,14400,14300,11229699,13409400,7702100,2501700,1069300,478200,136500,224800,18300,67600,15660,15000,43746033,39218199,0,0,0,0,0,
600022.SH,600022,20251209,93201000,15300,20600,31326,365,0,,,982501,1497031,15300,15200,15300,15300,15300,15400,15500,15600,15700,15800,15900,16000,16100,16200,6235350,10440800,10146300,5460200,2371500,1042300,705500,1264200,437200,131200,15200,15100,15000,14900,14800,14700,14600,14500,14400,14300,10661299,13409500,7702200,2501800,1079400,478200,136500,224800,18300,67600,15660,15000,43749033,38660199,0,0,0,0,0,
600022.SH,600022,20251209,93204000,15200,63100,95935,369,0,,,1045601,1592966,15300,15200,15300,15300,15300,15400,15500,15600,15700,15800,15900,16000,16100,16200,6287650,10440800,10151300,5452200,2371500,1042300,705500,1264200,437200,131200,15200,15100,15000,14900,14800,14700,14600,14500,14400,14300,10731899,13409500,7702200,2501800,1079400,478200,136500,224800,18300,67600,15660,15000,43798333,38730799,0,0,0,0,0,
600022.SH,600022,20251209,93207000,15200,500,760,371,0,,,1046101,1593726,15300,15200,15300,15300,15300,15400,15500,15600,15700,15800,15900,16000,16100,16200,6349650,10248500,10151300,5452200,2388400,1042300,705500,1264200,437200,131200,15200,15100,15000,14900,14800,14700,14600,14500,14400,14300,10602099,13459500,7702200,2501800,1079400,478200,136500,224800,18300,67600,15660,15000,43684933,38650999,0,0,0,0,0,
600022.SH,600022,20251209,93210000,15300,3100,4738,373,0,,,1049201,1598464,15300,15200,15300,15300,15300,15400,15500,15600,15700,15800,15900,16000,16100,16200,6350850,10244000,10138300,5457200,2388400,1042300,705500,1274200,437200,131200,15200,15100,15000,14900,14800,14700,14600,14500,14400,14300,10475899,13459500,7702200,2501800,1079400,478200,136500,224800,18300,67600,15660,15000,43683633,38524799,0,0,0,0,0,
600022.SH,600022,20251209,93213000,15300,3800,5799,377,0,,,1053001,1604263,15300,15200,15300,15300,15300,15400,15500,15600,15700,15800,15900,16000,16100,16200,6555050,10244000,10138300,5457200,2388400,1042300,705500,1274200,437200,131200,15200,15100,15000,14900,14800,14700,14600,14500,14400,14300,10494999,13459500,7702200,2501800,1079400,478200,136500,224800,18300,67600,15660,15000,43887833,38543899,0,0,0,0,0,
600022.SH,600022,20251209,93216000,15200,4300,6536,410,0,,,1057301,1610799,15300,15200,15300,15300,15300,15400,15500,15600,15700,15800,15900,16000,16100,16200,6554650,10294000,10138300,5457200,2388400,1042300,705500,1274200,437200,131200,15200,15100,15000,14900,14800,14700,14600,14500,14400,14300,10522899,13439500,7708800,2501800,1079400,478200,136500,224800,18300,67600,15660,15000,43937433,38558399,0,0,0,0,0,
600022.SH,600022,20251209,93219000,15200,383500,582954,446,0,,,1440801,2193753,15300,15200,15300,15300,15300,15400,15500,15600,15700,15800,15900,16000,16100,16200,6555750,10194000,10138300,5467200,2388400,1042300,705500,1274200,437200,131200,15200,15100,15000,14900,14800,14700,14600,14500,14400,14300,10142899,13425600,7709000,2504800,1079400,478200,136500,224800,18300,67600,15660,14990,43848533,38167699,0,0,0,0,0,
600022.SH,600022,20251209,93222000,15200,125200,190428,499,0,,,1566001,2384181,15300,15200,15300,15300,15300,15400,15500,15600,15700,15800,15900,16000,16100,16200,6604050,10196500,9138900,5467200,2388400,1054300,705500,1274200,437200,131200,15200,15100,15000,14900,14800,14700,14600,14500,14400,14300,8331399,13425600,7709000,2504800,1079400,478200,137500,224800,18300,67600,15660,14980,42911933,36357199,0,0,0,0,0,
600022.SH,600022,20251209,93225000,15200,650900,989368,605,0,,,2216901,3373549,15300,15200,15300,15300,15300,15400,15500,15600,15700,15800,15900,16000,16100,16200,6579050,10197300,9138900,5468200,1839300,1054300,705500,1279700,437200,131200,15200,15100,15000,14900,14800,14700,14600,14500,14400,14300,6613499,13428600,7709000,3065900,1079400,478200,137500,224800,18300,67600,15660,14970,42357133,35203399,0,0,0,0,0,
600022.SH,600022,20251209,93228000,15200,654900,995470,648,0,,,2871801,4369019,15300,15200,15300,15300,15300,15400,15500,15600,15700,15800,15900,16000,16100,16200,6581350,9636100,8810100,5118300,1842400,1054300,705500,1279700,437200,131200,15200,15100,15000,14900,14800,14700,14600,14500,14400,14300,5920299,13433600,7716400,3065900,1079400,478700,137500,224800,18300,67600,15670,14970,41122633,34523099,0,0,0,0,0,
600022.SH,600022,20251209,93231000,15200,153700,233655,667,0,,,3025501,4602674,15300,15200,15300,15300,15300,15400,15500,15600,15700,15800,15900,16000,16100,16200,6603750,9648100,8810100,5124300,1842400,1054300,705500,1279700,437200,131200,15200,15100,15000,14900,14800,14700,14600,14500,14400,14300,5759199,13433600,7716400,3065900,1079400,478700,137500,224800,18300,67600,15670,14970,41163033,34361999,0,0,0,0,0,
600022.SH,600022,20251209,93234000,15200,5400,8232,680,0,,,3030901,4610906,15300,15200,15300,15300,15300,15400,15500,15600,15700,15800,15900,16000,16100,16200,7162950,9648100,8810100,5124300,1842400,1054300,705500,1279700,437200,131200,15200,15100,15000,14900,14800,14700,14600,14500,14400,14300,5754399,13433600,7716400,3065900,1079400,478700,137500,224800,18300,67600,15660,14970,41726233,34357199,0,0,0,0,0,
600022.SH,600022,20251209,93237000,15300,14800,22522,690,0,,,3045701,4633428,15300,15200,15300,15300,15300,15400,15500,15600,15700,15800,15900,16000,16100,16200,7181050,9648100,8824100,5124300,1792400,1054300,705500,1280500,437200,131200,15200,15100,15000,14900,14800,14700,14600,14500,14400,14300,5372499,13433600,7718400,3065900,1079400,478700,137500,224800,18300,67600,15660,14960,41709133,33977299,0,0,0,0,0,
600022.SH,600022,20251209,93240000,15300,26200,39904,705,0,,,3071901,4673332,15300,15200,15300,15300,15300,15400,15500,15600,15700,15800,15900,16000,16100,16200,7172750,9708600,8824100,5124300,1792400,1054300,875500,1280500,437200,131200,15200,15100,15000,14900,14800,14700,14600,14500,14400,14300,5313999,13433600,7718400,3065900,1079400,479700,137500,224800,18300,67600,15660,14960,41931333,33919799,0,0,0,0,0,
600022.SH,600022,20251209,93243000,15200,8600,13095,711,0,,,3080501,4686427,15300,15200,15300,15300,15300,15400,15500,15600,15700,15800,15900,16000,16100,16200,7178550,9713600,8824100,5134300,1792400,1054300,875500,1280500,437200,131200,15200,15100,15000,14900,14800,14700,14600,14500,14400,14300,5311399,13433600,7718400,3065900,1075900,479700,137500,224800,18300,67600,15660,14960,41952133,33913699,0,0,0,0,0,
600022.SH,600022,20251209,93246000,15200,12700,19304,714,0,,,3093201,4705731,15300,15200,15300,15300,15300,15400,15500,15600,15700,15800,15900,16000,16100,16200,7128550,9713600,8824100,5134300,1792400,1054300,875500,1280500,437200,131200,15200,15100,15000,14900,14800,14700,14600,14500,14400,14300,5301699,13433600,7718400,3065900,1075900,479700,137500,224800,18300,67600,15660,14960,41902133,33903999,0,0,0,0,0,
600022.SH,600022,20251209,93249000,15200,5400,8242,719,0,,,3098601,4713973,15300,15200,15300,15300,15300,15400,15500,15600,15700,15800,15900,16000,16100,16200,7206750,9713600,8824100,5134300,1792400,1054300,875500,1280500,437200,131200,15200,15100,15000,14900,14800,14700,14600,14500,14400,14300,5301399,13433600,7649400,3065900,1075900,479700,137500,224800,18300,67600,15660,14960,41981333,33834699,0,0,0,0,0,
600022.SH,600022,20251209,93252000,15300,51700,78707,722,0,,,3150301,4792680,15300,15200,15300,15300,15300,15400,15500,15600,15700,15800,15900,16000,16100,16200,7396550,10713600,8824100,5134300,1792400,1054300,875500,1280500,437200,131200,15200,15100,15000,14900,14800,14700,14600,14500,14400,14300,5221199,13433600,7649400,3065900,1075900,479700,137500,224800,18300,67600,15650,14960,43181133,33754499,0,0,0,0,0,
600022.SH,600022,20251209,93255000,15200,70600,107312,733,0,,,3220901,4899992,15300,15200,15300,15300,15300,15400,15500,15600,15700,15800,15900,16000,16100,16200,7405550,10713600,8824100,5134300,1792400,1054300,875500,1280500,437200,131200,15200,15100,15000,14900,14800,14700,14600,14500,14400,14300,5150699,13519600,7649400,3065900,1075900,479700,137500,224800,18300,67600,15650,14960,43190133,33769999,0,0,0,0,0,
600022.SH,600022,20251209,93258000,15300,3600,5499,735,0,,,3224501,4905491,15300,15200,15300,15300,15300,15400,15500,15600,15700,15800,15900,16000,16100,16200,7519450,10746600,8828100,5134300,1792400,1054300,875500,1280500,437200,131200,15200,15100,15000,14900,14800,14700,14600,14500,14400,14300,5150399,13531500,7649400,3065900,1076600,479700,137500,224800,18300,67600,15650,14960,43341033,33782299,0,0,0,0,0,
600022.SH,600022,20251209,93301000,15300,1800,2754,737,0,,,3226301,4908245,15300,15200,15300,15300,15300,15400,15500,15600,15700,15800,15900,16000,16100,16200,7707050,10739900,8828100,5184300,1792400,1054300,875500,1280500,437200,131200,15200,15100,15000,14900,14800,14700,14600,14500,14400,14300,5164499,13601500,7625800,3065900,1084600,479700,137500,224800,18300,67600,15650,14960,43571933,33851099,0,0,0,0,0,
600022.SH,600022,20251209,93304000,15200,196100,298096,746,0,,,3422401,5206341,15300,15200,15300,15300,15300,15400,15500,15600,15700,15800,15900,16000,16100,16200,7775150,10739900,8828100,5184300,1792400,1054300,875500,1280500,437200,131200,15200,15100,15000,14900,14800,14700,14600,14500,14400,14300,5020799,13601500,7625800,3135900,1084600,479700,137500,224800,18300,67600,15650,14960,43640633,33777399,0,0,0,0,0,
600022.SH,600022,20251209,93307000,15200,13000,19760,750,0,,,3435401,5226101,15300,15200,15300,15300,15300,15400,15500,15600,15700,15800,15900,16000,16100,16200,7774950,10709900,8828100,5184300,1792400,1054300,875500,1280500,437200,131200,15200,15100,15000,14900,14800,14700,14600,14500,14400,14300,5007899,13670100,7942800,3135900,1084600,479700,137500,224800,18300,67600,15650,14960,43610433,34150099,0,0,0,0,0,
600022.SH,600022,20251209,93310000,15200,42700,64999,777,0,,,3478101,5291100,15300,15200,15300,15300,15300,15400,15500,15600,15700,15800,15900,16000,16100,16200,7822650,10709900,8828100,5184300,1792400,1054300,875500,1280500,437200,131200,15200,15100,15000,14900,14800,14700,14600,14500,14400,14300,4971199,13670300,7942800,3135900,1084600,479700,137500,224800,18300,67600,15650,14960,43672633,34113599,0,0,0,0,0,
600022.SH,600022,20251209,93313000,15200,169400,257509,785,0,,,3647501,5548609,15300,15200,15300,15300,15300,15400,15500,15600,15700,15800,15900,16000,16100,16200,8820650,10726900,8830900,5184300,1792400,1054300,875500,1280500,437200,131200,15200,15100,15000,14900,14800,14700,14600,14500,14400,14300,4808899,13670300,7942800,3135900,1084600,479700,137500,224800,18300,67600,15640,14960,44707733,33951299,0,0,0,0,0,
600022.SH,600022,20251209,93316000,15200,36400,55328,792,0,,,3683901,5603937,15300,15200,15300,15300,15300,15400,15500,15600,15700,15800,15900,16000,16100,16200,8821150,10726900,8820900,5184300,1792400,1054300,875500,1280500,437200,131200,15200,15100,15000,14900,14800,14700,14600,14500,14400,14300,4772499,13670300,7943000,3135900,1084600,479700,137500,224800,18300,67600,15640,14960,44698233,33915099,0,0,0,0,0,
600022.SH,600022,20251209,93319000,15200,6900,10523,795,0,,,3690801,5614460,15300,15200,15300,15300,15300,15400,15500,15600,15700,15800,15900,16000,16100,16200,8970650,10726900,8820900,5184300,1792400,1054300,875500,1280500,437200,131200,15200,15100,15000,14900,14800,14700,14600,14500,14400,14300,4769699,13693700,7943000,3135900,1087300,479700,137500,224800,18300,67600,15640,14960,44847733,33938399,0,0,0,0,0,
600022.SH,600022,20251209,93322000,15300,10800,16515,797,0,,,3701601,5630975,15300,15200,15300,15300,15300,15400,15500,15600,15700,15800,15900,16000,16100,16200,8999750,10726900,8838400,5191800,1792400,1054300,875500,1280500,437200,131200,15200,15100,15000,14900,14800,14700,14600,14500,14400,14300,4769399,13735000,7943000,3135900,1087300,479700,137500,224800,18300,67600,15640,14960,44951833,33979399,0,0,0,0,0,
600022.SH,600022,20251209,93325000,15300,1900,2907,798,0,,,3703501,5633882,15300,15200,15300,15300,15300,15400,15500,15600,15700,15800,15900,16000,16100,16200,8992950,10726900,8838400,5191800,1792400,1054300,875500,1280500,437200,131200,15200,15100,15000,14900,14800,14700,14600,14500,14400,14300,4774999,13735600,8030800,3135900,1087300,479700,137500,224800,18300,67600,15640,14960,44945033,34075899,0,0,0,0,0,
600022.SH,600022,20251209,93328000,15300,4300,6579,799,0,,,3707801,5640461,15300,15200,15300,15300,15300,15400,15500,15600,15700,15800,15900,16000,16100,16200,9021650,10623800,8838400,5191800,1792400,1054300,875500,1280500,437200,131200,15200,15100,15000,14900,14800,14700,14600,14500,14400,14300,4779599,13735600,8030800,3135900,1087300,479700,137500,224800,18300,67600,15640,14960,44870933,34080499,0,0,0,0,0,
600022.SH,600022,20251209,93331000,15300,1100,1683,800,0,,,3708901,5642144,15300,15200,15300,15300,15300,15400,15500,15600,15700,15800,15900,16000,16100,16200,9070950,10623800,8838400,5191800,1792400,1054300,875500,1280500,437200,131200,15200,15100,15000,14900,14800,14700,14600,14500,14400,14300,4779699,13735600,8030800,3158000,1087300,479700,137500,224800,18300,67600,15640,14960,44920233,34102699,0,0,0,0,0,
600022.SH,600022,20251209,93334000,15300,21900,33312,804,0,,,3730801,5675456,15300,15200,15300,15300,15300,15400,15500,15600,15700,15800,15900,16000,16100,16200,9078450,10633800,8838400,5191800,1792400,1054300,875500,1280500,437200,131200,15200,15100,15000,14900,14800,14700,14600,14500,14400,14300,4760199,13735600,8084400,3158000,1087300,479700,137500,224800,18300,67600,15640,14960,44937733,34136799,0,0,0,0,0,
600022.SH,600022,20251209,93337000,15200,1200,1824,805,0,,,3732001,5677280,15300,15200,15300,15300,15300,15400,15500,15600,15700,15800,15900,16000,16100,16200,9096350,10633800,8838400,5091800,1792400,1054700,875500,1280500,437200,131200,15200,15100,15000,14900,14800,14700,14600,14500,14400,14300,4758999,13745400,8084400,3168000,1087300,479700,137500,224800,18300,67600,15640,14960,44856433,34155399,0,0,0,0,0,
600022.SH,600022,20251209,93340000,15200,36300,55202,811,0,,,3768301,5732482,15300,15200,15300,15300,15300,15400,15500,15600,15700,15800,15900,16000,16100,16200,9093650,10633800,8838400,5091800,1793400,1054700,875500,1280500,437200,131200,15200,15100,15000,14900,14800,14700,14600,14500,14400,14300,4718899,13745400,8084400,3168000,1087300,479700,138000,224800,18300,67600,15640,14960,44858533,34115799,0,0,0,0,0,
600022.SH,600022,20251209,93343000,15200,24200,36809,817,0,,,3792501,5769291,15300,15200,15300,15300,15300,15400,15500,15600,15700,15800,15900,16000,16100,16200,9091050,10633800,8842400,5093800,1793400,1054700,875500,1280500,437200,131200,15200,15100,15000,14900,14800,14700,14600,14500,14400,14300,4722399,13812600,8085400,3169000,1087300,479700,138000,224800,18300,67600,15640,14960,44865933,34188499,0,0,0,0,0,
600022.SH,600022,20251209,93346000,15300,53300,81025,822,0,,,3845801,5850316,15300,15200,15300,15300,15300,15400,15500,15600,15700,15800,15900,16000,16100,16200,9089950,10733800,8840300,5093800,1793400,1054700,875500,1280500,437200,131200,15200,15100,15000,14900,14800,14700,14600,14500,14400,14300,4669999,13812600,8085400,3169000,1087300,479700,138000,224800,18300,67600,15640,14960,44962733,34136099,0,0,0,0,0,
600022.SH,600022,20251209,93349000,15300,6200,9456,824,0,,,3852001,5859772,15300,15200,15300,15300,15300,15400,15500,15600,15700,15800,15900,16000,16100,16200,9083850,10743800,8841100,5093800,1793400,1054700,875500,1280500,437200,131200,15200,15100,15000,14900,14800,14700,14600,14500,14400,14300,4668999,13812600,8085400,3169000,1087300,479700,138000,224800,18300,67600,15640,14960,44967433,34135099,0,0,0,0,0,
600022.SH,600022,20251209,93352000,15200,37100,56490,828,0,,,3889101,5916262,15300,15200,15300,15300,15300,15400,15500,15600,15700,15800,15900,16000,16100,16200,9123450,10773800,8841100,5093800,1794050,1054700,875500,1280500,437200,131200,15200,15100,15000,14900,14800,14700,14600,14500,14400,14300,4645499,13812600,8085400,3169000,1087300,479700,138000,224800,18300,67600,15640,14960,45037683,34114599,0,0,0,0,0,
600022.SH,600022,20251209,93355000,15200,51100,77697,833,0,,,3940201,5993959,15300,15200,15300,15300,15300,15400,15500,15600,15700,15800,15900,16000,16100,16200,9120950,10773800,8841100,5093800,1794050,1054700,875500,1280500,437200,131200,15200,15100,15000,14900,14800,14700,14600,14500,14400,14300,4596899,13812600,8099000,3169000,1087300,479700,138000,224800,18300,67600,15640,14960,45035183,34079599,0,0,0,0,0,
600022.SH,600022,20251209,93358000,15200,19100,29032,838,0,,,3959301,6022991,15300,15200,15300,15300,15300,15400,15500,15600,15700,15800,15900,16000,16100,16200,9120950,10773800,8823600,5093800,1794050,1054700,875500,1280500,437200,131200,15200,15100,15000,14900,14800,14700,14600,14500,14400,14300,4682499,13812600,8099000,3169000,1087300,479700,138000,224800,18300,67600,15640,14960,45017683,34165199,0,0,0,0,0,
600022.SH,600022,20251209,93401000,15200,107300,163131,850,0,,,4066601,6186122,15300,15200,15300,15300,15300,15400,15500,15600,15700,15800,15900,16000,16100,16200,9122950,10773800,8833600,5093800,1794050,1054700,875500,1280500,437200,131200,15200,15100,15000,14900,14800,14700,14600,14500,14400,14300,4578799,13812600,8099600,3169000,1087300,479700,138000,224800,18300,67600,15640,14960,45029683,34062099,0,0,0,0,0,
600022.SH,600022,20251209,93404000,15200,391000,594344,880,0,,,4457601,6780466,15300,15200,15300,15300,15300,15400,15500,15600,15700,15800,15900,16000,16100,16200,9116850,10773800,8833600,5113800,1794050,1054700,875500,1280500,437200,131200,15200,15100,15000,14900,14800,14700,14600,14500,14400,14300,4145199,13815600,8099600,3169000,1087300,479700,138000,224800,18300,67600,15640,14960,45043583,33631499,0,0,0,0,0,
600022.SH,600022,20251209,93407000,15200,35000,53200,889,0,,,4492601,6833666,15300,15200,15300,15300,15300,15400,15500,15600,15700,15800,15900,16000,16100,16200,9130750,10773900,8833600,5113800,1794050,1054700,875500,1280500,437200,131200,15200,15100,15000,14900,14800,14700,14600,14500,14400,14300,4139499,13815600,8099600,3269000,1087300,479700,138000,224800,18300,67600,15640,14960,45057583,33725799,0,0,0,0,0,
600022.SH,600022,20251209,93410000,15200,63000,95784,901,0,,,4555601,6929450,15300,15200,15300,15300,15300,15400,15500,15600,15700,15800,15900,16000,16100,16200,9128350,10773900,8833600,5113800,1794050,1055400,905500,1280500,437200,131200,15200,15100,15000,14900,14800,14700,14600,14500,14400,14300,4104599,13815600,8099600,3269000,1087300,486400,138000,224800,18300,67600,15640,14960,45085883,33697599,0,0,0,0,0,
600022.SH,600022,20251209,93413000,15200,203000,308560,922,0,,,4758601,7238010,15300,15200,15300,15300,15300,15400,15500,15600,15700,15800,15900,16000,16100,16200,9140450,10773900,8821200,5113800,1794050,1053600,905500,1280500,437200,131200,15200,15100,15000,14900,14800,14700,14600,14500,14400,14300,3870699,13865600,8099600,3269000,1087300,486400,138000,224800,18300,67600,15640,14950,45083783,33513699,0,0,0,0,0,
600022.SH,600022,20251209,93416000,15200,494100,751054,966,0,,,5252701,7989064,15300,15200,15300,15300,15300,15400,15500,15600,15700,15800,15900,16000,16100,16200,9138250,10749600,8833100,5113800,1794050,1053600,905500,1310500,437200,131200,15200,15100,15000,14900,14800,14700,14600,14500,14400,14300,3378799,13865600,8099600,3269000,1087300,486400,138200,224800,18300,67600,15640,14950,45099683,33021999,0,0,0,0,0,
600022.SH,600022,20251209,93419000,15200,56700,86206,979,0,,,5309401,8075270,15300,15200,15300,15300,15300,15400,15500,15600,15700,15800,15900,16000,16100,16200,9149350,10749600,8833100,5113800,1794050,1053600,905500,1310500,437200,131200,15200,15100,15000,14900,14800,14700,14600,14500,14400,14300,3324699,13865600,8114600,3269000,1087300,486400,138200,224800,18300,67600,15640,14950,45110783,32982899,0,0,0,0,0,
600022.SH,600022,20251209,93422000,15200,131600,200131,989,0,,,5441001,8275401,15300,15200,15300,15300,15300,15400,15500,15600,15700,15800,15900,16000,16100,16200,9140550,10749600,8833100,5113800,1794050,1053600,905500,1310500,437200,131200,15200,15100,15000,14900,14800,14700,14600,14500,14400,14300,3184399,13891100,8114600,3269000,1104000,486400,138200,224800,18300,67600,15640,14950,45101983,32884799,0,0,0,0,0,
600022.SH,600022,20251209,93425000,15200,565700,859887,1037,0,,,6006701,9135288,15300,15200,15300,15300,15300,15400,15500,15600,15700,15800,15900,16000,16100,16200,9165250,10727500,8835100,5113800,1794050,1053600,905500,1310500,437200,131200,15200,15100,15000,14900,14800,14700,14600,14500,14400,14300,2627299,13897800,8111300,3269100,1104000,486400,138200,224800,18300,67600,15640,14950,45106583,32331199,0,0,0,0,0,
600022.SH,600022,20251209,93428000,15200,338800,515001,1075,0,,,6345501,9650289,15300,15200,15300,15300,15300,15400,15500,15600,15700,15800,15900,16000,16100,16200,9162750,10151400,8835100,5113800,1794050,1053600,905500,1310500,437200,131200,15200,15100,15000,14900,14800,14700,14600,14500,14400,14300,2303199,13897800,8111300,3269100,1114100,486400,138200,224800,18300,67600,15650,14940,44527983,32017199,0,0,0,0,0,
600022.SH,600022,20251209,93431000,15200,392800,597064,1117,0,,,6738301,10247353,15300,15200,15300,15300,15300,15400,15500,15600,15700,15800,15900,16000,16100,16200,9164150,10149400,8835100,5113800,1794050,1053600,905500,1310500,437200,131200,15200,15100,15000,14900,14800,14700,14600,14500,14400,14300,1817499,13900200,8170200,3369100,1127500,486400,138200,225500,18300,67600,15650,14940,44527383,31706899,0,0,0,0,0,
600022.SH,600022,20251209,93434000,15200,1860899,2828569,1365,0,,,8599200,13075922,15300,15200,15300,15300,15200,15300,15400,15500,15600,15700,15800,15900,16000,16100,439301,9072450,10139300,8835100,5046500,1794050,1053600,905500,1310500,437200,15100,15000,14900,14800,14700,14600,14500,14400,14300,14200,13910400,8170200,3379100,1128000,486400,138200,225500,18300,67600,196500,15640,14920,44797584,29910100,0,0,0,0,0,
600022.SH,600022,20251209,93437000,15200,7100,10792,1368,0,,,8606300,13086714,15300,15200,15300,15300,15200,15300,15400,15500,15600,15700,15800,15900,16000,16100,1072601,8947150,10139300,8845100,5046500,1794050,1053600,905500,1310500,437200,15100,15000,14900,14800,14700,14600,14500,14400,14300,14200,13983900,8170200,3379100,1128000,486400,138200,225500,18300,67600,196500,15640,14920,45315584,29983600,0,0,0,0,0,
600022.SH,600022,20251209,93440000,15200,0,0,1368,0,,,8606300,13086714,15300,15200,15300,15300,15200,15300,15400,15500,15600,15700,15800,15900,16000,16100,1390901,8954650,10139300,8845100,5046500,1794050,1053600,905500,1310500,437200,15100,15000,14900,14800,14700,14600,14500,14400,14300,14200,13989900,8185100,3379100,1128000,486400,138200,225500,18300,67600,196500,15630,14920,45641384,30004500,0,0,0,0,0,
600022.SH,600022,20251209,93443000,15200,4300,6536,1371,0,,,8610600,13093250,15300,15200,15300,15300,15200,15300,15400,15500,15600,15700,15800,15900,16000,16100,1159900,8862450,10139300,8194500,5046500,1793850,1053600,905500,1310500,437200,15100,15000,14900,14800,14700,14600,14500,14400,14300,14200,14018500,8185100,3379100,1128000,486400,138200,225500,18300,67600,196500,15640,14920,44667383,30033100,0,0,0,0,0,
600022.SH,600022,20251209,93446000,15200,6300,9576,1372,0,,,8616900,13102826,15300,15200,15300,15300,15200,15300,15400,15500,15600,15700,15800,15900,16000,16100,1168900,8882150,10125800,8194500,4946500,1793850,1063600,905500,1310500,437200,15100,15000,14900,14800,14700,14600,14500,14400,14300,14200,14125100,8185100,3389100,1462000,486400,138200,225500,18300,67600,196500,15640,14920,44593283,30483700,0,0,0,0,0,
600022.SH,600022,20251209,93449000,15200,22300,33896,1389,0,,,8639200,13136722,15300,15200,15300,15300,15200,15300,15400,15500,15600,15700,15800,15900,16000,16100,1148600,9542750,10125800,8194500,4946500,1779950,1063600,905500,1310500,437200,15100,15000,14900,14800,14700,14600,14500,14400,14300,14200,14125100,8125100,3389100,1462000,486400,138200,225500,18300,67600,196500,15630,14920,45219683,30423700,0,0,0,0,0,
600022.SH,600022,20251209,93452000,15100,500,755,1390,0,,,8639700,13137477,15300,15100,15300,15300,15200,15300,15400,15500,15600,15700,15800,15900,16000,16100,1240800,9555750,10021600,8194500,4946500,1779950,1063600,905500,1310500,437200,15100,15000,14900,14800,14700,14600,14500,14400,14300,14200,14141000,8140100,3389200,1462000,486400,138200,225500,18300,67600,196500,15630,14920,45220883,30454700,0,0,0,0,0,
600022.SH,600022,20251209,93455000,15200,5200,7884,1393,0,,,8644900,13145361,15300,15100,15300,15300,15200,15300,15400,15500,15600,15700,15800,15900,16000,16100,1245700,9556050,10021600,8162600,4946500,1786650,1080600,905500,1310500,437200,15100,15000,14900,14800,14700,14600,14500,14400,14300,14200,14142300,8140100,3389200,1462000,486400,138200,225500,18300,67600,196500,15630,14920,45217883,30456000,0,0,0,0,0,
600022.SH,600022,20251209,93458000,15100,5000,7551,1395,0,,,8649900,13152912,15300,15100,15300,15300,15200,15300,15400,15500,15600,15700,15800,15900,16000,16100,1245600,9678250,9947800,8162600,4946500,1786650,1080600,905500,1310500,437200,15100,15000,14900,14800,14700,14600,14500,14400,14300,14200,14121600,8140100,3389200,1462000,486400,138200,225500,18300,67600,196500,15630,14920,45266183,30435300,0,0,0,0,0,
600022.SH,600022,20251209,93501000,15100,4000,6041,1397,0,,,8653900,13158953,15300,15100,15300,15300,15200,15300,15400,15500,15600,15700,15800,15900,16000,16100,1245700,9733250,9949800,8112600,4886500,1786650,1080600,905500,1310500,437200,15100,15000,14900,14800,14700,14600,14500,14400,14300,14200,14118200,8127100,3399200,1228000,486400,138200,225500,18300,67600,196500,15630,14920,45213283,30194900,0,0,0,0,0,
600022.SH,600022,20251209,93504000,15200,700,1058,1401,0,,,8654600,13160011,15300,15100,15300,15300,15200,15300,15400,15500,15600,15700,15800,15900,16000,16100,1293400,9865350,9946900,8112600,4891500,1786650,1080600,905500,1310500,437200,15100,15000,14900,14800,14700,14600,14500,14400,14300,14200,14212600,8127100,3399200,1228000,486400,138200,225500,18300,67600,196500,15630,14920,45412183,30289300,0,0,0,0,0,
600022.SH,600022,20251209,93507000,15100,3200,4833,1403,0,,,8657800,13164844,15300,15100,15300,15300,15200,15300,15400,15500,15600,15700,15800,15900,16000,16100,1170500,9843450,9959900,8116100,4891500,1786650,1080600,905500,1310500,437200,15100,15000,14900,14800,14700,14600,14500,14400,14300,14200,14244000,8127100,3399200,1228000,586400,138200,225500,18300,67600,196500,15630,14920,45283883,30420700,0,0,0,0,0,
600022.SH,600022,20251209,93510000,15100,2800,4231,1406,0,,,8660600,13169075,15300,15100,15300,15300,15200,15300,15400,15500,15600,15700,15800,15900,16000,16100,1174400,9841350,9959900,8116100,4891500,1786650,1080600,905500,1310500,437200,15100,15000,14900,14800,14700,14600,14500,14400,14300,14200,14286100,8127100,3464200,1228000,586400,138200,225500,18300,67600,196500,15630,14910,45285683,30827800,0,0,0,0,0,
600022.SH,600022,20251209,93513000,15200,11800,17936,1409,0,,,8672400,13187011,15300,15100,15300,15300,15200,15300,15400,15500,15600,15700,15800,15900,16000,16100,1108900,9821350,9959900,8116100,4892500,1786650,1080600,905500,1310500,437200,15100,15000,14900,14800,14700,14600,14500,14400,14300,14200,14287900,8127100,3464200,1230500,586400,138200,225500,18300,67600,196500,15630,14910,45201183,30832100,0,0,0,0,0,
600022.SH,600022,20251209,93516000,15200,39000,59260,1434,0,,,8711400,13246271,15300,15100,15300,15300,15200,15300,15400,15500,15600,15700,15800,15900,16000,16100,1071900,9787450,9959900,8116100,4892500,1786650,1080600,905500,1310500,437200,15100,15000,14900,14800,14700,14600,14500,14400,14300,14200,14295200,8132600,3464200,1240500,586400,238200,225500,18300,67600,196500,15630,14910,45130283,30954900,0,0,0,0,0,
600022.SH,600022,20251209,93519000,15200,1063800,1616976,1523,0,,,9775200,14863247,15300,15100,15300,15300,15300,15400,15500,15600,15700,15800,15900,16000,16100,16200,9787850,9959900,8116100,4892500,1786650,1080600,909700,1310500,437200,147900,15200,15100,15000,14900,14800,14700,14600,14500,14400,14300,1025800,14384100,8132600,3469200,1240500,922400,238200,226500,18300,67600,15640,14920,44063983,32411600,0,0,0,0,0,
600022.SH,600022,20251209,93522000,15200,32900,50106,1539,0,,,9808100,14913353,15300,15100,15300,15300,15300,15400,15500,15600,15700,15800,15900,16000,16100,16200,10290950,9966700,8116100,4892500,1786650,1080600,909700,1310500,437200,147900,15200,15100,15000,14900,14800,14700,14600,14500,14400,14300,1074200,14300100,8136400,3469200,1249000,922400,238200,226500,18300,67600,15640,14920,44573883,32388300,0,0,0,0,0,
600022.SH,600022,20251209,93525000,15200,34600,52592,1542,0,,,9842700,14965945,15300,15100,15300,15300,15300,15400,15500,15600,15700,15800,15900,16000,16100,16200,10301150,9900900,8116100,4892500,1786650,1080600,909700,1310500,437200,147900,15200,15100,15000,14900,14800,14700,14600,14500,14400,14300,2609700,14286400,8136400,3481100,1249000,922400,238200,226500,18300,67600,15640,14930,44518283,33922700,0,0,0,0,0,
600022.SH,600022,20251209,93528000,15200,40000,60800,1543,0,,,9882700,15026745,15300,15100,15300,15300,15300,15400,15500,15600,15700,15800,15900,16000,16100,16200,10349950,9900900,8116100,4892500,1786650,1075700,909700,1310500,437200,147900,15200,15100,15000,14900,14800,14700,14600,14500,14400,14300,3779800,13284100,8136400,3491100,1249000,922400,238200,226500,18300,67600,15640,14940,44562183,34100500,0,0,0,0,0,
600022.SH,600022,20251209,93531000,15200,2600,3952,1544,0,,,9885300,15030697,15300,15100,15300,15300,15300,15400,15500,15600,15700,15800,15900,16000,16100,16200,10452950,9929000,8116100,4850900,1786650,1075700,909700,1310500,437200,147900,15200,15100,15000,14900,14800,14700,14600,14500,14400,14300,4076800,13284100,8142100,3491100,1249000,922400,238200,226500,18300,67600,15640,14940,44656683,34403200,0,0,0,0,0,
600022.SH,600022,20251209,93534000,15200,56200,85424,1549,0,,,9941500,15116121,15300,15100,15300,15300,15300,15400,15500,15600,15700,15800,15900,16000,16100,16200,10600350,9929000,8116100,4850900,1786650,1075700,909700,1310500,437200,147900,15200,15100,15000,14900,14800,14700,14600,14500,14400,14300,5707000,13348100,8153100,3491100,1249000,922400,238200,226500,18300,67600,15640,14950,44804083,36108400,0,0,0,0,0,
600022.SH,600022,20251209,93537000,15200,11800,17936,1551,0,,,9953300,15134057,15300,15100,15300,15300,15300,15400,15500,15600,15700,15800,15900,16000,16100,16200,10613250,9929000,8116100,4850900,1786650,1075700,909700,1310500,437200,147900,15200,15100,15000,14900,14800,14700,14600,14500,14400,14300,5658200,13348100,8153100,3491100,1249000,922400,238200,226500,18300,67600,15640,14950,44827283,36059600,0,0,0,0,0,
600022.SH,600022,20251209,93540000,15200,24300,36936,1552,0,,,9977600,15170993,15300,15100,15300,15300,15300,15400,15500,15600,15700,15800,15900,16000,16100,16200,10538750,9929000,8116100,4850900,1786650,1075700,909700,1310500,437200,147900,15200,15100,15000,14900,14800,14700,14600,14500,14400,14300,6031300,13393900,8153100,3491100,1249000,922400,238200,226500,18300,67600,15640,14950,44752783,36478500,0,0,0,0,0,
600022.SH,600022,20251209,93543000,15300,2700,4131,1554,0,,,9980300,15175124,15300,15100,15300,15300,15300,15400,15500,15600,15700,15800,15900,16000,16100,16200,10511750,9926000,8116100,4850900,1786650,1075700,909700,1320500,437200,147900,15200,15100,15000,14900,14800,14700,14600,14500,14400,14300,6032500,13393900,8153100,3491100,1249200,922400,238200,226500,18300,67600,15640,14950,44732783,36479900,0,0,0,0,0,
600022.SH,600022,20251209,93546000,15300,7400,11300,1566,0,,,9987700,15186424,15300,15100,15300,15300,15300,15400,15500,15600,15700,15800,15900,16000,16100,16200,10516350,9926000,8116100,4864800,1786650,1075700,909700,1320500,437200,147900,15200,15100,15000,14900,14800,14700,14600,14500,14400,14300,6035400,13393900,8153100,3479200,1249200,922400,238200,226500,18300,67600,15640,14950,44751283,36471000,0,0,0,0,0,
600022.SH,600022,20251209,93549000,15300,0,0,1566,0,,,9987700,15186424,15300,15100,15300,15300,15300,15400,15500,15600,15700,15800,15900,16000,16100,16200,10516350,9926000,8116100,4864800,1786650,1075700,909700,1320500,437200,147900,15200,15100,15000,14900,14800,14700,14600,14500,14400,14300,6035600,13443900,8170300,3479200,1249200,932400,238200,226500,18300,67600,15640,14950,44751283,36548400,0,0,0,0,0,
600022.SH,600022,20251209,93552000,15300,13300,20349,1568,0,,,10001000,15206773,15300,15100,15300,15300,15300,15400,15500,15600,15700,15800,15900,16000,16100,16200,10506050,9926000,8116100,4864800,1786650,1075700,909700,1320500,437200,147900,15200,15100,15000,14900,14800,14700,14600,14500,14400,14300,6095200,13443900,8203800,3479200,1249200,932400,238200,226500,18300,67600,15640,14950,44740983,36641500,0,0,0,0,0,
600022.SH,600022,20251209,93555000,15300,5200,7956,1571,0,,,10006200,15214729,15300,15100,15300,15300,15300,15400,15500,15600,15700,15800,15900,16000,16100,16200,10511150,9926000,8116100,4864800,1786650,1075700,909700,1320500,437200,147900,15200,15100,15000,14900,14800,14700,14600,14500,14400,14300,6205200,13443900,8233800,3479200,1249200,932400,238200,226500,18300,67600,15640,14960,44756083,36781500,0,0,0,0,0,
600022.SH,600022,20251209,93558000,15300,100,153,1572,0,,,10006300,15214882,15300,15100,15300,15300,15300,15400,15500,15600,15700,15800,15900,16000,16100,16200,10517050,9926300,8116100,4864800,1786650,1075700,909700,1320500,437200,147900,15200,15100,15000,14900,14800,14700,14600,14500,14400,14300,6180800,13454900,8233800,3479200,1255800,932400,238200,226500,18300,67600,15640,14960,44832283,36774700,0,0,0,0,0,
600022.SH,600022,20251209,93601000,15200,11700,17809,1576,0,,,10018000,15232691,15300,15100,15300,15300,15300,15400,15500,15600,15700,15800,15900,16000,16100,16200,10514550,9932300,8081200,4864800,1786650,1075700,909700,1320500,437200,147900,15200,15100,15000,14900,14800,14700,14600,14500,14400,14300,6172400,13388900,8233800,3479200,1255800,932400,238200,226500,18300,67600,15640,14950,44800883,36701300,0,0,0,0,0,
600022.SH,600022,20251209,93604000,15200,200,304,1577,0,,,10018200,15232995,15300,15100,15300,15300,15300,15400,15500,15600,15700,15800,15900,16000,16100,16200,10499050,9932300,8081800,4864800,1786650,1075700,909700,1320500,437200,147900,15200,15100,15000,14900,14800,14700,14600,14500,14400,14300,6181700,13398700,8233800,3479200,1255800,932400,238200,226500,18300,67600,15640,14950,44785983,36720400,0,0,0,0,0,
600022.SH,600022,20251209,93607000,15300,2600,3975,1579,0,,,10020800,15236970,15300,15100,15300,15300,15300,15400,15500,15600,15700,15800,15900,16000,16100,16200,10506050,9932300,8081800,4864800,1786650,1075700,909700,1320500,437200,147900,15200,15100,15000,14900,14800,14700,14600,14500,14400,14300,6278900,13409100,8239800,3479200,1255800,932400,238200,226500,18300,67600,15640,14960,44793983,36834100,0,0,0,0,0,
600022.SH,600022,20251209,93610000,15300,0,0,1579,0,,,10020800,15236970,15300,15100,15300,15300,15300,15400,15500,15600,15700,15800,15900,16000,16100,16200,10506150,9934300,8066700,4864800,1786650,1075700,909700,1320500,437200,147900,15200,15100,15000,14900,14800,14700,14600,14500,14400,14300,6277900,13442000,7926800,3479200,1255800,932400,238200,226500,18300,67600,15640,14960,44800983,36553000,0,0,0,0,0,
600022.SH,600022,20251209,93613000,15200,400,608,1580,0,,,10021200,15237578,15300,15100,15300,15300,15300,15400,15500,15600,15700,15800,15900,16000,16100,16200,10512150,9944300,8068200,4864800,1786650,1075700,909700,1320500,437200,148200,15200,15100,15000,14900,14800,14700,14600,14500,14400,14300,6277500,13621000,7926800,3479200,1255800,932400,238200,226500,18300,67600,15640,14960,44820783,36731600,0,0,0,0,0,
600022.SH,600022,20251209,93616000,15300,6400,9792,1582,0,,,10027600,15247370,15300,15100,15300,15300,15300,15400,15500,15600,15700,15800,15900,16000,16100,16200,10600550,9946800,8068200,4864800,1786650,1075700,909700,1320500,437200,148200,15200,15100,15000,14900,14800,14700,14600,14500,14400,14300,6284000,13621000,7926800,3479200,1255800,932400,238200,226500,18300,67600,15640,14960,44912083,36738100,0,0,0,0,0,
600022.SH,600022,20251209,93619000,15300,0,0,1582,0,,,10027600,15247370,15300,15100,15300,15300,15300,15400,15500,15600,15700,15800,15900,16000,16100,16200,10590550,9946800,8068200,4864800,1786650,1075700,909700,1320500,437200,148200,15200,15100,15000,14900,14800,14700,14600,14500,14400,14300,6349400,13621000,7927300,3479200,1255800,932400,238200,226500,18300,67600,15640,14960,44902083,36804000,0,0,0,0,0,
600022.SH,600022,20251209,93622000,15300,37200,56665,1586,0,,,10064800,15304035,15300,15100,15300,15300,15300,15400,15500,15600,15700,15800,15900,16000,16100,16200,10588450,10106800,8068200,4864800,1786650,1075700,909700,1320500,437200,148200,15200,15100,15000,14900,14800,14700,14600,14500,14400,14300,6339800,13663700,7933500,3479200,1255800,932400,238200,226500,18300,67600,15640,14960,45059983,36843300,0,0,0,0,0,
600022.SH,600022,20251209,93625000,15300,3500,5355,1588,0,,,10068300,15309390,15300,15100,15300,15300,15300,15400,15500,15600,15700,15800,15900,16000,16100,16200,10591550,10106900,8117300,4864800,1786650,1075700,909700,1320500,437200,148200,15200,15100,15000,14900,14800,14700,14600,14500,14400,14300,6397800,13663700,7933500,3479200,1255800,932400,238200,226500,18300,67600,15640,14960,45112283,36901200,0,0,0,0,0,
600022.SH,600022,20251209,93628000,15300,0,0,1588,0,,,10068300,15309390,15300,15100,15300,15300,15300,15400,15500,15600,15700,15800,15900,16000,16100,16200,10591550,10116900,8122700,4864800,1786650,1075700,909700,1320500,437200,148200,15200,15100,15000,14900,14800,14700,14600,14500,14400,14300,6397800,13663700,7933500,3479200,1255800,932400,238200,226500,18300,67600,15640,14960,45127683,36901200,0,0,0,0,0,
600022.SH,600022,20251209,93631000,15300,2600,3978,1590,0,,,10070900,15313368,15300,15100,15300,15300,15300,15400,15500,15600,15700,15800,15900,16000,16100,16200,10589750,10075100,8122700,4864800,1786650,1075700,909700,1320500,437200,148200,15200,15100,15000,14900,14800,14700,14600,14500,14400,14300,6424700,13663700,7933500,3479200,1255800,932400,238200,226500,18300,67600,15640,14960,45084083,36928100,0,0,0,0,0,
600022.SH,600022,20251209,93634000,15300,3300,5049,1591,0,,,10074200,15318417,15300,15100,15300,15300,15300,15400,15500,15600,15700,15800,15900,16000,16100,16200,10596550,10075100,8122700,4864800,1786650,1075700,909700,1332000,437200,148200,15200,15100,15000,14900,14800,14700,14600,14500,14400,14300,6445000,13668700,7933500,3479200,1255800,932400,238200,226500,18300,67600,15640,14960,45102383,36953400,0,0,0,0,0,
600022.SH,600022,20251209,93637000,15300,0,0,1591,0,,,10074200,15318417,15300,15100,15300,15300,15300,15400,15500,15600,15700,15800,15900,16000,16100,16200,10549850,10010500,8122700,4864800,1786650,1075700,909700,1332000,437200,148200,15200,15100,15000,14900,14800,14700,14600,14500,14400,14300,6477700,13611800,7933500,3479200,1255800,932400,238200,226500,18300,67600,15640,14960,44991083,36929200,0,0,0,0,0,
600022.SH,600022,20251209,93640000,15300,0,0,1591,0,,,10074200,15318417,15300,15100,15300,15300,15300,15400,15500,15600,15700,15800,15900,16000,16100,16200,10551850,10020500,8122700,4864800,1786650,1075700,909700,1332000,437200,148200,15200,15100,15000,14900,14800,14700,14600,14500,14400,14300,6480700,13611800,7933500,3479200,1255800,933400,238200,226500,18300,67600,15640,14960,45003083,36933200,0,0,0,0,0,
600022.SH,600022,20251209,93643000,15300,8800,13464,1593,0,,,10083000,15331881,15300,15100,15300,15300,15300,15400,15500,15600,15700,15800,15900,16000,16100,16200,10543050,10023000,8122700,4864800,1786650,1075700,909700,1332000,437200,148200,15200,15100,15000,14900,14800,14700,14600,14500,14400,14300,6530700,13611800,7933800,3479200,1255800,933400,238200,226500,18300,67600,15640,14960,45002783,36983500,0,0,0,0,0,
600022.SH,600022,20251209,93646000,15300,3600,5508,1596,0,,,10086600,15337389,15300,15100,15300,15300,15300,15400,15500,15600,15700,15800,15900,16000,16100,16200,10586350,10023000,8122700,4864800,1786650,1075700,909700,1332000,437200,148200,15200,15100,15000,14900,14800,14700,14600,14500,14400,14300,6552800,13611800,7963800,3479200,1255800,933400,238200,226500,18300,67600,15650,14960,45327083,37035600,0,0,0,0,0,
600022.SH,600022,20251209,93649000,15300,13000,19890,1597,0,,,10099600,15357279,15300,15100,15300,15300,15300,15400,15500,15600,15700,15800,15900,16000,16100,16200,10573350,10033000,8125000,4864800,1790650,1075700,909700,1332000,437200,148200,15200,15100,15000,14900,14800,14700,14600,14500,14400,14300,6557800,13618300,7948800,3479200,1155800,933400,238200,226500,18300,67600,15650,14960,45334083,36932100,0,0,0,0,0,
600022.SH,600022,20251209,93652000,15300,13000,19890,1616,0,,,10112600,15377169,15300,15100,15300,15300,15300,15400,15500,15600,15700,15800,15900,16000,16100,16200,10570350,10043000,8126500,4864800,1790650,1075700,909700,1332000,437200,148200,15200,15100,15000,14900,14800,14700,14600,14500,14400,14300,6570500,13668300,7960100,3479200,1155800,933400,238200,226500,18300,67600,15650,14960,45345583,37006100,0,0,0,0,0,
600022.SH,600022,20251209,93655000,15300,5700,8721,1618,0,,,10118300,15385890,15300,15100,15300,15300,15300,15400,15500,15600,15700,15800,15900,16000,16100,16200,10559650,10075500,8131500,4864800,1790650,1075700,909700,1332000,437200,148200,15200,15100,15000,14900,14800,14700,14600,14500,14400,14300,6570600,13667100,8076500,3493100,1155800,933400,238200,226500,18300,67600,15650,14960,45372383,37135300,0,0,0,0,0,
600022.SH,600022,20251209,93658000,15200,3000,4560,1619,0,,,10121300,15390450,15300,15100,15300,15300,15300,15400,15500,15600,15700,15800,15900,16000,16100,16200,10568250,10076400,8131500,4866300,1790650,1140300,909700,1332000,437200,148200,15200,15100,15000,14900,14800,14700,14600,14500,14400,14300,6567600,13667100,8076500,3493100,1155800,933400,238200,226500,18300,67600,15650,14960,45446783,37132300,0,0,0,0,0,
600022.SH,600022,20251209,93701000,15300,700,1071,1620,0,,,10122000,15391521,15300,15100,15300,15300,15300,15400,15500,15600,15700,15800,15900,16000,16100,16200,10567550,10078400,8131500,4866300,1790650,1140300,909700,1332000,437200,148200,15200,15100,15000,14900,14800,14700,14600,14500,14400,14300,6574600,13673400,8076500,3493100,1155800,933400,238200,226500,18300,67600,15650,14960,45448083,37145600,0,0,0,0,0,
600022.SH,600022,20251209,93704000,15300,7500,11470,1623,0,,,10129500,15402991,15300,15100,15300,15300,15300,15400,15500,15600,15700,15800,15900,16000,16100,16200,10557950,10173400,8134800,4866300,1773750,1140300,909700,1332000,437200,148200,15200,15100,15000,14900,14800,14700,14600,14500,14400,14300,6552000,13689700,8076500,3493100,1155800,933400,238200,226500,18300,67600,15650,14960,45520883,37139300,0,0,0,0,0,
600022.SH,600022,20251209,93707000,15300,0,0,1623,0,,,10129500,15402991,15300,15100,15300,15300,15300,15400,15500,15600,15700,15800,15900,16000,16100,16200,10557950,10183400,8134800,4866300,1773750,1140300,909700,1332000,437200,148200,15200,15100,15000,14900,14800,14700,14600,14500,14400,14300,6552600,12730200,8093500,3493100,1155800,933400,238200,226500,18300,67600,15650,14960,45530883,36177400,0,0,0,0,0,
600022.SH,600022,20251209,93710000,15300,0,0,1623,0,,,10129500,15402991,15300,15100,15300,15300,15300,15400,15500,15600,15700,15800,15900,16000,16100,16200,10565950,10225000,8134800,4886300,1773750,1140300,909700,1332000,437200,148200,15200,15100,15000,14900,14800,14700,14600,14500,14400,14300,6564200,12736900,8093500,3493100,1159100,933400,238200,226500,18300,67600,15650,14960,45600483,36199000,0,0,0,0,0,
600022.SH,600022,20251209,93713000,15300,4000,6120,1625,0,,,10133500,15409111,15300,15100,15300,15300,15300,15400,15500,15600,15700,15800,15900,16000,16100,16200,10561950,10225000,8134800,4886300,1773750,1140300,909700,1332000,437200,148200,15200,15100,15000,14900,14800,14700,14600,14500,14400,14300,6806100,12746800,8093500,3493100,1159100,933400,238200,226500,18300,67600,15650,14960,45596483,36450800,0,0,0,0,0,
600022.SH,600022,20251209,93716000,15300,3500,5355,1628,0,,,10137000,15414466,15300,15100,15300,15300,15300,15400,15500,15600,15700,15800,15900,16000,16100,16200,10648850,10226500,8134800,4886300,1773750,1140300,909700,1332000,437200,148200,15200,15100,15000,14900,14800,14700,14600,14500,14400,14300,6805900,12747500,8043500,3443100,1159100,933400,238200,226500,18300,67600,15650,14960,45684883,36351300,0,0,0,0,0,
600022.SH,600022,20251209,93719000,15200,1700,2594,1630,0,,,10138700,15417060,15300,15100,15300,15300,15300,15400,15500,15600,15700,15800,15900,16000,16100,16200,10647850,10226500,8135100,4886300,1773750,1140300,909700,1334200,437200,148200,15200,15100,15000,14900,14800,14700,14600,14500,14400,14300,6807200,12787200,8043500,3443100,1159100,933400,238200,226500,18300,67600,15650,14960,45686383,36392300,0,0,0,0,0,
600022.SH,600022,20251209,93722000,15300,12500,19125,1632,0,,,10151200,15436185,15300,15100,15300,15300,15300,15400,15500,15600,15700,15800,15900,16000,16100,16200,10635350,10226500,8135100,4886300,1773750,1140300,909700,1334200,437200,148200,15200,15100,15000,14900,14800,14700,14600,14500,14400,14300,7107300,12787200,8043500,3443100,1159100,933400,238200,226500,18300,67600,15650,14960,45673883,36692400,0,0,0,0,0,
600022.SH,600022,20251209,93725000,15300,3400,5202,1633,0,,,10154600,15441387,15300,15100,15300,15300,15300,15400,15500,15600,15700,15800,15900,16000,16100,16200,10636350,10226500,8135100,4886300,1773750,1140300,909700,1334200,437200,148200,15200,15100,15000,14900,14800,14700,14600,14500,14400,14300,7107400,12788900,8045500,3543100,1159100,933400,238200,226500,18300,67600,15650,14960,45674883,36796200,0,0,0,0,0,
600022.SH,600022,20251209,93728000,15300,0,0,1633,0,,,10154600,15441387,15300,15100,15300,15300,15300,15400,15500,15600,15700,15800,15900,16000,16100,16200,10696150,10226500,8135100,4886300,1781550,1140300,909700,1334200,437200,148200,15200,15100,15000,14900,14800,14700,14600,14500,14400,14300,7127400,12788900,8031500,3543100,1159100,933400,238200,226500,18300,67600,15650,14960,45742483,36802200,0,0,0,0,0,
600022.SH,600022,20251209,93731000,15200,62200,94644,1638,0,,,10216800,15536031,15300,15100,15300,15300,15300,15400,15500,15600,15700,15800,15900,16000,16100,16200,10686150,10247000,8148800,4886300,1781550,1140300,909700,1334200,437200,148200,15200,15100,15000,14900,14800,14700,14600,14500,14400,14300,7126800,12707900,8031500,3543100,1159100,933400,238200,226500,18300,67600,15650,14960,45766683,36720600,0,0,0,0,0,
600022.SH,600022,20251209,93734000,15300,3400,5202,1640,0,,,10220200,15541233,15300,15100,15300,15300,15300,15400,15500,15600,15700,15800,15900,16000,16100,16200,10678350,10254100,8205500,4886300,1781550,1140300,910900,1334200,437200,148200,15200,15100,15000,14900,14800,14700,14600,14500,14400,14300,7133400,12708900,8037500,3543100,1159100,933400,238200,226500,18300,67600,15650,14960,45823883,36734200,0,0,0,0,0,
600022.SH,600022,20251209,93737000,15300,0,0,1640,0,,,10220200,15541233,15300,15100,15300,15300,15300,15400,15500,15600,15700,15800,15900,16000,16100,16200,10678350,10259100,8210500,4891300,1781550,1140300,910900,1334200,437200,148200,15200,15100,15000,14900,14800,14700,14600,14500,14400,14300,7093200,12708900,8037500,3543100,1159100,933400,238200,226500,18300,67600,15650,14960,45838883,36694000,0,0,0,0,0,
600022.SH,600022,20251209,93740000,15300,55000,83625,1642,0,,,10275200,15624858,15300,15100,15300,15300,15300,15400,15500,15600,15700,15800,15900,16000,16100,16200,10677550,10259100,8214200,4891300,1781550,1140300,910900,1334200,437200,148200,15200,15100,15000,14900,14800,14700,14600,14500,14400,14300,7081100,12709900,8037500,3543100,1159100,933400,238200,226500,18300,67600,15650,14960,45843783,36682900,0,0,0,0,0,
600022.SH,600022,20251209,93743000,15300,0,0,1642,0,,,10275200,15624858,15300,15100,15300,15300,15300,15400,15500,15600,15700,15800,15900,16000,16100,16200,10675350,10263600,8214200,4891300,1781550,1140300,910900,1334300,437200,148200,15200,15100,15000,14900,14800,14700,14600,14500,14400,14300,7142100,12709900,8017400,3543100,1159100,933400,238200,226500,18300,67600,15650,14960,45846183,36723800,0,0,0,0,0,
600022.SH,600022,20251209,93746000,15300,6100,9333,1645,0,,,10281300,15634191,15300,15100,15300,15300,15300,15400,15500,15600,15700,15800,15900,16000,16100,16200,10676150,10263600,8214200,4891300,1781550,1140300,910900,1334300,437200,148200,15200,15100,15000,14900,14800,14700,14600,14500,14400,14300,7148600,12715600,7958500,3543100,1159100,933400,238200,226500,18300,67600,15650,14960,45846983,36677100,0,0,0,0,0,
600022.SH,600022,20251209,93749000,15300,0,0,1645,0,,,10281300,15634191,15300,15100,15300,15300,15300,15400,15500,15600,15700,15800,15900,16000,16100,16200,10676150,10263600,8214200,4891300,1781550,1140300,910900,1334300,437200,148200,15200,15100,15000,14900,14800,14700,14600,14500,14400,14300,7148600,12715600,7958500,3543100,1164100,933400,238200,226500,18300,67600,15650,14960,45846983,36682100,0,0,0,0,0,
