万得代码,交易所代码,自然日,时间,委托编号,交易所委托号,委托类型,委托代码,委托价格,委托数量,
600022.SH,600022,20251209,91400500,0,0,S,I,0,0,
600022.SH,600022,20251209,91500010,0,4,A,B,15200,700000,
600022.SH,600022,20251209,91500010,0,10,A,S,15500,22500,
600022.SH,600022,20251209,91500010,0,16,A,S,15400,328800,
600022.SH,600022,20251209,91500010,0,25,A,S,15400,850000,
600022.SH,600022,20251209,91500010,0,28,A,S,15500,129000,
600022.SH,600022,20251209,91500010,0,30,A,B,15100,850000,
600022.SH,600022,20251209,91500010,0,32,A,S,15500,850000,
600022.SH,600022,20251209,91500010,0,33,A,B,15200,850000,
600022.SH,600022,20251209,91500010,0,37,A,B,15100,999300,
600022.SH,600022,20251209,91500010,0,40,A,S,15400,999700,
600022.SH,600022,20251209,91500010,0,44,A,B,15200,999500,
600022.SH,600022,20251209,91500010,0,67,A,S,15400,8000,
600022.SH,600022,20251209,91500010,0,70,A,B,15100,994400,
600022.SH,600022,20251209,91500010,0,107,A,B,15200,22200,
600022.SH,600022,20251209,91500010,0,118,A,B,15000,984700,
600022.SH,600022,20251209,91500010,0,136,A,S,15400,3700,
600022.SH,600022,20251209,91500010,0,137,A,B,15200,20000,
600022.SH,600022,20251209,91500010,0,149,A,S,15400,808200,
600022.SH,600022,20251209,91500010,0,256,A,B,15200,50000,
600022.SH,600022,20251209,91500070,0,302,A,B,15200,122300,
600022.SH,600022,20251209,91500070,0,305,A,B,15100,7700,
600022.SH,600022,20251209,91500070,0,331,A,B,15000,24800,
600022.SH,600022,20251209,91500070,0,355,A,B,15100,1000,
600022.SH,600022,20251209,91500070,0,363,A,B,15100,200000,
600022.SH,600022,20251209,91500070,0,372,A,B,15000,10000,
600022.SH,600022,20251209,91500070,0,410,A,B,14600,39800,
600022.SH,600022,20251209,91500070,0,445,A,S,16800,100,
600022.SH,600022,20251209,91500070,0,497,A,B,15200,109900,
600022.SH,600022,20251209,91500070,0,529,A,S,15400,600000,
600022.SH,600022,20251209,91500090,0,568,A,S,15900,28100,
600022.SH,600022,20251209,91500090,0,582,A,B,15100,110000,
600022.SH,600022,20251209,91500090,0,632,A,S,15500,328800,
600022.SH,600022,20251209,91500090,0,635,A,S,15400,110000,
600022.SH,600022,20251209,91500090,0,653,A,S,15600,8000,
600022.SH,600022,20251209,91500090,0,669,A,B,15200,8000,
600022.SH,600022,20251209,91500090,0,681,A,S,15600,328800,
600022.SH,600022,20251209,91500090,0,683,A,B,15000,999600,
600022.SH,600022,20251209,91500090,0,684,A,B,15000,8000,
600022.SH,600022,20251209,91500090,0,718,A,S,15400,42100,
600022.SH,600022,20251209,91500090,0,719,A,S,15300,110100,
600022.SH,600022,20251209,91500090,0,744,A,S,15400,200000,
600022.SH,600022,20251209,91500090,0,745,A,S,15500,999400,
600022.SH,600022,20251209,91500090,0,803,A,B,14800,99700,
600022.SH,600022,20251209,91500090,0,817,A,S,15400,30100,
600022.SH,600022,20251209,91500090,0,825,A,B,15100,1000000,
600022.SH,600022,20251209,91500090,0,842,A,S,15300,91700,
600022.SH,600022,20251209,91500090,0,845,A,S,15600,22000,
600022.SH,600022,20251209,91500090,0,862,A,B,14900,994500,
600022.SH,600022,20251209,91500090,0,872,A,B,15200,600000,
600022.SH,600022,20251209,91500090,0,886,A,B,15200,666600,
600022.SH,600022,20251209,91500090,0,898,A,B,15300,1700,
600022.SH,600022,20251209,91500090,0,909,A,S,15300,383800,
600022.SH,600022,20251209,91500090,0,910,A,S,15500,616200,
600022.SH,600022,20251209,91500090,0,911,A,S,15600,111100,
600022.SH,600022,20251209,91500090,0,912,A,B,15100,616200,
600022.SH,600022,20251209,91500090,0,913,A,B,15100,1900,
600022.SH,600022,20251209,91500090,0,920,A,B,15000,333300,
600022.SH,600022,20251209,91500090,0,921,A,B,14900,222200,
600022.SH,600022,20251209,91500090,0,922,A,S,15600,4600,
600022.SH,600022,20251209,91500090,0,923,A,B,15000,2000,
600022.SH,600022,20251209,91500130,0,957,A,B,15100,44400,
600022.SH,600022,20251209,91500130,0,967,A,S,15400,112200,
600022.SH,600022,20251209,91500130,0,968,A,B,15200,1800,
600022.SH,600022,20251209,91500130,0,971,A,B,14800,2200,
600022.SH,600022,20251209,91500130,0,977,A,B,15000,77700,
600022.SH,600022,20251209,91500130,0,1054,A,B,15200,197200,
600022.SH,600022,20251209,91500130,0,1136,A,S,15500,650600,
600022.SH,600022,20251209,91500130,0,1156,A,S,15400,561200,
600022.SH,600022,20251209,91500130,0,1200,A,B,15100,50000,
600022.SH,600022,20251209,91500130,0,1202,A,S,15400,50000,
600022.SH,600022,20251209,91500130,0,1203,A,S,15700,50000,
600022.SH,600022,20251209,91500130,0,1253,A,B,15000,22000,
600022.SH,600022,20251209,91500130,0,1255,A,S,15400,112200,
600022.SH,600022,20251209,91500130,0,1272,A,S,15800,22000,
600022.SH,600022,20251209,91500130,0,1282,A,B,15100,27000,
600022.SH,600022,20251209,91500130,0,1320,A,S,15600,170600,
600022.SH,600022,20251209,91500130,0,1339,A,B,15000,109000,
600022.SH,600022,20251209,91500130,0,1363,A,B,14700,38700,
600022.SH,600022,20251209,91500130,0,1381,A,S,15300,48100,
600022.SH,600022,20251209,91500130,0,1413,A,S,15600,22000,
600022.SH,600022,20251209,91500130,0,1417,A,S,15500,600000,
600022.SH,600022,20251209,91500290,0,1425,A,B,15100,122900,
600022.SH,600022,20251209,91500290,0,1481,A,B,14900,25100,
600022.SH,600022,20251209,91500290,0,1593,A,S,15400,425000,
600022.SH,600022,20251209,91500290,0,1613,A,B,15200,349900,
600022.SH,600022,20251209,91500290,0,1663,A,S,15500,100000,
600022.SH,600022,20251209,91500290,0,1667,A,S,15600,100000,
600022.SH,600022,20251209,91500290,0,1675,A,B,15000,100000,
600022.SH,600022,20251209,91500290,0,1676,A,S,15300,100000,
600022.SH,600022,20251209,91500290,0,1677,A,S,15300,100000,
600022.SH,600022,20251209,91500290,0,1680,A,S,15700,100000,
600022.SH,600022,20251209,91500290,0,1682,A,S,15800,100000,
600022.SH,600022,20251209,91500290,0,1710,A,B,15100,101800,
600022.SH,600022,20251209,91500290,0,1717,A,S,15700,5000,
600022.SH,600022,20251209,91500290,0,1720,A,S,15700,100000,
600022.SH,600022,20251209,91500290,0,1741,A,S,15700,120000,
600022.SH,600022,20251209,91500290,0,1749,A,B,15100,20000,
600022.SH,600022,20251209,91500360,0,1754,A,S,15500,38800,
600022.SH,600022,20251209,91500360,0,1762,A,B,14900,2100,
600022.SH,600022,20251209,91500360,0,1767,A,B,15100,278500,
600022.SH,600022,20251209,91500360,0,1828,A,B,14900,109900,
600022.SH,600022,20251209,91500360,0,1831,A,S,15600,110000,
600022.SH,600022,20251209,91500360,0,1890,A,B,15100,1000000,
600022.SH,600022,20251209,91500360,0,1895,A,S,15600,999200,
600022.SH,600022,20251209,91500360,0,1900,A,B,15000,100000,
600022.SH,600022,20251209,91500360,0,1956,A,B,15100,600000,
600022.SH,600022,20251209,91500360,0,1970,A,S,15500,1000000,
600022.SH,600022,20251209,91500360,0,1971,A,B,15200,425000,
600022.SH,600022,20251209,91500360,0,1972,A,B,15100,680000,
600022.SH,600022,20251209,91500360,0,1988,A,B,15100,1000000,
600022.SH,600022,20251209,91500360,0,2065,A,B,15000,700,
600022.SH,600022,20251209,91500360,0,2066,A,S,15600,1000,
600022.SH,600022,20251209,91500360,0,2077,A,S,15600,11000,
600022.SH,600022,20251209,91500390,0,2156,A,B,15200,12400,
600022.SH,600022,20251209,91500390,0,2253,A,S,16800,400,
600022.SH,600022,20251209,91500390,0,2304,A,B,14900,100000,
600022.SH,600022,20251209,91500390,0,2313,A,S,15300,700,
600022.SH,600022,20251209,91500390,0,2431,A,S,15400,101800,
600022.SH,600022,20251209,91500390,0,2434,A,B,15000,22000,
600022.SH,600022,20251209,91500390,0,2443,A,S,15800,22000,
600022.SH,600022,20251209,91500390,0,2452,A,B,15000,27000,
600022.SH,600022,20251209,91500390,0,2459,A,S,15500,35900,
600022.SH,600022,20251209,91500390,0,2470,A,B,14500,2500,
600022.SH,600022,20251209,91500390,0,2557,A,S,15500,10000,
600022.SH,600022,20251209,91500390,0,2690,A,B,15100,30000,
600022.SH,600022,20251209,91500390,0,2712,A,S,15400,10000,
600022.SH,600022,20251209,91500390,0,2715,A,S,15600,10000,
600022.SH,600022,20251209,91500390,0,2731,A,B,14700,2300,
600022.SH,600022,20251209,91500390,0,2732,A,B,14600,2400,
600022.SH,600022,20251209,91500390,0,2735,A,B,14400,2600,
600022.SH,600022,20251209,91500440,0,2825,A,S,15500,680000,
600022.SH,600022,20251209,91500440,0,2826,A,B,15000,425000,
600022.SH,600022,20251209,91500440,0,2827,A,S,15600,425000,
600022.SH,600022,20251209,91500440,0,2841,A,S,15800,9900,
600022.SH,600022,20251209,91500440,0,2844,A,B,15100,9900,
600022.SH,600022,20251209,91500440,0,2890,A,B,15100,349900,
600022.SH,600022,20251209,91500440,0,2893,A,S,15500,349900,
600022.SH,600022,20251209,91500440,0,2899,A,S,15600,349900,
600022.SH,600022,20251209,91500440,0,2965,A,B,15100,200000,
600022.SH,600022,20251209,91500440,0,3007,A,B,14700,38700,
600022.SH,600022,20251209,91500440,0,3010,A,B,14800,38500,
600022.SH,600022,20251209,91500440,0,3011,A,B,14600,39000,
600022.SH,600022,20251209,91500440,0,3013,A,B,14500,39300,
600022.SH,600022,20251209,91500440,0,3055,A,B,15100,12500,
600022.SH,600022,20251209,91500480,0,3155,A,S,15500,278500,
600022.SH,600022,20251209,91500480,0,3339,A,B,15100,30600,
600022.SH,600022,20251209,91500480,0,3340,A,B,15000,30600,
600022.SH,600022,20251209,91500480,0,3341,A,B,14900,30600,
600022.SH,600022,20251209,91500480,0,3342,A,B,14800,60600,
600022.SH,600022,20251209,91500480,0,3423,A,B,15100,10000,
600022.SH,600022,20251209,91500480,0,3432,A,B,15000,12700,
600022.SH,600022,20251209,91500520,0,3501,A,S,15400,540100,
600022.SH,600022,20251209,91500520,0,3510,A,S,15500,551500,
600022.SH,600022,20251209,91500520,0,3692,A,S,15300,11100,
600022.SH,600022,20251209,91500520,0,3696,A,S,15400,22200,
600022.SH,600022,20251209,91500520,0,3705,A,B,14900,111100,
600022.SH,600022,20251209,91500520,0,3706,A,B,14800,222200,
600022.SH,600022,20251209,91500520,0,3743,A,B,14700,10000,
600022.SH,600022,20251209,91500520,0,3763,A,B,15200,500,
600022.SH,600022,20251209,91500520,0,3767,A,B,15100,500,
600022.SH,600022,20251209,91500520,0,3768,A,S,15500,1000,
600022.SH,600022,20251209,91500520,0,3770,A,S,15500,500,
600022.SH,600022,20251209,91501120,0,3884,A,B,15000,10000,
600022.SH,600022,20251209,91501120,0,3952,A,B,14900,20000,
600022.SH,600022,20251209,91501120,0,3984,A,B,14800,30000,
600022.SH,600022,20251209,91501120,0,4017,A,S,15400,30000,
600022.SH,600022,20251209,91501220,0,4133,A,S,16800,24800,
600022.SH,600022,20251209,91501220,0,4163,A,S,16800,24800,
600022.SH,600022,20251209,91501220,0,4276,A,S,15400,10000,
600022.SH,600022,20251209,91501270,0,4318,A,B,15100,20000,
600022.SH,600022,20251209,91501270,0,4341,A,B,15100,561100,
600022.SH,600022,20251209,91501270,0,4361,A,S,15500,12400,
600022.SH,600022,20251209,91501410,0,4594,A,B,15100,180000,
600022.SH,600022,20251209,91501420,0,4779,A,B,15200,10000,
600022.SH,600022,20251209,91501450,0,5526,A,S,15800,5000,
600022.SH,600022,20251209,91501450,0,5549,A,S,15500,33760,
600022.SH,600022,20251209,91501450,0,5588,A,S,16800,2600,
600022.SH,600022,20251209,91501490,0,5901,A,B,15100,14700,
600022.SH,600022,20251209,91501490,0,6026,A,S,16100,2000,
600022.SH,600022,20251209,91501490,0,6027,A,S,16800,4000,
600022.SH,600022,20251209,91501620,0,6117,A,S,16800,20000,
600022.SH,600022,20251209,91501620,0,6238,A,B,15100,30000,
600022.SH,600022,20251209,91501650,0,6402,A,S,15400,11000,
600022.SH,600022,20251209,91501650,0,6493,A,B,14900,10000,
600022.SH,600022,20251209,91501650,0,6497,A,B,15000,10500,
600022.SH,600022,20251209,91501650,0,6519,A,B,14800,10000,
600022.SH,600022,20251209,91501650,0,6555,A,S,15600,3400,
600022.SH,600022,20251209,91501650,0,6674,A,S,15600,50000,
600022.SH,600022,20251209,91501650,0,6761,A,S,15500,50000,
600022.SH,600022,20251209,91501680,0,6807,A,B,14800,10000,
600022.SH,600022,20251209,91501680,0,6808,A,S,15600,10000,
600022.SH,600022,20251209,91501680,0,6925,A,B,14600,13500,
600022.SH,600022,20251209,91501680,0,6946,A,S,16100,2600,
600022.SH,600022,20251209,91501680,0,7252,A,S,15200,8000,
600022.SH,600022,20251209,91501720,0,7290,A,S,15600,100,
600022.SH,600022,20251209,91501720,0,7305,A,S,15500,500,
600022.SH,600022,20251209,91501720,0,7544,A,B,14900,40000,
600022.SH,600022,20251209,91501720,0,7754,A,S,16000,2000,
600022.SH,600022,20251209,91501720,0,7773,A,S,16300,5000,
600022.SH,600022,20251209,91501720,0,7774,A,S,16500,2000,
600022.SH,600022,20251209,91501720,0,7792,A,B,14500,2000,
600022.SH,600022,20251209,91501720,0,7793,A,B,14300,2000,
600022.SH,600022,20251209,91501720,0,7869,A,B,15200,9200,
600022.SH,600022,20251209,91501720,0,7880,A,S,15400,9100,
600022.SH,600022,20251209,91501760,0,7953,A,B,14500,500,
600022.SH,600022,20251209,91501760,0,8132,A,S,16800,19700,
600022.SH,600022,20251209,91501760,0,8433,A,S,16800,7800,
600022.SH,600022,20251209,91501790,0,8488,A,S,15400,10000,
600022.SH,600022,20251209,91501790,0,8605,A,S,15500,9100,
600022.SH,600022,20251209,91501790,0,8936,A,S,15400,5000,
600022.SH,600022,20251209,91501790,0,9033,A,B,15000,3000,
600022.SH,600022,20251209,91501790,0,9035,A,B,14800,3000,
600022.SH,600022,20251209,91501790,0,9246,A,S,15500,6100,
600022.SH,600022,20251209,91501850,0,9360,A,B,14900,3000,
600022.SH,600022,20251209,91501850,0,9762,A,S,15500,10000,
600022.SH,600022,20251209,91501850,0,9832,A,B,15100,10000,
600022.SH,600022,20251209,91501850,0,9852,A,B,15000,12000,
600022.SH,600022,20251209,91501850,0,9980,A,S,15600,5000,
600022.SH,600022,20251209,91501850,0,10196,A,S,16000,200,
600022.SH,600022,20251209,91501850,0,10559,A,S,15400,20000,
600022.SH,600022,20251209,91501850,0,10641,A,S,16000,8400,
600022.SH,600022,20251209,91501850,0,10709,A,B,14700,5000,
600022.SH,600022,20251209,91501850,0,10859,A,B,15200,60000,
600022.SH,600022,20251209,91501850,0,11180,A,S,15400,10000,
600022.SH,600022,20251209,91501850,0,11202,A,S,15500,10000,
600022.SH,600022,20251209,91501850,0,11204,A,B,15200,3700,
600022.SH,600022,20251209,91501850,0,11232,A,S,15600,10000,
600022.SH,600022,20251209,91501960,0,11490,A,S,15500,50000,
600022.SH,600022,20251209,91501960,0,11510,A,S,15600,50000,
600022.SH,600022,20251209,91501960,0,11543,A,S,15400,30000,
600022.SH,600022,20251209,91501960,0,11585,A,S,15500,50000,
600022.SH,600022,20251209,91501960,0,11621,A,S,15600,50000,
600022.SH,600022,20251209,91501960,0,11635,A,S,15400,30000,
600022.SH,600022,20251209,91501960,0,11800,A,S,15300,100,
600022.SH,600022,20251209,91501960,0,11966,A,S,16800,3600,
600022.SH,600022,20251209,91501960,0,12018,A,B,15200,21000,
600022.SH,600022,20251209,91501960,0,12021,A,B,14800,6500,
600022.SH,600022,20251209,91501960,0,12219,A,S,16800,1000,
600022.SH,600022,20251209,91501960,0,12677,A,S,15700,6600,
600022.SH,600022,20251209,91501960,0,12711,A,S,15400,150000,
600022.SH,600022,20251209,91501960,0,12714,A,S,16800,7000,
600022.SH,600022,20251209,91501960,0,12908,A,S,15200,200,
600022.SH,600022,20251209,91501960,0,13130,A,B,15100,3300,
600022.SH,600022,20251209,91501960,0,13147,A,S,15500,5000,
600022.SH,600022,20251209,91502080,0,13375,A,S,16800,2000,
600022.SH,600022,20251209,91502080,0,13437,A,S,15500,6500,
600022.SH,600022,20251209,91502080,0,13618,A,B,15000,10000,
600022.SH,600022,20251209,91502080,0,14164,A,B,15000,4000,
600022.SH,600022,20251209,91502140,0,14239,A,S,15400,4000,
600022.SH,600022,20251209,91502140,0,14240,A,S,15600,4000,
600022.SH,600022,20251209,91502140,0,14294,A,S,15800,4000,
600022.SH,600022,20251209,91502140,0,14357,A,S,15400,41800,
600022.SH,600022,20251209,91502140,0,14445,A,B,14700,30000,
600022.SH,600022,20251209,91502330,0,14993,A,S,16000,3000,
600022.SH,600022,20251209,91502360,0,15062,A,B,15100,33000,
600022.SH,600022,20251209,91502360,0,15079,A,B,13800,1000,
600022.SH,600022,20251209,91502360,0,15088,A,B,15000,33000,
600022.SH,600022,20251209,91502420,0,15572,A,S,16000,500,
600022.SH,600022,20251209,91502420,0,15979,A,B,14700,10100,
600022.SH,600022,20251209,91502420,0,15985,A,B,14500,10100,
600022.SH,600022,20251209,91502420,0,15988,A,S,15900,10100,
600022.SH,600022,20251209,91502420,0,16002,A,S,15500,10000,
600022.SH,600022,20251209,91502420,0,16003,A,S,16100,10000,
600022.SH,600022,20251209,91502420,0,16007,A,S,16500,20000,
600022.SH,600022,20251209,91502420,0,16008,A,S,16800,30000,
600022.SH,600022,20251209,91502420,0,16158,A,S,16100,4000,
600022.SH,600022,20251209,91502420,0,16221,A,S,15400,9300,
600022.SH,600022,20251209,91502420,0,16222,A,B,15100,10200,
600022.SH,600022,20251209,91502490,0,16646,A,B,15200,35300,
600022.SH,600022,20251209,91502490,0,16752,A,S,15400,8000,
600022.SH,600022,20251209,91502490,0,16761,A,B,15000,2000,
600022.SH,600022,20251209,91502490,0,17042,A,S,16800,391900,
600022.SH,600022,20251209,91502490,0,17382,A,B,14500,10000,
600022.SH,600022,20251209,91502490,0,17406,A,S,16300,10000,
600022.SH,600022,20251209,91502490,0,17413,A,S,16800,10000,
600022.SH,600022,20251209,91502490,0,17503,A,S,15500,10200,
600022.SH,600022,20251209,91502490,0,17566,A,S,15500,2400,
600022.SH,600022,20251209,91502490,0,17927,A,S,16800,5165,
600022.SH,600022,20251209,91502490,0,17954,A,S,15600,6600,
600022.SH,600022,20251209,91502490,0,18338,A,B,14700,91200,
600022.SH,600022,20251209,91502490,0,18461,A,B,15000,4000,
600022.SH,600022,20251209,91502490,0,18484,A,S,16000,100,
600022.SH,600022,20251209,91502620,0,18910,A,S,15400,10000,
600022.SH,600022,20251209,91502620,0,18976,A,S,15500,10000,
600022.SH,600022,20251209,91502620,0,18993,A,S,15600,20000,
600022.SH,600022,20251209,91502620,0,19110,A,B,14700,5300,
600022.SH,600022,20251209,91502620,0,19129,A,S,16700,36800,
600022.SH,600022,20251209,91502620,0,19156,A,B,15100,100000,
600022.SH,600022,20251209,91502620,0,19162,A,S,16800,110500,
600022.SH,600022,20251209,91502620,0,19256,A,S,15400,10400,
600022.SH,600022,20251209,91502620,0,19402,A,S,16800,5000,
600022.SH,600022,20251209,91502620,0,19874,A,B,15200,70100,
600022.SH,600022,20251209,91502620,0,20298,A,S,15800,3000,
600022.SH,600022,20251209,91502620,0,20342,A,S,16800,20700,
600022.SH,600022,20251209,91502620,0,20414,A,S,16700,5000,
600022.SH,600022,20251209,91502730,0,20500,A,B,15300,10000,
600022.SH,600022,20251209,91502730,0,20844,A,B,15200,12100,
600022.SH,600022,20251209,91502730,0,20848,A,S,16800,8700,
600022.SH,600022,20251209,91502730,0,20849,A,B,14800,5500,
600022.SH,600022,20251209,91502730,0,20893,A,B,15200,10000,
600022.SH,600022,20251209,91502730,0,20896,A,B,15100,21000,
600022.SH,600022,20251209,91502730,0,20902,A,S,15500,30000,
600022.SH,600022,20251209,91502730,0,20929,A,S,15600,500,
600022.SH,600022,20251209,91502730,0,21263,A,S,15400,100,
600022.SH,600022,20251209,91502730,0,21294,A,S,16000,10000,
600022.SH,600022,20251209,91502730,0,21298,A,B,14600,1300,
600022.SH,600022,20251209,91502730,0,21667,A,S,16800,1600,
600022.SH,600022,20251209,91502730,0,21702,A,S,15500,19300,
600022.SH,600022,20251209,91502730,0,22136,A,B,14900,2000,
600022.SH,600022,20251209,91502860,0,22753,A,B,15200,10000,
600022.SH,600022,20251209,91502860,0,22919,A,B,14900,20000,
600022.SH,600022,20251209,91502860,0,22932,A,B,15000,20000,
600022.SH,600022,20251209,91502860,0,23187,A,B,14800,5000,
600022.SH,600022,20251209,91502860,0,23556,A,B,14800,100000,
600022.SH,600022,20251209,91502860,0,23593,A,B,15200,11300,
600022.SH,600022,20251209,91502860,0,24003,A,S,15400,300,
600022.SH,600022,20251209,91502860,0,24017,A,B,15100,2000,
600022.SH,600022,20251209,91502860,0,24036,A,B,15000,3000,
600022.SH,600022,20251209,91502860,0,24037,A,S,15500,300,
600022.SH,600022,20251209,91502860,0,24051,A,S,15600,300,
600022.SH,600022,20251209,91502860,0,24062,A,S,15700,300,
600022.SH,600022,20251209,91502860,0,24101,A,S,15800,300,
600022.SH,600022,20251209,91502860,0,24144,A,S,15900,300,
600022.SH,600022,20251209,91502860,0,24176,A,S,16000,300,
600022.SH,600022,20251209,91502860,0,24293,A,B,15100,500,
600022.SH,600022,20251209,91502860,0,24296,A,B,15200,300,
600022.SH,600022,20251209,91502860,0,24307,A,B,15000,500,
600022.SH,600022,20251209,91502860,0,24453,A,B,15200,20000,
600022.SH,600022,20251209,91503020,0,24491,A,S,15500,73000,
600022.SH,600022,20251209,91503020,0,25053,A,S,16200,7000,
600022.SH,600022,20251209,91503020,0,25356,A,S,15500,300,
600022.SH,600022,20251209,91503020,0,25357,A,S,15600,300,
600022.SH,600022,20251209,91503020,0,25358,A,S,15700,300,
600022.SH,600022,20251209,91503020,0,25359,A,S,15800,300,
600022.SH,600022,20251209,91503020,0,25380,A,S,15900,300,
600022.SH,600022,20251209,91503020,0,25569,A,S,16500,4500,
600022.SH,600022,20251209,91503020,0,25621,A,B,15000,3000,
600022.SH,600022,20251209,91503020,0,25649,A,S,16700,2000,
600022.SH,600022,20251209,91503020,0,25683,A,B,15000,50000,
600022.SH,600022,20251209,91503020,0,25684,A,B,14900,50000,
600022.SH,600022,20251209,91503020,0,25761,A,S,16000,300,
600022.SH,600022,20251209,91503020,0,25846,A,B,15100,37300,
600022.SH,600022,20251209,91503020,0,25987,A,S,16800,10500,
600022.SH,600022,20251209,91503020,0,26003,A,S,15700,3000,
600022.SH,600022,20251209,91503020,0,26129,A,S,15300,65300,
600022.SH,600022,20251209,91503020,0,26188,A,B,14900,4900,
600022.SH,600022,20251209,91503020,0,26196,A,B,15000,5100,
600022.SH,600022,20251209,91503020,0,26333,A,S,15500,10400,
600022.SH,600022,20251209,91503160,0,26724,A,B,14000,5000,
600022.SH,600022,20251209,91503160,0,26802,A,B,14700,30000,
600022.SH,600022,20251209,91503160,0,26812,A,B,14800,5000,
600022.SH,600022,20251209,91503160,0,26843,A,S,15300,10000,
600022.SH,600022,20251209,91503160,0,27565,A,S,16200,3400,
600022.SH,600022,20251209,91503160,0,27589,A,S,15800,500,
600022.SH,600022,20251209,91503160,0,27955,A,B,15100,49100,
600022.SH,600022,20251209,91503160,0,27972,A,B,15000,49300,
600022.SH,600022,20251209,91503160,0,28101,A,S,15600,1000,
600022.SH,600022,20251209,91503160,0,28115,A,S,15700,1000,
600022.SH,600022,20251209,91503160,0,28121,A,S,15800,1000,
600022.SH,600022,20251209,91503160,0,28124,A,S,15900,1000,
600022.SH,600022,20251209,91503160,0,28133,A,S,16800,10000,
600022.SH,600022,20251209,91503160,0,28134,A,B,14500,1000,
600022.SH,600022,20251209,91503160,0,28135,A,B,14400,1000,
600022.SH,600022,20251209,91503160,0,28136,A,B,14300,1000,
600022.SH,600022,20251209,91503160,0,28140,A,B,13800,6000,
600022.SH,600022,20251209,91503160,0,28204,A,B,15100,5000,
600022.SH,600022,20251209,91503160,0,28392,A,B,15100,3000,
600022.SH,600022,20251209,91503280,0,28566,A,S,15800,5000,
600022.SH,600022,20251209,91503280,0,28763,A,B,14600,5000,
600022.SH,600022,20251209,91503280,0,28769,A,S,16700,5000,
600022.SH,600022,20251209,91503280,0,28998,A,S,15400,197100,
600022.SH,600022,20251209,91503280,0,30057,A,S,15300,10100,
600022.SH,600022,20251209,91503420,0,30975,A,B,15000,5100,
600022.SH,600022,20251209,91503420,0,31040,A,S,15800,20000,
600022.SH,600022,20251209,91503420,0,31042,A,B,15100,10000,
600022.SH,600022,20251209,91503420,0,31055,A,S,15400,500,
600022.SH,600022,20251209,91503420,0,31073,A,S,15500,500,
600022.SH,600022,20251209,91503420,0,31089,A,S,15600,500,
600022.SH,600022,20251209,91503420,0,31090,A,B,14900,500,
600022.SH,600022,20251209,91503420,0,31091,A,B,14800,500,
600022.SH,600022,20251209,91503420,0,31106,A,B,15000,700,
600022.SH,600022,20251209,91503420,0,31120,A,B,14700,500,
600022.SH,600022,20251209,91503420,0,31121,A,B,14600,500,
600022.SH,600022,20251209,91503420,0,31131,A,B,14500,500,
600022.SH,600022,20251209,91503420,0,31273,A,S,16800,2700,
600022.SH,600022,20251209,91503420,0,31322,A,B,14400,500,
600022.SH,600022,20251209,91503420,0,31323,A,B,14200,500,
600022.SH,600022,20251209,91503420,0,31624,A,S,16200,14800,
600022.SH,600022,20251209,91503420,0,31795,A,B,15000,156300,
600022.SH,600022,20251209,91503420,0,32194,A,S,16800,3500,
600022.SH,600022,20251209,91503420,0,32352,A,B,14900,10000,
600022.SH,600022,20251209,91503570,0,32356,A,S,15500,105200,
600022.SH,600022,20251209,91503570,0,32425,A,B,15100,10000,
600022.SH,600022,20251209,91503570,0,32957,A,S,15500,2000,
600022.SH,600022,20251209,91503570,0,33204,A,B,15200,100000,
600022.SH,600022,20251209,91503570,0,33907,A,S,15600,2000,
600022.SH,600022,20251209,91503570,0,33944,A,S,16800,4700,
600022.SH,600022,20251209,91503570,0,33958,A,B,14900,100,
600022.SH,600022,20251209,91503570,0,33968,A,B,14800,100,
600022.SH,600022,20251209,91503570,0,33984,A,S,15400,65800,
600022.SH,600022,20251209,91503570,0,34060,A,B,15200,65700,
600022.SH,600022,20251209,91503570,0,34061,A,B,15100,66200,
600022.SH,600022,20251209,91503570,0,34159,A,S,16700,1000,
600022.SH,600022,20251209,91503570,0,34326,A,B,14900,500,
600022.SH,600022,20251209,91503730,0,35106,A,B,14900,300,
600022.SH,600022,20251209,91503730,0,35291,A,S,15400,55000,
600022.SH,600022,20251209,91503730,0,35325,A,S,15700,20000,
600022.SH,600022,20251209,91503730,0,35328,A,S,15600,20000,
600022.SH,600022,20251209,91503730,0,35336,A,S,15800,20000,
600022.SH,600022,20251209,91503730,0,35341,A,S,15500,20000,
600022.SH,600022,20251209,91503730,0,35616,A,B,15100,5000,
600022.SH,600022,20251209,91503730,0,35628,A,B,15000,5000,
600022.SH,600022,20251209,91503730,0,35638,A,B,14900,5000,
600022.SH,600022,20251209,91503730,0,35669,A,S,16000,3000,
600022.SH,600022,20251209,91503730,0,35783,A,S,15600,644100,
600022.SH,600022,20251209,91503730,0,35890,A,S,15300,10000,
600022.SH,600022,20251209,91503730,0,35937,A,S,15500,4000,
600022.SH,600022,20251209,91503870,0,36441,A,S,16800,20000,
600022.SH,600022,20251209,91503870,0,36614,A,B,15100,10000,
600022.SH,600022,20251209,91503870,0,36711,A,B,15300,300,
600022.SH,600022,20251209,91503870,0,36751,A,S,15400,12400,
600022.SH,600022,20251209,91503870,0,36896,A,B,15200,10000,
600022.SH,600022,20251209,91503870,0,36987,A,S,15400,60000,
600022.SH,600022,20251209,91503870,0,37114,A,B,15000,10000,
600022.SH,600022,20251209,91503870,0,37362,A,S,15400,10000,
600022.SH,600022,20251209,91503870,0,37363,A,S,15500,10000,
600022.SH,600022,20251209,91503870,0,37376,A,S,15600,10000,
600022.SH,600022,20251209,91503870,0,37377,A,S,15700,20000,
600022.SH,600022,20251209,91503870,0,37401,A,S,15800,30000,
600022.SH,600022,20251209,91503870,0,37731,A,B,15100,5000,
600022.SH,600022,20251209,91503870,0,37797,A,S,15500,100,
600022.SH,600022,20251209,91503870,0,37817,A,S,15600,100,
600022.SH,600022,20251209,91503870,0,37822,A,B,14600,600,
600022.SH,600022,20251209,91503870,0,37840,A,S,15700,100,
600022.SH,600022,20251209,91503870,0,37842,A,B,14300,600,
600022.SH,600022,20251209,91503870,0,37859,A,B,14000,600,
600022.SH,600022,20251209,91503870,0,37922,A,B,13800,600,
600022.SH,600022,20251209,91503870,0,37997,A,S,15400,1800,
600022.SH,600022,20251209,91503870,0,38021,A,S,15700,600,
600022.SH,600022,20251209,91503870,0,38037,A,S,16000,600,
600022.SH,600022,20251209,91503870,0,38038,A,S,16300,600,
600022.SH,600022,20251209,91503870,0,38057,A,S,15900,6100,
600022.SH,600022,20251209,91503870,0,38070,A,S,16600,600,
600022.SH,600022,20251209,91503870,0,38245,A,S,16800,600,
600022.SH,600022,20251209,91504000,0,38319,A,S,15700,39400,
600022.SH,600022,20251209,91504000,0,38332,A,S,16000,20000,
600022.SH,600022,20251209,91504000,0,38356,A,S,16600,13500,
600022.SH,600022,20251209,91504000,0,38363,A,B,13800,562700,
600022.SH,600022,20251209,91504000,0,38483,A,B,15100,15000,
600022.SH,600022,20251209,91504000,0,38809,A,B,15100,40000,
600022.SH,600022,20251209,91504000,0,38820,A,B,15000,37700,
600022.SH,600022,20251209,91504000,0,39140,A,S,16100,60000,
600022.SH,600022,20251209,91504000,0,39257,A,S,15400,22100,
600022.SH,600022,20251209,91504000,0,39299,A,S,16800,1700,
600022.SH,600022,20251209,91504000,0,39303,A,B,13800,5900,
600022.SH,600022,20251209,91504000,0,39329,A,B,15200,11000,
600022.SH,600022,20251209,91504000,0,39351,A,S,15800,20300,
600022.SH,600022,20251209,91504000,0,39362,A,B,15100,14700,
600022.SH,600022,20251209,91504000,0,39472,A,B,15100,376000,
600022.SH,600022,20251209,91504000,0,39514,A,B,15100,5000,
600022.SH,600022,20251209,91504000,0,39515,A,B,15000,5000,
600022.SH,600022,20251209,91504000,0,39625,A,S,15500,2300,
600022.SH,600022,20251209,91504000,0,39747,A,S,15900,14700,
600022.SH,600022,20251209,91504000,0,39819,A,B,15100,200,
600022.SH,600022,20251209,91504000,0,39840,A,B,15000,200,
600022.SH,600022,20251209,91504140,0,40514,A,S,15500,1000,
600022.SH,600022,20251209,91504140,0,40525,A,S,16700,1000,
600022.SH,600022,20251209,91504140,0,40654,A,S,16600,1500,
600022.SH,600022,20251209,91504140,0,40806,A,S,16700,2000,
600022.SH,600022,20251209,91504140,0,40843,A,B,15200,6100,
600022.SH,600022,20251209,91504140,0,40844,A,B,15000,6100,
600022.SH,600022,20251209,91504140,0,40849,A,B,14800,6100,
600022.SH,600022,20251209,91504140,0,40885,A,S,16600,4000,
600022.SH,600022,20251209,91504140,0,41698,A,S,16700,500,
600022.SH,600022,20251209,91504140,0,41706,A,B,14300,500,
600022.SH,600022,20251209,91504140,0,41842,A,S,16700,10000,
600022.SH,600022,20251209,91504140,0,41931,A,S,16800,5100,
600022.SH,600022,20251209,91504140,0,42095,A,S,15900,1000,
600022.SH,600022,20251209,91504140,0,42131,A,S,15500,41100,
600022.SH,600022,20251209,91504140,0,42275,A,S,15400,20100,
600022.SH,600022,20251209,91504260,0,42316,A,S,15500,70000,
600022.SH,600022,20251209,91504260,0,42416,A,S,15600,15000,
600022.SH,600022,20251209,91504260,0,42669,A,S,16600,25000,
600022.SH,600022,20251209,91504260,0,42671,A,B,15100,30000,
600022.SH,600022,20251209,91504260,0,42684,A,B,14000,500,
600022.SH,600022,20251209,91504260,0,42754,A,S,15500,10000,
600022.SH,600022,20251209,91504260,0,42784,A,S,15700,5800,
600022.SH,600022,20251209,91504310,0,42861,A,S,16800,2000,
600022.SH,600022,20251209,91504310,0,42942,A,S,15500,1000,
600022.SH,600022,20251209,91504310,0,43042,A,S,15700,1000,
600022.SH,600022,20251209,91504310,0,43132,A,S,15400,50000,
600022.SH,600022,20251209,91504310,0,43134,A,B,14900,4900,
600022.SH,600022,20251209,91504310,0,43372,A,S,15800,100,
600022.SH,600022,20251209,91504310,0,43397,A,B,15000,3000,
600022.SH,600022,20251209,91504310,0,43681,A,B,14500,14000,
600022.SH,600022,20251209,91504310,0,43727,A,S,15800,4100,
600022.SH,600022,20251209,91504310,0,43842,A,B,15100,10000,
600022.SH,600022,20251209,91504310,0,44646,A,S,15700,20000,
600022.SH,600022,20251209,91504460,0,45252,A,S,15900,6000,
600022.SH,600022,20251209,91504460,0,45732,A,S,15600,117000,
600022.SH,600022,20251209,91504460,0,46575,A,B,15200,55000,
600022.SH,600022,20251209,91504610,0,46829,A,S,15500,2000,
600022.SH,600022,20251209,91504610,0,46830,A,S,15500,9100,
600022.SH,600022,20251209,91504610,0,47084,A,B,15000,328800,
600022.SH,600022,20251209,91504610,0,47141,A,B,15000,203000,
600022.SH,600022,20251209,91504610,0,47149,A,B,15100,328800,
600022.SH,600022,20251209,91504610,0,47177,A,B,15200,328800,
600022.SH,600022,20251209,91504610,0,47323,A,B,15200,10000,
600022.SH,600022,20251209,91504610,0,47341,A,S,15400,10000,
600022.SH,600022,20251209,91504610,0,47362,A,S,15500,20000,
600022.SH,600022,20251209,91504610,0,47363,A,S,15700,40000,
600022.SH,600022,20251209,91504610,0,47384,A,S,16100,60000,
600022.SH,600022,20251209,91504610,0,47404,A,S,16300,70000,
600022.SH,600022,20251209,91504610,0,47434,A,B,15200,19900,
600022.SH,600022,20251209,91504610,0,47602,A,S,15500,18500,
600022.SH,600022,20251209,91504610,0,47620,A,S,16800,150000,
600022.SH,600022,20251209,91504610,0,47757,A,S,15500,8500,
600022.SH,600022,20251209,91504610,0,48083,A,S,15800,10000,
600022.SH,600022,20251209,91504610,0,48286,A,B,15200,10000,
600022.SH,600022,20251209,91504610,0,48310,A,B,15100,10000,
600022.SH,600022,20251209,91504610,0,48311,A,B,15000,10000,
600022.SH,600022,20251209,91504610,0,48331,A,S,15600,10000,
600022.SH,600022,20251209,91504610,0,48608,A,B,15100,10000,
600022.SH,600022,20251209,91504610,0,48744,A,B,15200,100,
600022.SH,600022,20251209,91504610,0,48745,A,B,15100,100,
600022.SH,600022,20251209,91504750,0,49079,A,S,16500,50000,
600022.SH,600022,20251209,91504750,0,49619,A,S,15600,2000,
600022.SH,600022,20251209,91504750,0,50451,A,B,14700,48000,
600022.SH,600022,20251209,91504750,0,50638,A,S,15700,20000,
600022.SH,600022,20251209,91504900,0,51339,A,B,15200,20000,
600022.SH,600022,20251209,91504900,0,51346,A,S,15500,20000,
600022.SH,600022,20251209,91504900,0,51485,A,S,16200,500,
600022.SH,600022,20251209,91504900,0,51570,A,S,16800,300,
600022.SH,600022,20251209,91504900,0,51657,A,B,15200,50000,
600022.SH,600022,20251209,91504900,0,51662,A,B,15000,50000,
600022.SH,600022,20251209,91504900,0,52105,A,S,16800,500,
600022.SH,600022,20251209,91504900,0,52262,A,S,16700,40900,
600022.SH,600022,20251209,91504900,0,52266,A,S,16800,13000,
600022.SH,600022,20251209,91504900,0,52399,A,S,15800,34800,
600022.SH,600022,20251209,91504900,0,52681,A,S,16600,10000,
600022.SH,600022,20251209,91505050,0,53114,A,B,15100,40200,
600022.SH,600022,20251209,91505050,0,53170,A,S,16500,10000,
600022.SH,600022,20251209,91505050,0,53593,A,B,15300,100,
600022.SH,600022,20251209,91505050,0,53708,A,S,16800,3000,
600022.SH,600022,20251209,91505050,0,53872,A,S,16800,2600,
600022.SH,600022,20251209,91505050,0,53932,A,B,15200,50000,
600022.SH,600022,20251209,91505050,0,54007,A,B,15200,50000,
600022.SH,600022,20251209,91505050,0,54008,A,B,15100,50000,
600022.SH,600022,20251209,91505050,0,54020,A,B,15100,50000,
600022.SH,600022,20251209,91505050,0,54410,A,S,16800,200,
600022.SH,600022,20251209,91505050,0,54422,A,S,16800,3800,
600022.SH,600022,20251209,91505050,0,54466,A,S,15400,50000,
600022.SH,600022,20251209,91505050,0,54480,A,S,15400,50000,
600022.SH,600022,20251209,91505050,0,54568,A,S,15500,25000,
600022.SH,600022,20251209,91505050,0,54703,A,S,15600,30000,
600022.SH,600022,20251209,91505190,0,54765,A,S,15700,40000,
600022.SH,600022,20251209,91505190,0,54808,A,S,15700,1000,
600022.SH,600022,20251209,91505190,0,54816,A,B,14300,25000,
600022.SH,600022,20251209,91505190,0,54875,A,S,15900,1000,
600022.SH,600022,20251209,91505190,0,54883,A,S,15500,10500,
600022.SH,600022,20251209,91505190,0,54920,A,S,15800,50000,
600022.SH,600022,20251209,91505190,0,54996,A,S,15900,1000,
600022.SH,600022,20251209,91505190,0,55425,A,B,14200,163600,
600022.SH,600022,20251209,91505190,0,55888,A,B,15100,15000,
600022.SH,600022,20251209,91505190,0,55889,A,B,15200,10000,
600022.SH,600022,20251209,91505190,0,56007,A,S,15300,6600,
600022.SH,600022,20251209,91505190,0,56540,A,B,15300,2000,
600022.SH,600022,20251209,91505190,0,56675,A,S,15700,50000,
600022.SH,600022,20251209,91505320,0,56700,A,S,15800,50000,
600022.SH,600022,20251209,91505320,0,56701,A,S,15900,50000,
600022.SH,600022,20251209,91505320,0,56734,A,S,16000,50000,
600022.SH,600022,20251209,91505320,0,56735,A,S,16100,50000,
600022.SH,600022,20251209,91505320,0,56763,A,S,16200,50000,
600022.SH,600022,20251209,91505320,0,56764,A,S,16300,50000,
600022.SH,600022,20251209,91505320,0,56790,A,S,16400,50000,
600022.SH,600022,20251209,91505320,0,56791,A,S,16500,50000,
600022.SH,600022,20251209,91505320,0,56822,A,S,16600,50000,
600022.SH,600022,20251209,91505320,0,56845,A,S,16700,100000,
600022.SH,600022,20251209,91505320,0,56868,A,S,16800,150000,
600022.SH,600022,20251209,91505320,0,56874,A,B,15200,49700,
600022.SH,600022,20251209,91505320,0,56906,A,S,15400,216000,
600022.SH,600022,20251209,91505320,0,56938,A,S,15300,4900,
600022.SH,600022,20251209,91505320,0,57283,A,B,14800,10000,
600022.SH,600022,20251209,91505320,0,57325,A,S,15600,5000,
600022.SH,600022,20251209,91505320,0,57586,A,S,15500,50000,
600022.SH,600022,20251209,91505320,0,57659,A,B,15200,10200,
600022.SH,600022,20251209,91505320,0,57695,A,S,16700,13900,
600022.SH,600022,20251209,91505320,0,57758,A,S,15500,50000,
600022.SH,600022,20251209,91505400,0,58306,A,S,15400,10000,
600022.SH,600022,20251209,91505400,0,58423,A,B,15000,19100,
600022.SH,600022,20251209,91505400,0,58754,A,S,16800,19400,
600022.SH,600022,20251209,91505400,0,58800,A,S,15500,42100,
600022.SH,600022,20251209,91505400,0,58810,A,S,15600,42100,
600022.SH,600022,20251209,91505400,0,58899,A,B,14900,3000,
600022.SH,600022,20251209,91505400,0,58906,A,B,14600,3000,
600022.SH,600022,20251209,91505400,0,58961,A,S,16800,5000,
600022.SH,600022,20251209,91505400,0,58970,A,S,16600,5000,
600022.SH,600022,20251209,91505400,0,58971,A,S,16400,5000,
600022.SH,600022,20251209,91505400,0,58978,A,S,16200,5000,
600022.SH,600022,20251209,91505400,0,58987,A,S,16000,4000,
600022.SH,600022,20251209,91505400,0,58993,A,S,15800,4000,
600022.SH,600022,20251209,91505400,0,59174,A,S,15500,10000,
600022.SH,600022,20251209,91505400,0,59204,A,S,15900,34900,
600022.SH,600022,20251209,91505400,0,59496,A,B,15000,50000,
600022.SH,600022,20251209,91505400,0,59629,A,B,15000,50000,
600022.SH,600022,20251209,91505400,0,59630,A,B,15100,20000,
600022.SH,600022,20251209,91505400,0,59683,A,B,15000,13300,
600022.SH,600022,20251209,91505400,0,59771,A,S,15400,103100,
600022.SH,600022,20251209,91505400,0,59885,A,B,14900,50000,
600022.SH,600022,20251209,91505400,0,59922,A,S,15900,19400,
600022.SH,600022,20251209,91505570,0,59969,A,B,14900,50000,
600022.SH,600022,20251209,91505570,0,59986,A,B,14900,1500,
600022.SH,600022,20251209,91505570,0,60149,A,S,15600,3000,
600022.SH,600022,20251209,91505570,0,60211,A,B,15000,1000,
600022.SH,600022,20251209,91505570,0,60235,A,S,16800,2500,
600022.SH,600022,20251209,91505570,0,60566,A,B,15000,200,
600022.SH,600022,20251209,91505570,0,60744,A,S,15500,15700,
600022.SH,600022,20251209,91505570,0,60766,A,S,15400,3000,
600022.SH,600022,20251209,91505570,0,60806,A,S,15500,500,
600022.SH,600022,20251209,91505570,0,61017,A,B,15100,500,
600022.SH,600022,20251209,91505570,0,61410,A,S,15400,24000,
600022.SH,600022,20251209,91505570,0,61454,A,B,15100,24000,
600022.SH,600022,20251209,91505570,0,61616,A,B,15200,12000,
600022.SH,600022,20251209,91505570,0,61781,A,S,15500,12000,
600022.SH,600022,20251209,91505570,0,61840,A,S,16800,10000,
600022.SH,600022,20251209,91505570,0,61841,A,S,16700,10000,
600022.SH,600022,20251209,91505570,0,61842,A,S,16600,10000,
600022.SH,600022,20251209,91505570,0,61843,A,S,16300,10000,
600022.SH,600022,20251209,91505570,0,61918,A,B,15200,8000,
600022.SH,600022,20251209,91505710,0,61921,A,B,15000,6400,
600022.SH,600022,20251209,91505710,0,61924,A,S,15600,8000,
600022.SH,600022,20251209,91505710,0,61940,A,S,15800,8000,
600022.SH,600022,20251209,91505710,0,61969,A,S,16800,2000,
600022.SH,600022,20251209,91505710,0,62021,A,B,15200,84300,
600022.SH,600022,20251209,91505710,0,62044,A,S,16000,11100,
600022.SH,600022,20251209,91505710,0,62059,A,S,16100,5000,
600022.SH,600022,20251209,91505710,0,62216,A,S,15400,6500,
600022.SH,600022,20251209,91505710,0,62460,A,S,15600,47000,
600022.SH,600022,20251209,91505710,0,63095,A,B,15100,18500,
600022.SH,600022,20251209,91505710,0,63096,A,S,15500,13600,
600022.SH,600022,20251209,91505710,0,63097,A,S,15600,13600,
600022.SH,600022,20251209,91505710,0,63098,A,S,15800,13700,
600022.SH,600022,20251209,91505710,0,63705,A,S,15500,5000,
600022.SH,600022,20251209,91505710,0,63706,A,B,15000,8000,
600022.SH,600022,20251209,91505860,0,63955,A,B,15000,42900,
600022.SH,600022,20251209,91505860,0,64209,A,S,16500,22300,
600022.SH,600022,20251209,91505860,0,64218,A,S,16300,14800,
600022.SH,600022,20251209,91505860,0,64323,A,S,15700,500,
600022.SH,600022,20251209,91505860,0,64702,A,S,15800,8600,
600022.SH,600022,20251209,91505860,0,64963,A,S,15400,2000,
600022.SH,600022,20251209,91505860,0,65239,A,B,15100,9100,
600022.SH,600022,20251209,91505860,0,65255,A,B,15000,19000,
600022.SH,600022,20251209,91505860,0,65298,A,S,16500,11100,
600022.SH,600022,20251209,91505860,0,65335,A,B,15200,13100,
600022.SH,600022,20251209,91505860,0,65586,A,S,15500,3000,
600022.SH,600022,20251209,91505860,0,65587,A,S,15900,3000,
600022.SH,600022,20251209,91505860,0,65654,A,S,15600,2000,
600022.SH,600022,20251209,91505860,0,65833,A,S,15500,1300,
600022.SH,600022,20251209,91505860,0,65856,A,S,16000,7900,
600022.SH,600022,20251209,91505990,0,66195,A,S,16100,1000,
600022.SH,600022,20251209,91505990,0,66394,A,S,16700,10000,
600022.SH,600022,20251209,91505990,0,66482,A,S,16700,100000,
600022.SH,600022,20251209,91505990,0,66488,A,S,16700,100000,
600022.SH,600022,20251209,91505990,0,66861,A,S,15400,6700,
600022.SH,600022,20251209,91505990,0,67111,A,S,15500,5000,
600022.SH,600022,20251209,91505990,0,67120,A,B,15100,10000,
600022.SH,600022,20251209,91505990,0,67656,A,B,15100,10000,
600022.SH,600022,20251209,91505990,0,67671,A,B,15200,10000,
600022.SH,600022,20251209,91505990,0,67679,A,S,15500,10000,
600022.SH,600022,20251209,91506130,0,67871,A,S,15800,10000,
600022.SH,600022,20251209,91506130,0,67955,A,S,16800,7000,
600022.SH,600022,20251209,91506130,0,68091,A,S,15400,13500,
600022.SH,600022,20251209,91506130,0,68108,A,B,14000,2000,
600022.SH,600022,20251209,91506130,0,68648,A,B,15200,2000,
600022.SH,600022,20251209,91506130,0,68701,A,S,16800,30000,
600022.SH,600022,20251209,91506130,0,68704,A,B,14800,8000,
600022.SH,600022,20251209,91506130,0,68957,A,B,15000,10000,
600022.SH,600022,20251209,91506130,0,69282,A,B,14900,617800,
600022.SH,600022,20251209,91506130,0,69401,A,S,16800,3900,
600022.SH,600022,20251209,91506130,0,69437,A,S,15600,30000,
600022.SH,600022,20251209,91506130,0,69444,A,S,15900,50000,
600022.SH,600022,20251209,91506130,0,69452,A,S,16500,80000,
600022.SH,600022,20251209,91506130,0,69455,A,S,16700,90000,
600022.SH,600022,20251209,91506130,0,69460,A,S,16800,100000,
600022.SH,600022,20251209,91506130,0,69464,A,S,16700,200,
600022.SH,600022,20251209,91506260,0,70361,A,B,14900,10000,
600022.SH,600022,20251209,91506260,0,70610,A,S,16800,5000,
600022.SH,600022,20251209,91506260,0,70648,A,S,16600,1700,
600022.SH,600022,20251209,91506260,0,70683,A,B,14600,1800,
600022.SH,600022,20251209,91506260,0,70729,A,B,15100,9300,
600022.SH,600022,20251209,91506260,0,70779,A,B,15100,10000,
600022.SH,600022,20251209,91506260,0,71098,A,S,15400,2000,
600022.SH,600022,20251209,91506260,0,71394,A,S,15700,1500,
600022.SH,600022,20251209,91506260,0,71634,A,S,15800,23000,
600022.SH,600022,20251209,91506420,0,72187,A,S,15700,6200,
600022.SH,600022,20251209,91506420,0,72264,A,B,15200,30000,
600022.SH,600022,20251209,91506420,0,72280,A,S,15500,10000,
600022.SH,600022,20251209,91506420,0,72287,A,B,15100,20000,
600022.SH,600022,20251209,91506420,0,72458,A,S,16800,9000,
600022.SH,600022,20251209,91506420,0,72971,A,S,15400,600,
600022.SH,600022,20251209,91506420,0,73028,A,B,13800,200,
600022.SH,600022,20251209,91506420,0,73030,A,S,16800,200,
600022.SH,600022,20251209,91506420,0,73042,A,S,15500,67900,
600022.SH,600022,20251209,91506420,0,73154,A,B,15000,6900,
600022.SH,600022,20251209,91506570,0,73988,A,B,15100,6000,
600022.SH,600022,20251209,91506570,0,74224,A,S,16600,200,
600022.SH,600022,20251209,91506570,0,75130,A,S,15700,1600,
600022.SH,600022,20251209,91506570,0,75141,A,B,15100,13600,
600022.SH,600022,20251209,91506570,0,75170,A,S,15800,11900,
600022.SH,600022,20251209,91506570,0,75183,A,S,16800,3200,
600022.SH,600022,20251209,91506570,0,75223,A,S,16800,6000,
600022.SH,600022,20251209,91506570,0,75233,A,B,15000,50000,
600022.SH,600022,20251209,91506570,0,75234,A,S,15500,50000,
600022.SH,600022,20251209,91506570,0,75312,A,S,15400,20000,
600022.SH,600022,20251209,91506570,0,75622,A,S,15200,200,
600022.SH,600022,20251209,91506570,0,75710,A,B,15100,2000,
600022.SH,600022,20251209,91506570,0,75745,A,B,15000,2000,
600022.SH,600022,20251209,91506720,0,75817,A,B,14800,10200,
600022.SH,600022,20251209,91506720,0,75823,A,S,16800,200,
600022.SH,600022,20251209,91506720,0,75825,A,S,16700,100,
600022.SH,600022,20251209,91506720,0,75826,A,B,13800,100,
600022.SH,600022,20251209,91506720,0,75846,A,S,15900,3000,
600022.SH,600022,20251209,91506720,0,76077,A,B,15200,50000,
600022.SH,600022,20251209,91506720,0,76336,A,S,15600,2000,
600022.SH,600022,20251209,91506720,0,76338,A,S,16800,200,
600022.SH,600022,20251209,91506720,0,76339,A,S,15900,2000,
600022.SH,600022,20251209,91506720,0,76343,A,B,15000,2000,
600022.SH,600022,20251209,91506720,0,76423,A,S,16800,200,
600022.SH,600022,20251209,91506720,0,76432,A,S,16700,100,
600022.SH,600022,20251209,91506720,0,76444,A,B,13800,100,
600022.SH,600022,20251209,91506720,0,76449,A,B,13900,100,
600022.SH,600022,20251209,91506720,0,76457,A,B,14000,100,
600022.SH,600022,20251209,91506720,0,76460,A,B,14300,100,
600022.SH,600022,20251209,91506720,0,76479,A,B,15200,4000,
600022.SH,600022,20251209,91506720,0,76489,A,S,16000,36000,
600022.SH,600022,20251209,91506720,0,76714,A,S,15500,19900,
600022.SH,600022,20251209,91506720,0,76822,A,B,14900,6400,
600022.SH,600022,20251209,91506720,0,76843,A,B,15100,60000,
600022.SH,600022,20251209,91506720,0,76846,A,B,15200,20000,
600022.SH,600022,20251209,91506720,0,76864,A,B,15100,60000,
600022.SH,600022,20251209,91506720,0,77286,A,B,15100,4800,
600022.SH,600022,20251209,91506720,0,77451,A,S,16800,10000,
600022.SH,600022,20251209,91506720,0,77633,A,S,16600,300000,
600022.SH,600022,20251209,91506720,0,77648,A,S,16600,200000,
600022.SH,600022,20251209,91506720,0,77655,A,S,16200,2000,
600022.SH,600022,20251209,91506720,0,77658,A,S,16500,2000,
600022.SH,600022,20251209,91506860,0,77838,A,B,15100,33700,
600022.SH,600022,20251209,91506860,0,77926,A,S,16200,18000,
600022.SH,600022,20251209,91506860,0,78199,A,S,15400,15000,
600022.SH,600022,20251209,91506860,0,78289,A,B,15200,15000,
600022.SH,600022,20251209,91506860,0,78333,A,B,15200,15000,
600022.SH,600022,20251209,91506860,0,78371,A,B,15100,9600,
600022.SH,600022,20251209,91506860,0,78583,A,S,15600,1000,
600022.SH,600022,20251209,91506860,0,78599,A,S,15700,1000,
600022.SH,600022,20251209,91506860,0,78613,A,S,15800,1000,
600022.SH,600022,20251209,91506860,0,78642,A,B,15000,30000,
600022.SH,600022,20251209,91506860,0,78657,A,B,14800,18000,
600022.SH,600022,20251209,91506860,0,78671,A,S,15900,1000,
600022.SH,600022,20251209,91506860,0,78686,A,S,16800,10000,
600022.SH,600022,20251209,91506860,0,78688,A,S,15400,10000,
600022.SH,600022,20251209,91506860,0,78721,A,S,15600,3000,
600022.SH,600022,20251209,91506860,0,78737,A,B,15000,5000,
600022.SH,600022,20251209,91506860,0,78754,A,B,15000,3000,
600022.SH,600022,20251209,91506860,0,78775,A,B,14500,1000,
600022.SH,600022,20251209,91506860,0,78789,A,B,14400,1000,
600022.SH,600022,20251209,91506860,0,78791,A,S,15500,10000,
600022.SH,600022,20251209,91506860,0,78805,A,B,14300,1000,
600022.SH,600022,20251209,91506860,0,78937,A,S,15700,2500,
600022.SH,600022,20251209,91506860,0,79108,A,B,13800,6000,
600022.SH,600022,20251209,91506860,0,79155,A,S,15300,1000,
600022.SH,600022,20251209,91506860,0,79168,A,B,15000,40000,
600022.SH,600022,20251209,91506860,0,79203,A,S,15700,100000,
600022.SH,600022,20251209,91506860,0,79214,A,B,15300,100,
600022.SH,600022,20251209,91506860,0,79264,A,B,15200,56300,
600022.SH,600022,20251209,91506860,0,79411,A,B,15100,20000,
600022.SH,600022,20251209,91506860,0,79480,A,B,15200,10100,
600022.SH,600022,20251209,91506860,0,79549,A,S,15500,5900,
600022.SH,600022,20251209,91506860,0,79577,A,S,15500,11000,
600022.SH,600022,20251209,91506860,0,79635,A,B,15100,5000,
600022.SH,600022,20251209,91507010,0,79905,A,B,15100,10000,
600022.SH,600022,20251209,91507010,0,80049,A,B,14900,10000,
600022.SH,600022,20251209,91507010,0,80665,A,S,15500,3300,
600022.SH,600022,20251209,91507010,0,80691,A,S,15900,224100,
600022.SH,600022,20251209,91507010,0,80973,A,B,15100,4500,
600022.SH,600022,20251209,91507010,0,81011,A,S,15400,14500,
600022.SH,600022,20251209,91507010,0,81020,A,B,15100,72200,
600022.SH,600022,20251209,91507010,0,81192,A,B,15100,10000,
600022.SH,600022,20251209,91507010,0,81566,A,B,15000,10000,
600022.SH,600022,20251209,91507010,0,81567,A,B,15100,10000,
600022.SH,600022,20251209,91507010,0,81639,A,S,16800,30000,
600022.SH,600022,20251209,91507150,0,82017,A,S,15500,10000,
600022.SH,600022,20251209,91507150,0,82046,A,S,16500,3200,
600022.SH,600022,20251209,91507150,0,82213,A,S,15700,1000,
600022.SH,600022,20251209,91507150,0,82308,A,S,16800,200,
600022.SH,600022,20251209,91507150,0,82408,A,S,16800,15000,
600022.SH,600022,20251209,91507150,0,82471,A,B,15000,14100,
600022.SH,600022,20251209,91507150,0,82631,A,B,14800,14400,
600022.SH,600022,20251209,91507150,0,82656,A,B,15200,5000,
600022.SH,600022,20251209,91507150,0,83308,A,B,14000,600,
600022.SH,600022,20251209,91507150,0,83487,A,S,15700,4000,
600022.SH,600022,20251209,91507150,0,83566,A,B,15100,800,
600022.SH,600022,20251209,91507300,0,83778,A,S,16700,100,
600022.SH,600022,20251209,91507300,0,83781,A,S,16500,100,
600022.SH,600022,20251209,91507300,0,83815,A,S,15600,13600,
600022.SH,600022,20251209,91507300,0,83998,A,B,14000,2000,
600022.SH,600022,20251209,91507300,0,84360,A,B,15100,3000,
600022.SH,600022,20251209,91507300,0,84399,A,S,15500,200,
600022.SH,600022,20251209,91507300,0,84403,A,S,15700,200,
600022.SH,600022,20251209,91507300,0,84406,A,S,15900,200,
600022.SH,600022,20251209,91507300,0,84411,A,S,16100,200,
600022.SH,600022,20251209,91507300,0,84413,A,S,16800,5000,
600022.SH,600022,20251209,91507300,0,84417,A,S,16300,200,
600022.SH,600022,20251209,91507300,0,84420,A,S,16500,200,
600022.SH,600022,20251209,91507300,0,84422,A,S,16700,200,
600022.SH,600022,20251209,91507300,0,84429,A,S,16800,7000,
600022.SH,600022,20251209,91507300,0,84434,A,S,16800,3600,
600022.SH,600022,20251209,91507300,0,84608,A,S,15700,31000,
600022.SH,600022,20251209,91507300,0,84765,A,S,16800,2300,
600022.SH,600022,20251209,91507300,0,84781,A,S,15700,20000,
600022.SH,600022,20251209,91507300,0,84946,A,S,15600,400,
600022.SH,600022,20251209,91507300,0,85091,A,S,16000,100,
600022.SH,600022,20251209,91507300,0,85198,A,S,16800,100,
600022.SH,600022,20251209,91507300,0,85205,A,S,16600,100,
600022.SH,600022,20251209,91507300,0,85257,A,B,15200,12500,
600022.SH,600022,20251209,91507300,0,85263,A,S,16800,1000,
600022.SH,600022,20251209,91507300,0,85331,A,B,15200,561100,
600022.SH,600022,20251209,91507300,0,85334,A,B,15000,561100,
600022.SH,600022,20251209,91507300,0,85341,A,S,15500,561200,
600022.SH,600022,20251209,91507450,0,85743,A,S,15400,30000,
600022.SH,600022,20251209,91507450,0,85779,A,B,15100,30000,
600022.SH,600022,20251209,91507450,0,86135,A,S,15400,5000,
600022.SH,600022,20251209,91507450,0,86149,A,S,15500,5000,
600022.SH,600022,20251209,91507450,0,86150,A,B,15200,5000,
600022.SH,600022,20251209,91507450,0,86612,A,S,15400,13600,
600022.SH,600022,20251209,91507450,0,86822,A,S,15700,30000,
600022.SH,600022,20251209,91507450,0,86861,A,S,15500,5000,
600022.SH,600022,20251209,91507450,0,87131,A,B,15100,50000,
600022.SH,600022,20251209,91507450,0,87185,A,S,16100,141000,
600022.SH,600022,20251209,91507450,0,87369,A,B,14900,900,
600022.SH,600022,20251209,91507450,0,87579,A,B,15200,1100,
600022.SH,600022,20251209,91507600,0,87744,A,S,15200,100,
600022.SH,600022,20251209,91507600,0,88682,A,S,15800,3600,
600022.SH,600022,20251209,91507600,0,88719,A,S,15700,6500,
600022.SH,600022,20251209,91507600,0,88727,A,B,14800,600,
600022.SH,600022,20251209,91507600,0,88873,A,S,16800,10000,
600022.SH,600022,20251209,91507600,0,88997,A,B,15100,10000,
600022.SH,600022,20251209,91507600,0,89047,A,S,16300,1200,
600022.SH,600022,20251209,91507600,0,89048,A,S,16600,1300,
600022.SH,600022,20251209,91507600,0,89483,A,S,16000,500,
600022.SH,600022,20251209,91507740,0,89805,A,B,14000,1000,
600022.SH,600022,20251209,91507740,0,89806,A,S,15400,3000,
600022.SH,600022,20251209,91507740,0,90000,A,S,16800,1400,
600022.SH,600022,20251209,91507800,0,90710,A,B,14500,10100,
600022.SH,600022,20251209,91507800,0,90799,A,B,14500,100,
600022.SH,600022,20251209,91507800,0,90812,A,B,14900,20200,
600022.SH,600022,20251209,91507860,0,91230,A,B,15000,213400,
600022.SH,600022,20251209,91507860,0,91566,A,S,16200,5000,
600022.SH,600022,20251209,91507860,0,92345,A,S,16600,9000,
600022.SH,600022,20251209,91508020,0,93739,A,B,14500,400,
600022.SH,600022,20251209,91508020,0,93786,A,B,14100,500,
600022.SH,600022,20251209,91508020,0,93815,A,B,14000,700,
600022.SH,600022,20251209,91508020,0,94281,A,B,13800,13000,
600022.SH,600022,20251209,91508020,0,94321,A,S,16800,59200,
600022.SH,600022,20251209,91508020,0,94467,A,S,15600,1000000,
600022.SH,600022,20251209,91508020,0,94495,A,S,16800,6300,
600022.SH,600022,20251209,91508020,0,94543,A,S,15700,2700,
600022.SH,600022,20251209,91508180,0,95123,A,B,14600,10000,
600022.SH,600022,20251209,91508180,0,95196,A,S,15600,41600,
600022.SH,600022,20251209,91508180,0,95256,A,S,16800,100,
600022.SH,600022,20251209,91508180,0,96051,A,S,15800,6000,
600022.SH,600022,20251209,91508180,0,96164,A,S,16000,2000,
600022.SH,600022,20251209,91508180,0,96441,A,S,15600,25000,
600022.SH,600022,20251209,91508180,0,96442,A,B,14800,10000,
600022.SH,600022,20251209,91508180,0,96482,A,B,14900,4000,
600022.SH,600022,20251209,91508180,0,96483,A,B,14800,4000,
600022.SH,600022,20251209,91508330,0,97205,A,S,15800,10000,
600022.SH,600022,20251209,91508330,0,97528,A,S,15700,10000,
600022.SH,600022,20251209,91508330,0,97812,A,S,15400,3000,
600022.SH,600022,20251209,91508330,0,98006,A,S,16800,10000,
600022.SH,600022,20251209,91508330,0,98029,A,S,16200,7100,
600022.SH,600022,20251209,91508330,0,98030,A,S,16500,8000,
600022.SH,600022,20251209,91508330,0,98159,A,S,16600,2000,
600022.SH,600022,20251209,91508330,0,98199,A,S,16600,200,
600022.SH,600022,20251209,91508330,0,98359,A,S,15500,18000,
600022.SH,600022,20251209,91508330,0,98622,A,S,15800,1000,
600022.SH,600022,20251209,91508490,0,99107,A,B,13800,4300,
600022.SH,600022,20251209,91508490,0,99286,A,S,16600,2200,
600022.SH,600022,20251209,91508490,0,99537,A,B,15100,10000,
600022.SH,600022,20251209,91508490,0,99538,A,B,15200,10000,
600022.SH,600022,20251209,91508490,0,99539,A,S,15400,20000,
600022.SH,600022,20251209,91508490,0,99611,A,S,15500,10000,
600022.SH,600022,20251209,91508490,0,99845,A,S,16800,200,
600022.SH,600022,20251209,91508490,0,99988,A,B,15000,10000,
600022.SH,600022,20251209,91508490,0,100152,A,S,15800,2000,
600022.SH,600022,20251209,91508490,0,100290,A,S,15400,40000,
600022.SH,600022,20251209,91508490,0,100364,A,B,15200,26800,
600022.SH,600022,20251209,91508490,0,100496,A,B,15200,40000,
600022.SH,600022,20251209,91508490,0,100544,A,B,15100,211900,
600022.SH,600022,20251209,91508490,0,100612,A,B,15000,100,
600022.SH,600022,20251209,91508490,0,100612,D,B,15000,100,
600022.SH,600022,20251209,91508490,0,100629,A,S,16700,10000,
600022.SH,600022,20251209,91508490,0,100791,A,S,16800,10000,
600022.SH,600022,20251209,91508650,0,101147,A,S,16800,10000,
600022.SH,600022,20251209,91508650,0,101254,A,B,14800,1000,
600022.SH,600022,20251209,91508650,0,101260,A,S,16800,5400,
600022.SH,600022,20251209,91508650,0,101314,A,B,15100,50000,
600022.SH,600022,20251209,91508650,0,101399,A,B,13800,243500,
600022.SH,600022,20251209,91508650,0,101789,A,S,16600,8000,
600022.SH,600022,20251209,91508650,0,102231,A,S,16800,3500,
600022.SH,600022,20251209,91508650,0,102367,A,S,15900,56900,
600022.SH,600022,20251209,91508650,0,102578,A,B,14900,5000,
600022.SH,600022,20251209,91508650,0,102596,A,B,15000,33800,
600022.SH,600022,20251209,91508650,0,102714,A,S,16000,900,
600022.SH,600022,20251209,91508820,0,102979,A,S,15900,500,
600022.SH,600022,20251209,91508820,0,102980,A,S,16800,500,
600022.SH,600022,20251209,91508820,0,103294,A,S,15500,5700,
600022.SH,600022,20251209,91508820,0,104405,A,S,16500,30000,
600022.SH,600022,20251209,91508820,0,104649,A,S,15500,6000,
600022.SH,600022,20251209,91508820,0,104650,A,S,15700,6000,
600022.SH,600022,20251209,91508820,0,104651,A,S,15900,6000,
600022.SH,600022,20251209,91508820,0,104652,A,B,15100,10000,
600022.SH,600022,20251209,91508980,0,105022,A,S,15400,5000,
600022.SH,600022,20251209,91508980,0,105023,A,S,15500,5000,
600022.SH,600022,20251209,91508980,0,105024,A,S,15600,5000,
600022.SH,600022,20251209,91508980,0,105025,A,S,15700,5000,
600022.SH,600022,20251209,91508980,0,105026,A,S,15800,5000,
600022.SH,600022,20251209,91508980,0,105115,A,B,15200,5000,
600022.SH,600022,20251209,91508980,0,105116,A,B,15100,5000,
600022.SH,600022,20251209,91508980,0,105117,A,B,15000,5000,
600022.SH,600022,20251209,91508980,0,105199,A,S,15700,3200,
600022.SH,600022,20251209,91508980,0,105294,A,B,15100,1000,
600022.SH,600022,20251209,91508980,0,105336,A,B,15300,3000,
600022.SH,600022,20251209,91508980,0,105389,A,S,15700,549100,
600022.SH,600022,20251209,91508980,0,105420,A,B,15000,10000,
600022.SH,600022,20251209,91508980,0,105421,A,B,15100,10000,
600022.SH,600022,20251209,91508980,0,105593,A,B,14300,30000,
600022.SH,600022,20251209,91508980,0,106402,A,B,15100,20000,
600022.SH,600022,20251209,91508980,0,106595,A,B,14100,5000,
600022.SH,600022,20251209,91509130,0,107882,A,S,15400,20000,
600022.SH,600022,20251209,91509130,0,107885,A,S,15700,25000,
600022.SH,600022,20251209,91509130,0,108358,A,S,15300,59500,
600022.SH,600022,20251209,91509130,0,108362,A,S,15400,59500,
600022.SH,600022,20251209,91509130,0,108363,A,S,15300,59500,
600022.SH,600022,20251209,91509130,0,108364,A,B,15100,42400,
600022.SH,600022,20251209,91509130,0,108519,A,S,16000,600,
600022.SH,600022,20251209,91509270,0,108845,A,S,16100,17000,
600022.SH,600022,20251209,91509270,0,108927,A,B,15100,42500,
600022.SH,600022,20251209,91509270,0,109099,A,B,14700,6300,
600022.SH,600022,20251209,91509270,0,109115,A,B,15200,5000,
600022.SH,600022,20251209,91509270,0,109325,A,S,16800,10300,
600022.SH,600022,20251209,91509270,0,109347,A,S,15400,1000,
600022.SH,600022,20251209,91509270,0,109373,A,B,14000,10000,
600022.SH,600022,20251209,91509270,0,109414,A,S,15400,10600,
600022.SH,600022,20251209,91509270,0,110144,A,S,16800,20000,
600022.SH,600022,20251209,91509270,0,110295,A,S,16800,3000,
600022.SH,600022,20251209,91509270,0,110601,A,S,15400,5000,
600022.SH,600022,20251209,91509430,0,110640,A,B,15100,2000,
600022.SH,600022,20251209,91509430,0,110716,A,S,16100,1000,
600022.SH,600022,20251209,91509430,0,110717,A,S,15700,3700,
600022.SH,600022,20251209,91509430,0,110738,A,S,15700,2000,
600022.SH,600022,20251209,91509430,0,110872,A,S,15600,10200,
600022.SH,600022,20251209,91509430,0,110929,A,S,16000,30000,
600022.SH,600022,20251209,91509430,0,110989,A,S,16800,50000,
600022.SH,600022,20251209,91509430,0,111128,A,S,16800,1000,
600022.SH,600022,20251209,91509430,0,111240,A,B,14900,1000,
600022.SH,600022,20251209,91509430,0,111577,A,S,15600,3000,
600022.SH,600022,20251209,91509430,0,111787,A,S,16500,3500,
600022.SH,600022,20251209,91509430,0,111802,A,B,14500,1000,
600022.SH,600022,20251209,91509430,0,111871,A,B,15200,20100,
600022.SH,600022,20251209,91509600,0,112617,A,S,15400,5000,
600022.SH,600022,20251209,91509600,0,112741,A,S,15800,6600,
600022.SH,600022,20251209,91509600,0,112804,A,S,15400,4000,
600022.SH,600022,20251209,91509600,0,113129,A,B,14900,100000,
600022.SH,600022,20251209,91509650,0,113584,A,S,15400,1000,
600022.SH,600022,20251209,91509650,0,113585,A,S,15600,1000,
600022.SH,600022,20251209,91509650,0,113586,A,S,15800,1000,
600022.SH,600022,20251209,91509650,0,113587,A,S,16000,1000,
600022.SH,600022,20251209,91509650,0,113588,A,S,16200,1000,
600022.SH,600022,20251209,91509650,0,113590,A,B,14700,1000,
600022.SH,600022,20251209,91509650,0,113591,A,B,14600,1000,
600022.SH,600022,20251209,91509650,0,113592,A,B,14500,1000,
600022.SH,600022,20251209,91509650,0,113593,A,B,14400,1000,
600022.SH,600022,20251209,91509650,0,113663,A,S,15600,3000,
600022.SH,600022,20251209,91509650,0,113666,A,B,15000,3000,
600022.SH,600022,20251209,91509650,0,113742,A,S,15600,4000,
600022.SH,600022,20251209,91509650,0,113899,A,S,16800,20000,
600022.SH,600022,20251209,91509650,0,113997,A,S,15800,4000,
600022.SH,600022,20251209,91509650,0,113998,A,B,14800,5400,
600022.SH,600022,20251209,91509650,0,114009,A,B,14600,5600,
600022.SH,600022,20251209,91509650,0,114010,A,B,14400,6100,
600022.SH,600022,20251209,91509650,0,114020,A,B,14200,6600,
600022.SH,600022,20251209,91509650,0,114021,A,B,14000,7100,
600022.SH,600022,20251209,91509650,0,114023,A,B,13800,7600,
600022.SH,600022,20251209,91509650,0,114064,A,B,15200,100000,
600022.SH,600022,20251209,91509650,0,114308,A,B,15000,2000,
600022.SH,600022,20251209,91509650,0,114309,A,S,15500,2000,
600022.SH,600022,20251209,91509650,0,114567,A,B,15100,6100,
600022.SH,600022,20251209,91509650,0,115049,A,S,15500,1000000,
600022.SH,600022,20251209,91509650,0,115135,A,S,15800,1000,
600022.SH,600022,20251209,91509650,0,115140,A,S,15500,30000,
600022.SH,600022,20251209,91509810,0,115213,A,B,15200,100,
600022.SH,600022,20251209,91509810,0,115238,A,B,15100,10000,
600022.SH,600022,20251209,91509810,0,115242,A,S,16700,1000,
600022.SH,600022,20251209,91509810,0,115368,A,S,15800,3600,
600022.SH,600022,20251209,91509810,0,115430,A,B,15000,10000,
600022.SH,600022,20251209,91509810,0,115456,A,B,15100,100,
600022.SH,600022,20251209,91509810,0,115457,A,B,15000,100,
600022.SH,600022,20251209,91509810,0,115824,A,S,16800,100,
600022.SH,600022,20251209,91509810,0,115829,A,B,14300,300,
600022.SH,600022,20251209,91509810,0,116342,A,S,15500,16900,
600022.SH,600022,20251209,91509810,0,116343,A,B,14300,100,
600022.SH,600022,20251209,91509810,0,116445,A,S,15800,2000,
600022.SH,600022,20251209,91509810,0,116491,A,S,15500,7600,
600022.SH,600022,20251209,91509810,0,116804,A,B,13800,4300,
600022.SH,600022,20251209,91509810,0,116823,A,S,15300,60000,
600022.SH,600022,20251209,91509810,0,116946,A,S,16800,1000,
600022.SH,600022,20251209,91509970,0,117400,A,S,16800,1000,
600022.SH,600022,20251209,91509970,0,117519,A,B,14200,5000,
600022.SH,600022,20251209,91509970,0,117625,A,S,15500,20000,
600022.SH,600022,20251209,91509970,0,117701,A,S,15800,7500,
600022.SH,600022,20251209,91509970,0,117703,A,B,14000,5000,
600022.SH,600022,20251209,91509970,0,117916,A,S,15600,50000,
600022.SH,600022,20251209,91509970,0,117979,A,S,15800,1000,
600022.SH,600022,20251209,91509970,0,118195,A,S,15600,20000,
600022.SH,600022,20251209,91509970,0,118395,A,B,14000,500,
600022.SH,600022,20251209,91509970,0,118682,A,B,13800,200,
600022.SH,600022,20251209,91509970,0,118721,A,S,16800,50000,
600022.SH,600022,20251209,91509970,0,118835,A,S,15500,45000,
600022.SH,600022,20251209,91509970,0,119081,A,S,16800,5000,
600022.SH,600022,20251209,91510140,0,119120,A,S,15700,50000,
600022.SH,600022,20251209,91510140,0,119155,A,B,15100,19900,
600022.SH,600022,20251209,91510180,0,119347,A,S,16800,1000,
600022.SH,600022,20251209,91510180,0,119673,A,S,16000,50000,
600022.SH,600022,20251209,91510180,0,119680,A,S,16300,20000,
600022.SH,600022,20251209,91510180,0,119692,A,B,15100,2000,
600022.SH,600022,20251209,91510180,0,119783,A,S,15700,30000,
600022.SH,600022,20251209,91510180,0,120013,A,B,13800,18200,
600022.SH,600022,20251209,91510180,0,120016,A,S,15800,5100,
600022.SH,600022,20251209,91510180,0,120093,A,S,15600,7000,
600022.SH,600022,20251209,91510180,0,120354,A,B,15100,400,
600022.SH,600022,20251209,91510180,0,120355,A,B,15000,300,
600022.SH,600022,20251209,91510180,0,120363,A,B,14900,300,
600022.SH,600022,20251209,91510180,0,120364,A,B,14800,100,
600022.SH,600022,20251209,91510180,0,120367,A,B,15200,200,
600022.SH,600022,20251209,91510180,0,120972,A,S,16100,7100,
600022.SH,600022,20251209,91510180,0,121254,A,S,15400,200,
600022.SH,600022,20251209,91510350,0,121434,A,S,16800,1000,
600022.SH,600022,20251209,91510350,0,121640,A,S,15500,13100,
600022.SH,600022,20251209,91510510,0,123374,A,S,15800,10000,
600022.SH,600022,20251209,91510510,0,123622,A,B,15000,10000,
600022.SH,600022,20251209,91510510,0,123676,A,B,15100,10000,
600022.SH,600022,20251209,91510510,0,124166,A,S,15800,2000,
600022.SH,600022,20251209,91510510,0,124745,A,B,15100,1000000,
600022.SH,600022,20251209,91510510,0,125166,A,B,13800,148000,
600022.SH,600022,20251209,91510670,0,125726,A,S,15300,100,
600022.SH,600022,20251209,91510670,0,125839,A,S,16800,6000,
600022.SH,600022,20251209,91510670,0,125895,A,S,16600,2000,
600022.SH,600022,20251209,91510670,0,126167,A,B,15000,10000,
600022.SH,600022,20251209,91510670,0,126181,A,S,15500,20000,
600022.SH,600022,20251209,91510670,0,126351,A,B,15200,130000,
600022.SH,600022,20251209,91510670,0,126478,A,B,14900,5000,
600022.SH,600022,20251209,91510670,0,126811,A,B,15200,10000,
600022.SH,600022,20251209,91510670,0,127047,A,S,16700,300,
600022.SH,600022,20251209,91510840,0,127362,A,S,16800,2000,
600022.SH,600022,20251209,91510840,0,127504,A,S,15500,12100,
600022.SH,600022,20251209,91510840,0,127505,A,S,15600,12200,
600022.SH,600022,20251209,91510840,0,127520,A,S,16800,1200,
600022.SH,600022,20251209,91510840,0,127686,A,B,14700,1000,
600022.SH,600022,20251209,91510840,0,128264,A,S,16800,10000,
600022.SH,600022,20251209,91510840,0,129028,A,B,15100,3000,
600022.SH,600022,20251209,91510840,0,129029,A,S,15400,3000,
600022.SH,600022,20251209,91511010,0,129350,A,S,15400,10000,
600022.SH,600022,20251209,91511010,0,129375,A,S,15200,260,
600022.SH,600022,20251209,91511010,0,129522,A,S,15500,5000,
600022.SH,600022,20251209,91511010,0,129523,A,B,14900,5000,
600022.SH,600022,20251209,91511010,0,129734,A,B,15100,50000,
600022.SH,600022,20251209,91511010,0,130325,A,B,15100,1000,
600022.SH,600022,20251209,91511010,0,130326,A,S,15400,900,
600022.SH,600022,20251209,91511010,0,130529,A,S,15400,13600,
600022.SH,600022,20251209,91511010,0,130668,A,B,15100,10000,
600022.SH,600022,20251209,91511170,0,131223,A,S,15500,30000,
600022.SH,600022,20251209,91511170,0,131766,A,S,15000,200,
600022.SH,600022,20251209,91511170,0,131816,A,B,14900,1200,
600022.SH,600022,20251209,91511240,0,132473,A,S,15900,2600,
600022.SH,600022,20251209,91511240,0,132527,A,S,16700,1300,
600022.SH,600022,20251209,91511240,0,132600,A,B,15200,100000,
600022.SH,600022,20251209,91511240,0,132629,A,S,16800,67700,
600022.SH,600022,20251209,91511240,0,132793,A,B,15200,50000,
600022.SH,600022,20251209,91511240,0,132986,A,S,15800,1000,
600022.SH,600022,20251209,91511240,0,132987,A,S,16300,1000,
600022.SH,600022,20251209,91511240,0,132988,A,S,16800,1000,
600022.SH,600022,20251209,91511240,0,133301,A,S,15300,21200,
600022.SH,600022,20251209,91511240,0,133424,A,B,15200,3000,
600022.SH,600022,20251209,91511410,0,133846,A,B,14500,20000,
600022.SH,600022,20251209,91511410,0,133854,A,S,15800,10000,
600022.SH,600022,20251209,91511410,0,134186,A,B,14000,1000,
600022.SH,600022,20251209,91511410,0,134203,A,S,15500,10000,
600022.SH,600022,20251209,91511410,0,134761,A,S,16800,500,
600022.SH,600022,20251209,91511410,0,134803,A,S,16000,170600,
600022.SH,600022,20251209,91511410,0,135127,A,S,15400,20000,
600022.SH,600022,20251209,91511410,0,135154,A,B,14700,400,
600022.SH,600022,20251209,91511410,0,135599,A,B,15200,10000,
600022.SH,600022,20251209,91511410,0,135748,A,B,15100,8000,
600022.SH,600022,20251209,91511570,0,135918,A,S,15600,1000,
600022.SH,600022,20251209,91511570,0,135952,A,S,15800,2000,
600022.SH,600022,20251209,91511570,0,136027,A,B,15000,57000,
600022.SH,600022,20251209,91511570,0,136151,A,S,15400,200,
600022.SH,600022,20251209,91511570,0,136152,A,S,15500,200,
600022.SH,600022,20251209,91511570,0,136267,A,B,15100,3000,
600022.SH,600022,20251209,91511570,0,136491,A,S,15900,8000,
600022.SH,600022,20251209,91511570,0,136560,A,B,15100,4500,
600022.SH,600022,20251209,91511570,0,136659,A,S,15800,9100,
600022.SH,600022,20251209,91511570,0,136722,A,S,15700,5000,
600022.SH,600022,20251209,91511570,0,137264,A,S,15400,2000,
600022.SH,600022,20251209,91511570,0,137269,A,S,15400,7000,
600022.SH,600022,20251209,91511740,0,138158,A,B,14700,21800,
600022.SH,600022,20251209,91511740,0,138295,A,B,15100,10000,
600022.SH,600022,20251209,91511740,0,138792,A,S,16400,15000,
600022.SH,600022,20251209,91511740,0,139074,A,S,16800,27000,
600022.SH,600022,20251209,91511740,0,139075,A,S,16800,10000,
600022.SH,600022,20251209,91511740,0,139224,A,S,15600,60000,
600022.SH,600022,20251209,91511740,0,139312,A,S,16100,10500,
600022.SH,600022,20251209,91511740,0,139502,A,B,14700,7400,
600022.SH,600022,20251209,91511740,0,139599,A,B,15100,10000,
600022.SH,600022,20251209,91511910,0,139853,A,B,14200,500,
600022.SH,600022,20251209,91511910,0,140180,A,B,14800,1500,
600022.SH,600022,20251209,91511910,0,140277,A,S,15600,3000,
600022.SH,600022,20251209,91511910,0,140571,A,S,16500,6000,
600022.SH,600022,20251209,91511910,0,140772,A,B,14700,1100,
600022.SH,600022,20251209,91511910,0,140774,A,S,16800,500,
600022.SH,600022,20251209,91511910,0,140881,A,B,15100,4000,
600022.SH,600022,20251209,91511910,0,141125,A,B,14700,11300,
600022.SH,600022,20251209,91511910,0,141188,A,S,15500,20000,
600022.SH,600022,20251209,91511910,0,141415,A,B,15200,40000,
600022.SH,600022,20251209,91511910,0,141601,A,B,15000,321800,
600022.SH,600022,20251209,91512080,0,142048,A,S,16800,23600,
600022.SH,600022,20251209,91512080,0,142214,A,B,15000,87400,
600022.SH,600022,20251209,91512080,0,142302,A,S,15300,4000,
600022.SH,600022,20251209,91512080,0,142303,A,B,15100,4000,
600022.SH,600022,20251209,91512080,0,142780,A,B,14800,5000,
600022.SH,600022,20251209,91512080,0,142852,A,S,16800,26900,
600022.SH,600022,20251209,91512080,0,142899,A,S,15500,1000,
600022.SH,600022,20251209,91512080,0,142900,A,S,15700,1000,
600022.SH,600022,20251209,91512080,0,142901,A,S,15900,1000,
600022.SH,600022,20251209,91512080,0,142902,A,S,16100,1000,
600022.SH,600022,20251209,91512080,0,142903,A,S,16300,1000,
600022.SH,600022,20251209,91512080,0,142907,A,S,16400,1000,
600022.SH,600022,20251209,91512080,0,143216,A,B,14500,6800,
600022.SH,600022,20251209,91512080,0,143322,A,S,16500,300,
600022.SH,600022,20251209,91512080,0,143420,A,B,14700,3000,
600022.SH,600022,20251209,91512080,0,143597,A,S,16000,400,
600022.SH,600022,20251209,91512300,0,144395,A,S,15700,7700,
600022.SH,600022,20251209,91512300,0,144541,A,B,15100,3000,
600022.SH,600022,20251209,91512300,0,144702,A,B,14800,300000,
600022.SH,600022,20251209,91512300,0,145029,A,B,13800,134600,
600022.SH,600022,20251209,91512300,0,145163,A,S,16200,3000,
600022.SH,600022,20251209,91512300,0,145279,A,S,15700,500,
600022.SH,600022,20251209,91512300,0,145477,A,B,14800,3500,
600022.SH,600022,20251209,91512300,0,145636,A,S,15600,7000,
600022.SH,600022,20251209,91512300,0,146180,A,S,15500,2900,
600022.SH,600022,20251209,91512460,0,146428,A,B,15100,300,
600022.SH,600022,20251209,91512460,0,146485,A,B,14800,1000,
600022.SH,600022,20251209,91512460,0,146716,A,B,15300,500,
600022.SH,600022,20251209,91512460,0,147172,A,B,15100,13900,
600022.SH,600022,20251209,91512460,0,147207,A,S,15700,13900,
600022.SH,600022,20251209,91512460,0,147647,A,S,16800,10000,
600022.SH,600022,20251209,91512460,0,147722,A,S,16800,4000,
600022.SH,600022,20251209,91512460,0,147866,A,B,15000,156600,
600022.SH,600022,20251209,91512630,0,148176,A,B,14300,1000,
600022.SH,600022,20251209,91512630,0,148177,A,S,15400,2000,
600022.SH,600022,20251209,91512630,0,148181,A,S,16000,2000,
600022.SH,600022,20251209,91512630,0,148184,A,S,15900,4000,
600022.SH,600022,20251209,91512630,0,148202,A,S,15500,100,
600022.SH,600022,20251209,91512630,0,148295,A,B,15000,22800,
600022.SH,600022,20251209,91512630,0,148447,A,B,14900,10000,
600022.SH,600022,20251209,91512630,0,148514,A,S,15400,10000,
600022.SH,600022,20251209,91512630,0,148515,A,S,15500,10000,
600022.SH,600022,20251209,91512630,0,148519,A,S,15600,10000,
600022.SH,600022,20251209,91512630,0,148522,A,B,15000,2700,
600022.SH,600022,20251209,91512630,0,148527,A,B,15100,2700,
600022.SH,600022,20251209,91512630,0,148653,A,S,16800,1000,
600022.SH,600022,20251209,91512630,0,148447,D,B,14900,10000,
600022.SH,600022,20251209,91512630,0,148997,A,S,16100,8300,
600022.SH,600022,20251209,91512630,0,149141,A,S,15700,5000,
600022.SH,600022,20251209,91512630,0,149143,A,S,16300,5000,
600022.SH,600022,20251209,91512630,0,149197,A,S,16800,5000,
600022.SH,600022,20251209,91512630,0,149210,A,B,15000,5000,
600022.SH,600022,20251209,91512630,0,149573,A,S,15500,5000,
600022.SH,600022,20251209,91512630,0,149574,A,S,16000,5000,
600022.SH,600022,20251209,91512630,0,149600,A,S,16800,20000,
600022.SH,600022,20251209,91512630,0,149880,A,B,15100,4000,
600022.SH,600022,20251209,91512630,0,149901,A,S,15400,800,
600022.SH,600022,20251209,91512790,0,150749,A,B,15000,11100,
600022.SH,600022,20251209,91512870,0,150975,A,B,14500,700,
600022.SH,600022,20251209,91512870,0,151076,A,B,15100,10000,
600022.SH,600022,20251209,91512870,0,151273,A,B,15000,300,
600022.SH,600022,20251209,91512870,0,151302,A,S,16700,80100,
600022.SH,600022,20251209,91512870,0,151650,A,S,15400,5000,
600022.SH,600022,20251209,91512870,0,152267,A,S,15600,500,
600022.SH,600022,20251209,91512870,0,152285,A,B,14800,300,
600022.SH,600022,20251209,91512870,0,152321,A,S,16500,10000,
600022.SH,600022,20251209,91512870,0,152336,A,S,16600,10000,
600022.SH,600022,20251209,91512870,0,152390,A,S,15500,800,
600022.SH,600022,20251209,91512870,0,152393,A,S,15600,800,
600022.SH,600022,20251209,91512870,0,152437,A,S,15400,2600,
600022.SH,600022,20251209,91512870,0,152483,A,S,15700,800,
600022.SH,600022,20251209,91512870,0,152494,A,B,14900,800,
600022.SH,600022,20251209,91512870,0,152540,A,S,16200,800,
600022.SH,600022,20251209,91512870,0,152552,A,B,14400,800,
600022.SH,600022,20251209,91512870,0,152702,A,S,15900,6600,
600022.SH,600022,20251209,91513040,0,153294,A,S,15500,4000,
600022.SH,600022,20251209,91513040,0,153359,A,B,15200,10000,
600022.SH,600022,20251209,91513040,0,153375,A,B,14900,6100,
600022.SH,600022,20251209,91513040,0,153504,A,B,15000,2000,
600022.SH,600022,20251209,91513040,0,153949,A,B,15200,1000,
600022.SH,600022,20251209,91513040,0,154046,A,S,15400,13600,
600022.SH,600022,20251209,91513040,0,154111,A,B,15000,2000,
600022.SH,600022,20251209,91513040,0,154343,A,B,15000,10000,
600022.SH,600022,20251209,91513040,0,154344,A,B,14900,10000,
600022.SH,600022,20251209,91513040,0,154345,A,B,15100,10000,
600022.SH,600022,20251209,91513040,0,154499,A,S,16800,100,
600022.SH,600022,20251209,91513040,0,154745,A,S,15800,800,
600022.SH,600022,20251209,91513210,0,154822,A,S,15700,5100,
600022.SH,600022,20251209,91513210,0,154823,A,S,15600,10000,
600022.SH,600022,20251209,91513210,0,154843,A,B,15100,200,
600022.SH,600022,20251209,91513210,0,155011,A,S,15900,800,
600022.SH,600022,20251209,91513210,0,155017,A,S,16000,800,
600022.SH,600022,20251209,91513210,0,155027,A,B,14800,800,
600022.SH,600022,20251209,91513210,0,155028,A,B,14700,800,
600022.SH,600022,20251209,91513210,0,155060,A,B,15100,19300,
600022.SH,600022,20251209,91513210,0,155062,A,S,15400,700,
600022.SH,600022,20251209,91513210,0,155079,A,S,16100,800,
600022.SH,600022,20251209,91513210,0,155081,A,B,14300,800,
600022.SH,600022,20251209,91513210,0,155351,A,S,15500,9000,
600022.SH,600022,20251209,91513300,0,155752,A,S,15600,4000,
600022.SH,600022,20251209,91513300,0,155785,A,S,16800,500,
600022.SH,600022,20251209,91513300,0,155799,A,S,15600,3000,
600022.SH,600022,20251209,91513300,0,156288,A,B,13800,100,
600022.SH,600022,20251209,91513300,0,156331,A,S,16800,5300,
600022.SH,600022,20251209,91513300,0,156861,A,S,15600,1200,
600022.SH,600022,20251209,91513300,0,156902,A,S,15500,2000,
600022.SH,600022,20251209,91513470,0,158068,A,B,15100,1200,
600022.SH,600022,20251209,91513530,0,158168,A,S,15300,2000,
600022.SH,600022,20251209,91513530,0,158358,A,S,15700,10000,
600022.SH,600022,20251209,91513530,0,158367,A,S,15500,10000,
600022.SH,600022,20251209,91513530,0,158368,A,S,15400,10000,
600022.SH,600022,20251209,91513530,0,158377,A,B,15200,3700,
600022.SH,600022,20251209,91513530,0,158675,A,S,15800,1000,
600022.SH,600022,20251209,91513530,0,158863,A,S,15400,9400,
600022.SH,600022,20251209,91513530,0,159045,A,S,15800,160000,
600022.SH,600022,20251209,91513530,0,159501,A,B,14700,12000,
600022.SH,600022,20251209,91513720,0,160119,A,S,16800,12800,
600022.SH,600022,20251209,91513720,0,160313,A,S,15600,2000,
600022.SH,600022,20251209,91513720,0,160352,A,S,16800,700,
600022.SH,600022,20251209,91513720,0,160654,A,B,15200,8000,
600022.SH,600022,20251209,91513720,0,161159,A,S,15400,6300,
600022.SH,600022,20251209,91513720,0,161182,A,S,15500,6300,
600022.SH,600022,20251209,91513720,0,161292,A,S,15600,6300,
600022.SH,600022,20251209,91513720,0,161349,A,B,14400,1200,
600022.SH,600022,20251209,91513720,0,161469,A,S,16800,100,
600022.SH,600022,20251209,91513720,0,161470,A,S,16700,100,
600022.SH,600022,20251209,91513720,0,161471,A,S,16600,100,
600022.SH,600022,20251209,91513720,0,161472,A,S,16500,100,
600022.SH,600022,20251209,91513720,0,161763,A,S,15400,10000,
600022.SH,600022,20251209,91513870,0,161930,A,B,15100,50000,
600022.SH,600022,20251209,91513870,0,161961,A,B,15000,400,
600022.SH,600022,20251209,91513870,0,162074,A,B,15000,100,
600022.SH,600022,20251209,91513870,0,162178,A,S,15800,100,
600022.SH,600022,20251209,91513870,0,162264,A,B,15000,25700,
600022.SH,600022,20251209,91513870,0,162292,A,S,16600,1700,
600022.SH,600022,20251209,91513870,0,162074,D,B,15000,100,
600022.SH,600022,20251209,91513870,0,163032,A,B,15000,25000,
600022.SH,600022,20251209,91513990,0,163404,A,S,16200,8500,
600022.SH,600022,20251209,91513990,0,163673,A,S,15500,7000,
600022.SH,600022,20251209,91513990,0,163674,A,B,15100,5000,
600022.SH,600022,20251209,91513990,0,163731,A,B,14900,1100,
600022.SH,600022,20251209,91513990,0,164257,A,S,15600,5000,
600022.SH,600022,20251209,91514140,0,164885,A,B,14900,7000,
600022.SH,600022,20251209,91514140,0,165025,A,B,15000,33400,
600022.SH,600022,20251209,91514140,0,165494,A,S,16800,5000,
600022.SH,600022,20251209,91514140,0,165498,A,B,14000,5000,
600022.SH,600022,20251209,91514140,0,165856,A,S,15800,10000,
600022.SH,600022,20251209,91514140,0,165872,A,S,15600,10000,
600022.SH,600022,20251209,91514140,0,166202,A,B,14000,2000,
600022.SH,600022,20251209,91514140,0,166547,A,B,15000,125600,
600022.SH,600022,20251209,91514300,0,166699,A,B,14800,1000,
600022.SH,600022,20251209,91514300,0,166700,A,B,14900,1000,
600022.SH,600022,20251209,91514300,0,167144,A,B,14900,2000,
600022.SH,600022,20251209,91514300,0,167146,A,B,14800,2000,
600022.SH,600022,20251209,91514300,0,167165,A,B,14700,2000,
600022.SH,600022,20251209,91514300,0,167322,A,S,16000,50000,
600022.SH,600022,20251209,91514300,0,167512,A,B,14800,7500,
600022.SH,600022,20251209,91514300,0,167646,A,S,15700,700,
600022.SH,600022,20251209,91514300,0,167653,A,B,15100,80000,
600022.SH,600022,20251209,91514300,0,167841,A,S,15600,2000,
600022.SH,600022,20251209,91514300,0,167842,A,S,16000,2000,
600022.SH,600022,20251209,91514300,0,168177,A,B,15100,5000,
600022.SH,600022,20251209,91514300,0,168195,A,S,15500,8400,
600022.SH,600022,20251209,91514300,0,168223,A,B,15100,100,
600022.SH,600022,20251209,91514300,0,168383,A,S,15300,100,
600022.SH,600022,20251209,91514460,0,168759,A,B,15000,7200,
600022.SH,600022,20251209,91514460,0,169193,A,S,15700,27800,
600022.SH,600022,20251209,91514460,0,169306,A,S,15600,6000,
600022.SH,600022,20251209,91514460,0,169377,A,S,16000,6000,
600022.SH,600022,20251209,91514460,0,169399,A,S,15900,400,
600022.SH,600022,20251209,91514460,0,169723,A,B,14900,3000,
600022.SH,600022,20251209,91514460,0,170220,A,S,15900,1900,
600022.SH,600022,20251209,91514620,0,170642,A,S,16500,600,
600022.SH,600022,20251209,91514620,0,171177,A,S,16000,1200,
600022.SH,600022,20251209,91514620,0,171228,A,B,15000,20000,
600022.SH,600022,20251209,91514620,0,171932,A,B,15000,94800,
600022.SH,600022,20251209,91514620,0,171951,A,S,15500,200,
600022.SH,600022,20251209,91514620,0,172336,A,S,15400,5000,
600022.SH,600022,20251209,91514620,0,172337,A,B,15100,400,
600022.SH,600022,20251209,91514620,0,172414,A,B,15300,100,
600022.SH,600022,20251209,91514620,0,172492,A,S,16000,58700,
600022.SH,600022,20251209,91514790,0,172562,A,S,16800,30000,
600022.SH,600022,20251209,91514790,0,172626,A,S,15800,29000,
600022.SH,600022,20251209,91514790,0,172786,A,S,15500,600,
600022.SH,600022,20251209,91514790,0,172814,A,S,15600,3700,
600022.SH,600022,20251209,91514790,0,173282,A,B,15200,5000,
600022.SH,600022,20251209,91514790,0,173283,A,B,15100,5000,
600022.SH,600022,20251209,91514790,0,173288,A,S,15400,5000,
600022.SH,600022,20251209,91514790,0,173289,A,S,15500,5000,
600022.SH,600022,20251209,91514790,0,173290,A,S,15600,5000,
600022.SH,600022,20251209,91514790,0,173291,A,S,15700,5000,
600022.SH,600022,20251209,91514790,0,173292,A,S,15800,4900,
600022.SH,600022,20251209,91514790,0,173308,A,S,16800,15300,
600022.SH,600022,20251209,91514790,0,173805,A,S,15500,300,
600022.SH,600022,20251209,91514790,0,174168,A,S,16800,3000,
600022.SH,600022,20251209,91514790,0,174297,A,B,15100,3000,
600022.SH,600022,20251209,91514960,0,174503,A,B,15000,3000,
600022.SH,600022,20251209,91514960,0,174588,A,B,14900,3000,
600022.SH,600022,20251209,91514960,0,174626,A,S,15600,1000,
600022.SH,600022,20251209,91514960,0,174628,A,B,14900,2000,
600022.SH,600022,20251209,91514960,0,174698,A,B,14900,1500,
600022.SH,600022,20251209,91514960,0,174733,A,B,14800,3000,
600022.SH,600022,20251209,91514960,0,174769,A,S,15900,1000,
600022.SH,600022,20251209,91514960,0,174786,A,S,16000,1000,
600022.SH,600022,20251209,91514960,0,175211,A,S,15900,4000,
600022.SH,600022,20251209,91514960,0,175376,A,S,15500,3000,
600022.SH,600022,20251209,91514960,0,175493,A,S,16800,8400,
600022.SH,600022,20251209,91514960,0,175500,A,S,16800,5400,
600022.SH,600022,20251209,91514960,0,175618,A,S,16800,50000,
600022.SH,600022,20251209,91514960,0,175658,A,S,15600,3000,
600022.SH,600022,20251209,91514960,0,176187,A,B,15000,3000,
600022.SH,600022,20251209,91514960,0,176346,A,B,14400,4000,
600022.SH,600022,20251209,91515140,0,176882,A,S,16100,6000,
600022.SH,600022,20251209,91515140,0,177001,A,B,14700,3000,
600022.SH,600022,20251209,91515140,0,177003,A,S,15400,3000,
600022.SH,600022,20251209,91515140,0,177018,A,S,15500,3000,
600022.SH,600022,20251209,91515140,0,177019,A,S,15600,3000,
600022.SH,600022,20251209,91515140,0,177023,A,S,15700,6000,
600022.SH,600022,20251209,91515140,0,177027,A,S,15800,6000,
600022.SH,600022,20251209,91515140,0,177045,A,S,15900,6000,
600022.SH,600022,20251209,91515140,0,177050,A,S,16800,5300,
600022.SH,600022,20251209,91515140,0,177051,A,S,16800,2400,
600022.SH,600022,20251209,91515140,0,177068,A,S,16000,6000,
600022.SH,600022,20251209,91515140,0,177189,A,S,15400,10000,
600022.SH,600022,20251209,91515140,0,177249,A,S,16600,8000,
600022.SH,600022,20251209,91515140,0,177365,A,S,15400,6000,
600022.SH,600022,20251209,91515140,0,177521,A,B,15000,30000,
600022.SH,600022,20251209,91515140,0,177585,A,S,15700,3000,
600022.SH,600022,20251209,91515140,0,177586,A,S,15800,3000,
600022.SH,600022,20251209,91515140,0,177615,A,S,15900,3000,
600022.SH,600022,20251209,91515140,0,177683,A,S,16800,6000,
600022.SH,600022,20251209,91515300,0,178133,A,S,15700,500,
600022.SH,600022,20251209,91515300,0,178251,A,B,15100,5000,
600022.SH,600022,20251209,91515300,0,178319,A,S,15800,1000,
600022.SH,600022,20251209,91515330,0,178487,A,S,15600,5000,
600022.SH,600022,20251209,91515330,0,178488,A,S,15700,5000,
600022.SH,600022,20251209,91515330,0,178836,A,B,14500,100,
600022.SH,600022,20251209,91515330,0,178917,A,S,15500,100,
600022.SH,600022,20251209,91515330,0,178943,A,B,15100,5000,
600022.SH,600022,20251209,91515330,0,178947,A,B,15000,5000,
600022.SH,600022,20251209,91515330,0,179180,A,S,16800,3000,
600022.SH,600022,20251209,91515330,0,179265,A,S,15600,100,
600022.SH,600022,20251209,91515330,0,179371,A,S,16700,5900,
600022.SH,600022,20251209,91515330,0,179418,A,S,16500,6000,
600022.SH,600022,20251209,91515330,0,179423,A,B,15100,50000,
600022.SH,600022,20251209,91515330,0,179534,A,S,16100,18200,
600022.SH,600022,20251209,91515460,0,179759,A,S,16000,500,
600022.SH,600022,20251209,91515460,0,179773,A,S,15700,200,
600022.SH,600022,20251209,91515460,0,180087,A,B,15100,10000,
600022.SH,600022,20251209,91515460,0,180201,A,S,15400,7000,
600022.SH,600022,20251209,91515520,0,180304,A,B,14600,800,
600022.SH,600022,20251209,91515520,0,180315,A,B,14500,800,
600022.SH,600022,20251209,91515520,0,180327,A,S,15600,500000,
600022.SH,600022,20251209,91515520,0,180394,A,B,15000,11100,
600022.SH,600022,20251209,91515520,0,180397,A,S,15800,2000,
600022.SH,600022,20251209,91515520,0,180408,A,S,15500,7000,
600022.SH,600022,20251209,91515520,0,180409,A,B,15200,7100,
600022.SH,600022,20251209,91515520,0,180412,A,B,14100,3000,
600022.SH,600022,20251209,91515520,0,180487,A,S,16100,4000,
600022.SH,600022,20251209,91515520,0,180670,A,B,15000,7200,
600022.SH,600022,20251209,91515520,0,180842,A,B,14000,5000,
600022.SH,600022,20251209,91515520,0,180968,A,B,13900,5000,
600022.SH,600022,20251209,91515520,0,180970,A,B,14700,2000,
600022.SH,600022,20251209,91515520,0,180986,A,B,15100,10000,
600022.SH,600022,20251209,91515520,0,180987,A,B,15000,20000,
600022.SH,600022,20251209,91515520,0,181065,A,S,16800,34000,
600022.SH,600022,20251209,91515520,0,181672,A,S,15600,6000,
600022.SH,600022,20251209,91515520,0,181921,A,S,16800,4900,
600022.SH,600022,20251209,91515520,0,182069,A,B,14700,40400,
600022.SH,600022,20251209,91515690,0,182554,A,B,15000,4500,
600022.SH,600022,20251209,91515690,0,182607,A,S,16800,5000,
600022.SH,600022,20251209,91515690,0,182699,A,B,13800,800,
600022.SH,600022,20251209,91515690,0,182723,A,S,16700,11600,
600022.SH,600022,20251209,91515690,0,183211,A,S,15600,500,
600022.SH,600022,20251209,91515690,0,183227,A,B,13800,138000,
600022.SH,600022,20251209,91515690,0,183304,A,S,15400,10000,
600022.SH,600022,20251209,91515690,0,183654,A,B,15000,300,
600022.SH,600022,20251209,91515690,0,183751,A,S,16800,100000,
600022.SH,600022,20251209,91515690,0,183926,A,S,15500,16500,
600022.SH,600022,20251209,91515690,0,183968,A,B,15200,100,
600022.SH,600022,20251209,91515910,0,184605,A,B,15200,3000,
600022.SH,600022,20251209,91515910,0,184720,A,S,16600,5000,
600022.SH,600022,20251209,91515910,0,184801,A,B,14500,10000,
600022.SH,600022,20251209,91515910,0,185532,A,S,16000,2000,
600022.SH,600022,20251209,91516090,0,186438,A,S,15500,500,
600022.SH,600022,20251209,91516090,0,186737,A,B,15200,1000,
600022.SH,600022,20251209,91516090,0,187012,A,S,16800,4000,
600022.SH,600022,20251209,91516090,0,187033,A,B,14600,300,
600022.SH,600022,20251209,91516090,0,187067,A,B,15100,3000,
600022.SH,600022,20251209,91516090,0,187164,A,S,15900,500,
600022.SH,600022,20251209,91516090,0,187253,A,S,16800,2000,
600022.SH,600022,20251209,91516090,0,187374,A,S,15600,100000,
600022.SH,600022,20251209,91516090,0,187462,A,S,16700,200,
600022.SH,600022,20251209,91516090,0,187626,A,B,15000,3000,
600022.SH,600022,20251209,91516090,0,187676,A,B,15000,2000,
600022.SH,600022,20251209,91516090,0,187742,A,B,14800,5000,
600022.SH,600022,20251209,91516090,0,187850,A,B,15100,700,
600022.SH,600022,20251209,91516090,0,187947,A,B,14900,3000,
600022.SH,600022,20251209,91516260,0,188489,A,B,15000,6700,
600022.SH,600022,20251209,91516260,0,188546,A,S,15500,300,
600022.SH,600022,20251209,91516260,0,188548,A,S,15600,17000,
600022.SH,600022,20251209,91516260,0,188581,A,B,15300,3200,
600022.SH,600022,20251209,91516260,0,188615,A,B,14500,100,
600022.SH,600022,20251209,91516260,0,188678,A,B,14800,3000,
600022.SH,600022,20251209,91516260,0,188878,A,B,13800,5000,
600022.SH,600022,20251209,91516260,0,188882,A,B,15000,5500,
600022.SH,600022,20251209,91516260,0,189048,A,S,16300,2000,
600022.SH,600022,20251209,91516260,0,189172,A,B,15000,10000,
600022.SH,600022,20251209,91516260,0,189446,A,B,15100,3000,
600022.SH,600022,20251209,91516260,0,189524,A,S,16300,3400,
600022.SH,600022,20251209,91516260,0,189525,A,S,15500,50000,
600022.SH,600022,20251209,91516420,0,190833,A,S,15400,5000,
600022.SH,600022,20251209,91516420,0,191125,A,S,15500,5000,
600022.SH,600022,20251209,91516420,0,191129,A,S,15600,5000,
600022.SH,600022,20251209,91516420,0,191243,A,S,16800,8500,
600022.SH,600022,20251209,91516420,0,191318,A,S,15400,100000,
600022.SH,600022,20251209,91516420,0,191349,A,B,14500,8900,
600022.SH,600022,20251209,91516420,0,191380,A,B,14500,6700,
600022.SH,600022,20251209,91516420,0,191739,A,B,15100,1000,
600022.SH,600022,20251209,91516420,0,191825,A,B,15000,10000,
600022.SH,600022,20251209,91516420,0,191880,A,B,14500,30000,
600022.SH,600022,20251209,91516590,0,191884,A,S,16700,1000,
600022.SH,600022,20251209,91516590,0,191960,A,S,16000,38800,
600022.SH,600022,20251209,91516590,0,192175,A,S,15700,5000,
600022.SH,600022,20251209,91516590,0,192234,A,S,16600,12000,
600022.SH,600022,20251209,91516590,0,192248,A,S,15800,5000,
600022.SH,600022,20251209,91516680,0,192870,A,S,15900,5000,
600022.SH,600022,20251209,91516680,0,192925,A,S,16100,2000,
600022.SH,600022,20251209,91516680,0,193245,A,B,15000,500,
600022.SH,600022,20251209,91516680,0,193314,A,S,15800,6000,
600022.SH,600022,20251209,91516680,0,194128,A,S,15500,2500,
600022.SH,600022,20251209,91516680,0,194306,A,S,15400,100000,
600022.SH,600022,20251209,91516680,0,194429,A,S,16800,12000,
600022.SH,600022,20251209,91516680,0,194479,A,S,16000,5000,
600022.SH,600022,20251209,91516880,0,194602,A,S,15600,500,
600022.SH,600022,20251209,91516880,0,194795,A,B,14700,5000,
600022.SH,600022,20251209,91516880,0,194832,A,S,16000,2500,
600022.SH,600022,20251209,91516960,0,195075,A,S,15400,38400,
600022.SH,600022,20251209,91516960,0,195304,A,B,15100,1000,
600022.SH,600022,20251209,91517050,0,196007,A,S,16800,10000,
600022.SH,600022,20251209,91517050,0,196398,A,B,15800,1000,
600022.SH,600022,20251209,91517050,0,196511,A,S,15400,2000,
600022.SH,600022,20251209,91517050,0,196541,A,B,15000,2000,
600022.SH,600022,20251209,91517050,0,197003,A,S,15200,2000,
600022.SH,600022,20251209,91517050,0,197162,A,S,16000,800,
600022.SH,600022,20251209,91517050,0,197358,A,S,15500,22700,
600022.SH,600022,20251209,91517200,0,197457,A,S,13800,910,
600022.SH,600022,20251209,91517200,0,197556,A,B,13800,100,
600022.SH,600022,20251209,91517200,0,197706,A,S,16800,300,
600022.SH,600022,20251209,91517200,0,197762,A,S,15500,5000,
600022.SH,600022,20251209,91517200,0,197804,A,B,14900,6100,
600022.SH,600022,20251209,91517200,0,197869,A,S,15400,50000,
600022.SH,600022,20251209,91517200,0,197892,A,S,15500,50000,
600022.SH,600022,20251209,91517200,0,197928,A,B,15100,103100,
600022.SH,600022,20251209,91517320,0,199024,A,S,16000,10000,
600022.SH,600022,20251209,91517320,0,199135,A,S,16600,700,
600022.SH,600022,20251209,91517320,0,199292,A,S,16100,5000,
600022.SH,600022,20251209,91517320,0,199348,A,S,15700,6300,
600022.SH,600022,20251209,91517320,0,199362,A,S,15500,5000,
600022.SH,600022,20251209,91517440,0,199806,A,B,15000,200,
600022.SH,600022,20251209,91517440,0,199873,A,B,15200,82300,
600022.SH,600022,20251209,91517440,0,200847,A,S,15700,4500,
600022.SH,600022,20251209,91517440,0,201388,A,B,15000,15000,
600022.SH,600022,20251209,91517440,0,201476,A,S,16800,1000,
600022.SH,600022,20251209,91517620,0,201818,A,S,16000,10000,
600022.SH,600022,20251209,91517620,0,202379,A,S,16600,200,
600022.SH,600022,20251209,91517620,0,202572,A,S,15500,2000,
600022.SH,600022,20251209,91517620,0,202699,A,B,15100,20000,
600022.SH,600022,20251209,91517620,0,203103,A,B,15200,100,
600022.SH,600022,20251209,91517620,0,203104,A,B,15100,100,
600022.SH,600022,20251209,91517620,0,203105,A,B,15000,100,
600022.SH,600022,20251209,91517620,0,203379,A,S,15500,1000,
600022.SH,600022,20251209,91517820,0,203598,A,S,15500,1000,
600022.SH,600022,20251209,91517820,0,203655,A,B,15200,3000,
600022.SH,600022,20251209,91517820,0,203749,A,B,15000,200,
600022.SH,600022,20251209,91517820,0,203986,A,B,14800,18800,
600022.SH,600022,20251209,91517820,0,204270,A,B,14800,12000,
600022.SH,600022,20251209,91517820,0,204292,A,B,15000,1000,
600022.SH,600022,20251209,91517820,0,204933,A,S,15600,75600,
600022.SH,600022,20251209,91517820,0,204995,A,S,15500,3300,
600022.SH,600022,20251209,91517820,0,205270,A,B,15100,4000,
600022.SH,600022,20251209,91517820,0,205297,A,B,15300,3000,
600022.SH,600022,20251209,91517820,0,205300,A,S,16300,2000,
600022.SH,600022,20251209,91518000,0,205442,A,B,15100,10000,
600022.SH,600022,20251209,91518000,0,205596,A,S,15400,10000,
600022.SH,600022,20251209,91518100,0,206632,A,S,16600,5000,
600022.SH,600022,20251209,91518100,0,206665,A,S,16000,70000,
600022.SH,600022,20251209,91518100,0,206743,A,B,14900,8000,
600022.SH,600022,20251209,91518100,0,206786,A,S,16000,2000,
600022.SH,600022,20251209,91518170,0,207667,A,B,15000,10000,
600022.SH,600022,20251209,91518170,0,207959,A,S,15500,600,
600022.SH,600022,20251209,91518270,0,208264,A,B,15000,3000,
600022.SH,600022,20251209,91518270,0,208942,A,B,14500,10000,
600022.SH,600022,20251209,91518450,0,209910,A,S,16800,9000,
600022.SH,600022,20251209,91518450,0,209965,A,B,14500,200,
600022.SH,600022,20251209,91518450,0,210336,A,S,15500,20000,
600022.SH,600022,20251209,91518450,0,210424,A,S,15500,500,
600022.SH,600022,20251209,91518520,0,210531,A,S,15500,3000,
600022.SH,600022,20251209,91518520,0,210644,A,S,16800,10000,
600022.SH,600022,20251209,91518520,0,210673,A,B,15200,250000,
600022.SH,600022,20251209,91518520,0,211008,A,S,15500,7000,
600022.SH,600022,20251209,91518520,0,211203,A,S,16100,500,
600022.SH,600022,20251209,91518520,0,211204,A,B,14600,600,
600022.SH,600022,20251209,91518520,0,211505,A,B,14900,5000,
600022.SH,600022,20251209,91518520,0,211544,A,B,15200,10000,
600022.SH,600022,20251209,91518520,0,211810,A,B,13800,219000,
600022.SH,600022,20251209,91518520,0,212006,A,S,16800,5000,
600022.SH,600022,20251209,91518520,0,212024,A,S,15900,3900,
600022.SH,600022,20251209,91518520,0,212231,A,S,15400,1300,
600022.SH,600022,20251209,91518520,0,212285,A,S,16800,2000,
600022.SH,600022,20251209,91518520,0,212295,A,S,16700,20000,
600022.SH,600022,20251209,91518720,0,212719,A,B,15000,300,
600022.SH,600022,20251209,91518720,0,214003,A,S,15400,653600,
600022.SH,600022,20251209,91518900,0,214366,A,B,15200,3200,
600022.SH,600022,20251209,91518900,0,214529,A,S,16800,30000,
600022.SH,600022,20251209,91518900,0,214801,A,S,15600,1900,
600022.SH,600022,20251209,91518900,0,214837,A,S,16500,1000,
600022.SH,600022,20251209,91518900,0,214906,A,B,15000,2000,
600022.SH,600022,20251209,91518900,0,215211,A,S,15500,10000,
600022.SH,600022,20251209,91518900,0,215282,A,S,15400,30000,
600022.SH,600022,20251209,91518900,0,215568,A,S,16800,200,
600022.SH,600022,20251209,91518900,0,215606,A,S,15400,10000,
600022.SH,600022,20251209,91518900,0,215619,A,S,15500,10000,
600022.SH,600022,20251209,91519050,0,215663,A,B,15000,110000,
600022.SH,600022,20251209,91519050,0,215694,A,B,15200,250000,
600022.SH,600022,20251209,91519050,0,215780,A,B,14700,6100,
600022.SH,600022,20251209,91519140,0,216518,A,S,15800,6000,
600022.SH,600022,20251209,91519180,0,216797,A,S,15600,100,
600022.SH,600022,20251209,91519210,0,217024,A,B,15200,5000,
600022.SH,600022,20251209,91519210,0,217031,A,B,15000,5000,
600022.SH,600022,20251209,91519210,0,217060,A,B,14700,5000,
600022.SH,600022,20251209,91519210,0,217108,A,S,16300,5500,
600022.SH,600022,20251209,91519210,0,217291,A,S,15600,6200,
600022.SH,600022,20251209,91519270,0,217376,A,B,15100,500,
600022.SH,600022,20251209,91519320,0,217742,A,S,15500,111500,
600022.SH,600022,20251209,91519390,0,217994,A,B,15300,600,
600022.SH,600022,20251209,91519460,0,218401,A,S,15200,103100,
600022.SH,600022,20251209,91519460,0,218433,A,B,15300,1000,
600022.SH,600022,20251209,91519460,0,218577,A,B,15000,100,
600022.SH,600022,20251209,91519710,0,219500,A,B,15000,13800,
600022.SH,600022,20251209,91519710,0,219576,A,B,15100,14600,
600022.SH,600022,20251209,91519710,0,219577,A,B,14800,100,
600022.SH,600022,20251209,91519740,0,219710,A,B,14400,100,
600022.SH,600022,20251209,91519740,0,219711,A,B,15000,300,
600022.SH,600022,20251209,91519780,0,219870,A,B,13800,300,
600022.SH,600022,20251209,91519780,0,219871,A,B,14000,100,
600022.SH,600022,20251209,91519810,0,219908,A,B,15200,200,
600022.SH,600022,20251209,91519810,0,219911,A,B,14200,300,
600022.SH,600022,20251209,91519810,0,219912,A,B,14600,300,
600022.SH,600022,20251209,91519810,0,219980,A,S,16200,200,
600022.SH,600022,20251209,91519840,0,220170,A,S,15600,200,
600022.SH,600022,20251209,91519840,0,220171,A,S,15800,200,
600022.SH,600022,20251209,91519840,0,220191,A,S,16000,15800,
600022.SH,600022,20251209,91519840,0,220199,A,S,16000,200,
600022.SH,600022,20251209,91519840,0,220248,A,S,15400,200,
600022.SH,600022,20251209,91519840,0,220254,A,S,16500,100,
600022.SH,600022,20251209,91519840,0,220268,A,S,16600,200,
600022.SH,600022,20251209,91519840,0,220269,A,S,16800,200,
600022.SH,600022,20251209,91519880,0,220304,A,S,16400,200,
600022.SH,600022,20251209,91519880,0,220478,A,B,14100,2500,
600022.SH,600022,20251209,91520020,0,221133,A,S,16800,15800,
600022.SH,600022,20251209,91520060,0,221215,A,B,15100,1000000,
600022.SH,600022,20251209,91520060,0,221285,A,S,15700,13800,
600022.SH,600022,20251209,91520150,0,221986,A,S,15500,1400,
600022.SH,600022,20251209,91520190,0,222184,A,B,15200,308900,
600022.SH,600022,20251209,91520190,0,222258,A,B,15200,1000000,
600022.SH,600022,20251209,91520190,0,222315,A,S,16800,400,
600022.SH,600022,20251209,91520290,0,222666,A,S,15400,100000,
600022.SH,600022,20251209,91520340,0,222881,A,S,16800,5000,
600022.SH,600022,20251209,91520400,0,223064,A,B,15100,30000,
600022.SH,600022,20251209,91520400,0,223099,A,S,16000,4100,
600022.SH,600022,20251209,91520450,0,223277,A,S,15400,100000,
600022.SH,600022,20251209,91520530,0,223704,A,S,16400,300,
600022.SH,600022,20251209,91520530,0,223770,A,B,14600,100,
600022.SH,600022,20251209,91520640,0,224020,A,S,16700,5600,
600022.SH,600022,20251209,91520700,0,224509,A,S,16600,5000,
600022.SH,600022,20251209,91520700,0,224526,A,S,16800,1000,
600022.SH,600022,20251209,91520790,0,224856,A,S,16800,100,
600022.SH,600022,20251209,91520790,0,224885,A,S,16700,100,
600022.SH,600022,20251209,91520790,0,224909,A,S,15500,500,
600022.SH,600022,20251209,91520880,0,225343,A,S,16300,2000,
600022.SH,600022,20251209,91520910,0,225365,A,B,15100,5000,
600022.SH,600022,20251209,91520910,0,225422,A,S,16000,10000,
600022.SH,600022,20251209,91520980,0,225655,A,S,15500,110400,
600022.SH,600022,20251209,91521020,0,226112,A,B,14000,10000,
600022.SH,600022,20251209,91521100,0,226416,A,S,16800,10000,
600022.SH,600022,20251209,91521150,0,226586,A,S,16800,10000,
600022.SH,600022,20251209,91521150,0,226647,A,S,16800,400,
600022.SH,600022,20251209,91521270,0,227341,A,B,13800,20000,
600022.SH,600022,20251209,91521310,0,227525,A,S,16400,17000,
600022.SH,600022,20251209,91521400,0,228131,A,B,15000,11000,
600022.SH,600022,20251209,91521400,0,228134,A,B,14800,500,
600022.SH,600022,20251209,91521430,0,228194,A,S,16800,4500,
600022.SH,600022,20251209,91521460,0,228376,A,S,16800,3000,
600022.SH,600022,20251209,91521460,0,228378,A,B,14000,20300,
600022.SH,600022,20251209,91521550,0,228588,A,S,16800,6000,
600022.SH,600022,20251209,91521620,0,228763,A,B,15000,20000,
600022.SH,600022,20251209,91521620,0,228857,A,S,15700,15000,
600022.SH,600022,20251209,91521620,0,228869,A,S,15500,10000,
600022.SH,600022,20251209,91521840,0,229535,A,B,14600,3000,
600022.SH,600022,20251209,91521870,0,229706,A,B,15200,3300,
600022.SH,600022,20251209,91521920,0,229776,A,S,16800,30000,
600022.SH,600022,20251209,91521970,0,230017,A,S,16800,2500,
600022.SH,600022,20251209,91522060,0,230448,A,S,16700,1000,
600022.SH,600022,20251209,91522190,0,230732,A,S,16600,7800,
600022.SH,600022,20251209,91522500,0,231789,A,S,15700,20000,
600022.SH,600022,20251209,91522680,0,232340,A,B,13800,29900,
600022.SH,600022,20251209,91522680,0,232341,A,B,13800,42800,
600022.SH,600022,20251209,91522780,0,232567,A,B,14500,2000,
600022.SH,600022,20251209,91523290,0,234011,A,B,15000,1000,
600022.SH,600022,20251209,91523320,0,234031,A,B,13800,2000,
600022.SH,600022,20251209,91523550,0,234658,A,B,14800,4000,
600022.SH,600022,20251209,91523590,0,234739,A,B,15000,5100,
600022.SH,600022,20251209,91523790,0,234886,A,S,16800,5000,
600022.SH,600022,20251209,91524710,0,235275,A,S,15400,10000,
600022.SH,600022,20251209,91524860,0,235355,A,B,13800,61600,
600022.SH,600022,20251209,91524860,0,235356,A,B,13800,81600,
600022.SH,600022,20251209,91524860,0,235357,A,B,13800,25400,
600022.SH,600022,20251209,91524860,0,235358,A,B,13800,43900,
600022.SH,600022,20251209,91524860,0,235359,A,B,13800,224000,
600022.SH,600022,20251209,91526680,0,235872,A,S,15400,20000,
600022.SH,600022,20251209,91528120,0,236228,A,S,15400,1000,
600022.SH,600022,20251209,91528120,0,236229,A,B,15200,1000,
600022.SH,600022,20251209,91528130,0,236232,A,S,15500,21200,
600022.SH,600022,20251209,91531240,0,236907,A,S,16700,10000,
600022.SH,600022,20251209,91533580,0,237583,A,S,15500,2000,
600022.SH,600022,20251209,91533580,0,237584,A,B,15100,2000,
600022.SH,600022,20251209,91537450,0,238655,A,S,15700,1000,
600022.SH,600022,20251209,91537620,0,238672,A,S,15900,3000,
600022.SH,600022,20251209,91538770,0,238946,A,B,15100,10000,
600022.SH,600022,20251209,91540320,0,239460,A,S,16800,80500,
600022.SH,600022,20251209,91541080,0,239651,A,S,16000,1000,
600022.SH,600022,20251209,91542410,0,85341,D,S,15500,561200,
600022.SH,600022,20251209,91543260,0,69282,D,B,14900,617800,
600022.SH,600022,20251209,91546740,0,241211,A,S,15400,57600,
600022.SH,600022,20251209,91547060,0,241289,A,S,15500,2000,
600022.SH,600022,20251209,91547440,0,66861,D,S,15400,6700,
600022.SH,600022,20251209,91548040,0,241563,A,B,15100,66600,
600022.SH,600022,20251209,91548230,0,241717,A,S,15400,1000,
