万得代码,交易所代码,自然日,时间,委托编号,交易所委托号,委托类型,委托代码,委托价格,委托数量,
000027.SZ,000027,20251209,91500050,0,4264,0,S,72800,29300,
000027.SZ,000027,20251209,91500060,0,6089,0,B,66000,8000,
000027.SZ,000027,20251209,91500060,0,6197,0,S,64300,10300,
000027.SZ,000027,20251209,91500060,0,6699,0,B,65100,1000,
000027.SZ,000027,20251209,91500060,0,6700,0,S,69100,1000,
000027.SZ,000027,20251209,91500060,0,6701,0,B,63600,2000,
000027.SZ,000027,20251209,91500060,0,6702,0,B,62100,2000,
000027.SZ,000027,20251209,91500060,0,6703,0,B,64100,2000,
000027.SZ,000027,20251209,91500060,0,6704,0,S,68100,1000,
000027.SZ,000027,20251209,91500060,0,6705,0,S,67100,1000,
000027.SZ,000027,20251209,91500060,0,6706,0,B,61600,2000,
000027.SZ,000027,20251209,91500060,0,6707,0,B,62600,2000,
000027.SZ,000027,20251209,91500060,0,6708,0,B,61100,2000,
000027.SZ,000027,20251209,91500060,0,6709,0,B,63100,2000,
000027.SZ,000027,20251209,91500060,0,6710,0,S,70100,1000,
000027.SZ,000027,20251209,91500060,0,7620,0,B,66100,100,
000027.SZ,000027,20251209,91500060,0,8098,0,S,67300,25000,
000027.SZ,000027,20251209,91500060,0,8361,0,S,69800,1000,
000027.SZ,000027,20251209,91500060,0,8619,0,S,66800,500,
000027.SZ,000027,20251209,91500060,0,8620,0,B,66100,1000,
000027.SZ,000027,20251209,91500060,0,8782,0,B,65300,5000,
000027.SZ,000027,20251209,91500060,0,8914,0,S,72900,2000,
000027.SZ,000027,20251209,91500070,0,9913,0,S,66700,1800,
000027.SZ,000027,20251209,91500070,0,9914,0,S,66800,1800,
000027.SZ,000027,20251209,91500070,0,9915,0,S,66900,1800,
000027.SZ,000027,20251209,91500070,0,9919,0,S,67000,1800,
000027.SZ,000027,20251209,91500070,0,9921,0,S,67100,1800,
000027.SZ,000027,20251209,91500070,0,9923,0,S,67200,1800,
000027.SZ,000027,20251209,91500070,0,9926,0,S,67300,1800,
000027.SZ,000027,20251209,91500070,0,9928,0,S,66600,1800,
000027.SZ,000027,20251209,91500070,0,9939,0,S,67400,1800,
000027.SZ,000027,20251209,91500070,0,10185,0,S,69000,1100,
000027.SZ,000027,20251209,91500070,0,10186,0,S,71000,1100,
000027.SZ,000027,20251209,91500070,0,10525,0,B,64000,1100,
000027.SZ,000027,20251209,91500070,0,10532,0,B,62000,1100,
000027.SZ,000027,20251209,91500070,0,10602,0,S,66800,1600,
000027.SZ,000027,20251209,91500070,0,10603,0,B,60000,1100,
000027.SZ,000027,20251209,91500070,0,11528,0,S,66300,1000,
000027.SZ,000027,20251209,91500070,0,13264,0,B,65500,50000,
000027.SZ,000027,20251209,91500070,0,13324,0,B,65900,8000,
000027.SZ,000027,20251209,91500070,0,13394,0,B,65800,8000,
000027.SZ,000027,20251209,91500070,0,13405,0,B,59700,3000,
000027.SZ,000027,20251209,91500070,0,13483,0,B,66000,1800,
000027.SZ,000027,20251209,91500070,0,13634,0,B,65700,1800,
000027.SZ,000027,20251209,91500070,0,13636,0,B,65500,1800,
000027.SZ,000027,20251209,91500080,0,14044,0,S,72900,100,
000027.SZ,000027,20251209,91500080,0,14473,0,S,72000,3000,
000027.SZ,000027,20251209,91500080,0,15082,0,B,65200,100,
000027.SZ,000027,20251209,91500080,0,15104,0,B,64600,2000,
000027.SZ,000027,20251209,91500080,0,16279,0,S,72900,400,
000027.SZ,000027,20251209,91500080,0,16347,0,B,64000,400,
000027.SZ,000027,20251209,91500080,0,16348,0,B,60000,400,
000027.SZ,000027,20251209,91500080,0,16714,0,S,72900,1000,
000027.SZ,000027,20251209,91500080,0,17665,0,S,72900,1700,
000027.SZ,000027,20251209,91500090,0,18921,0,S,68600,2000,
000027.SZ,000027,20251209,91500090,0,18922,0,S,70600,2000,
000027.SZ,000027,20251209,91500090,0,19030,0,S,67200,20000,
000027.SZ,000027,20251209,91500090,0,19031,0,S,72900,60000,
000027.SZ,000027,20251209,91500090,0,19039,0,S,67500,1500,
000027.SZ,000027,20251209,91500090,0,19592,0,S,66800,1000,
000027.SZ,000027,20251209,91500090,0,19764,0,B,64000,2000,
000027.SZ,000027,20251209,91500100,0,23017,0,S,72800,100,
000027.SZ,000027,20251209,91500100,0,23650,0,S,72900,200,
000027.SZ,000027,20251209,91500100,0,23686,0,S,68100,4000,
000027.SZ,000027,20251209,91500100,0,23687,0,S,67000,4000,
000027.SZ,000027,20251209,91500100,0,24603,0,B,65600,100,
000027.SZ,000027,20251209,91500100,0,24911,0,S,70300,4000,
000027.SZ,000027,20251209,91500100,0,24912,0,S,71400,4000,
000027.SZ,000027,20251209,91500100,0,25018,0,B,65800,13900,
000027.SZ,000027,20251209,91500100,0,25065,0,B,65400,3000,
000027.SZ,000027,20251209,91500100,0,25068,0,S,66500,1500,
000027.SZ,000027,20251209,91500100,0,25069,0,S,66500,1500,
000027.SZ,000027,20251209,91500100,0,25467,0,S,66500,1512,
000027.SZ,000027,20251209,91500110,0,26835,0,S,66700,50000,
000027.SZ,000027,20251209,91500110,0,26836,0,S,66500,50052,
000027.SZ,000027,20251209,91500110,0,26925,0,B,66100,50100,
000027.SZ,000027,20251209,91500110,0,27681,0,S,72000,200,
000027.SZ,000027,20251209,91500110,0,27891,0,B,64600,800,
000027.SZ,000027,20251209,91500110,0,28155,0,S,72900,5300,
000027.SZ,000027,20251209,91500110,0,28488,0,S,66300,1600,
000027.SZ,000027,20251209,91500110,0,29049,0,B,66000,2000,
000027.SZ,000027,20251209,91500110,0,29050,0,S,68000,2000,
000027.SZ,000027,20251209,91500120,0,30255,0,S,67000,600,
000027.SZ,000027,20251209,91500120,0,30735,0,S,66700,1400,
000027.SZ,000027,20251209,91500120,0,31320,0,S,67000,1000,
000027.SZ,000027,20251209,91500120,0,31330,0,B,66100,500,
000027.SZ,000027,20251209,91500120,0,31357,0,S,69800,2100,
000027.SZ,000027,20251209,91500120,0,32385,0,S,72000,2500,
000027.SZ,000027,20251209,91500120,0,32710,0,S,68800,300,
000027.SZ,000027,20251209,91500120,0,32972,0,B,66300,2000,
000027.SZ,000027,20251209,91500120,0,33129,0,B,66000,50100,
000027.SZ,000027,20251209,91500130,0,33774,0,S,66500,6000,
000027.SZ,000027,20251209,91500130,0,35252,0,S,70500,300,
000027.SZ,000027,20251209,91500130,0,35322,0,B,64600,500,
000027.SZ,000027,20251209,91500130,0,36365,0,B,66900,100,
000027.SZ,000027,20251209,91500130,0,37472,0,S,72700,3300,
000027.SZ,000027,20251209,91500140,0,38258,0,S,72500,1000,
000027.SZ,000027,20251209,91500140,0,39120,0,B,66000,300,
000027.SZ,000027,20251209,91500140,0,39611,0,S,72900,10000,
000027.SZ,000027,20251209,91500140,0,40192,0,B,66000,1000,
000027.SZ,000027,20251209,91500140,0,40418,0,S,67000,1000,
000027.SZ,000027,20251209,91500140,0,40419,0,S,67300,1000,
000027.SZ,000027,20251209,91500140,0,40424,0,S,67600,1000,
000027.SZ,000027,20251209,91500140,0,40425,0,S,67900,1000,
000027.SZ,000027,20251209,91500140,0,40426,0,S,68200,1000,
000027.SZ,000027,20251209,91500140,0,40429,0,S,68500,1000,
000027.SZ,000027,20251209,91500140,0,40470,0,S,68800,1000,
000027.SZ,000027,20251209,91500140,0,40471,0,S,69100,1000,
000027.SZ,000027,20251209,91500140,0,40472,0,S,69400,1000,
000027.SZ,000027,20251209,91500140,0,40476,0,S,69700,1000,
000027.SZ,000027,20251209,91500140,0,41112,0,S,72800,100,
000027.SZ,000027,20251209,91500140,0,41248,0,S,72900,400,
000027.SZ,000027,20251209,91500140,0,41461,0,S,67900,3000,
000027.SZ,000027,20251209,91500150,0,42678,0,S,68600,800,
000027.SZ,000027,20251209,91500150,0,42680,0,B,64000,800,
000027.SZ,000027,20251209,91500150,0,43405,0,S,69600,500,
000027.SZ,000027,20251209,91500150,0,43836,0,S,72900,1800,
000027.SZ,000027,20251209,91500150,0,43945,0,B,66400,800,
000027.SZ,000027,20251209,91500150,0,44112,0,B,64600,500,
000027.SZ,000027,20251209,91500150,0,44382,0,B,65000,100,
000027.SZ,000027,20251209,91500150,0,44863,0,S,72900,500,
000027.SZ,000027,20251209,91500150,0,45695,0,S,72000,2500,
000027.SZ,000027,20251209,91500160,0,47630,0,S,69000,1500,
000027.SZ,000027,20251209,91500160,0,48144,0,S,72200,5600,
000027.SZ,000027,20251209,91500160,0,49139,0,S,66900,300,
000027.SZ,000027,20251209,91500180,0,53238,0,S,66600,23200,
000027.SZ,000027,20251209,91500180,0,53239,0,S,66900,24600,
000027.SZ,000027,20251209,91500180,0,53498,0,S,66300,70000,
000027.SZ,000027,20251209,91500180,0,53501,0,S,66300,40800,
000027.SZ,000027,20251209,91500180,0,53851,0,S,72900,7600,
000027.SZ,000027,20251209,91500180,0,53875,0,S,68700,400,
000027.SZ,000027,20251209,91500180,0,53876,0,S,71300,400,
000027.SZ,000027,20251209,91500180,0,54157,0,S,71000,200,
000027.SZ,000027,20251209,91500180,0,54328,0,S,72900,500,
000027.SZ,000027,20251209,91500180,0,54639,0,S,72500,100,
000027.SZ,000027,20251209,91500180,0,54657,0,S,67500,3900,
000027.SZ,000027,20251209,91500190,0,56894,0,B,66100,1000,
000027.SZ,000027,20251209,91500190,0,56895,0,B,65800,1000,
000027.SZ,000027,20251209,91500190,0,57342,0,S,72900,4000,
000027.SZ,000027,20251209,91500190,0,57657,0,S,69000,200,
000027.SZ,000027,20251209,91500190,0,58232,0,S,68300,2000,
000027.SZ,000027,20251209,91500190,0,58236,0,S,68600,2000,
000027.SZ,000027,20251209,91500190,0,59174,0,S,72900,300,
000027.SZ,000027,20251209,91500200,0,59660,0,B,64800,500,
000027.SZ,000027,20251209,91500200,0,60798,0,S,68600,1000,
000027.SZ,000027,20251209,91500200,0,62180,0,S,66800,10000,
000027.SZ,000027,20251209,91500200,0,62192,0,S,67300,10000,
000027.SZ,000027,20251209,91500200,0,62193,0,S,67800,10000,
000027.SZ,000027,20251209,91500200,0,62194,0,S,68300,10000,
000027.SZ,000027,20251209,91500200,0,62195,0,S,68800,10000,
000027.SZ,000027,20251209,91500200,0,62196,0,S,69300,10000,
000027.SZ,000027,20251209,91500200,0,62198,0,S,69800,10000,
000027.SZ,000027,20251209,91500200,0,62382,0,B,63000,300,
000027.SZ,000027,20251209,91500210,0,64464,0,S,70900,100,
000027.SZ,000027,20251209,91500220,0,65193,0,S,72800,800,
000027.SZ,000027,20251209,91500220,0,65727,0,S,68100,110200,
000027.SZ,000027,20251209,91500220,0,66039,0,S,68700,1500,
000027.SZ,000027,20251209,91500220,0,66040,0,S,69700,1500,
000027.SZ,000027,20251209,91500220,0,66478,0,S,66900,500,
000027.SZ,000027,20251209,91500220,0,66744,0,B,60000,3000,
000027.SZ,000027,20251209,91500230,0,67228,0,S,66300,13800,
000027.SZ,000027,20251209,91500230,0,67911,0,S,72000,2200,
000027.SZ,000027,20251209,91500230,0,68224,0,S,67700,2500,
000027.SZ,000027,20251209,91500230,0,68227,0,B,65100,5000,
000027.SZ,000027,20251209,91500230,0,68228,0,B,63300,5000,
000027.SZ,000027,20251209,91500230,0,68229,0,B,62200,5000,
000027.SZ,000027,20251209,91500230,0,68652,0,S,72900,3300,
000027.SZ,000027,20251209,91500240,0,69363,0,S,72900,8100,
000027.SZ,000027,20251209,91500240,0,69387,0,S,71800,1000,
000027.SZ,000027,20251209,91500240,0,69422,0,B,64200,9200,
000027.SZ,000027,20251209,91500240,0,70170,0,S,66900,1500,
000027.SZ,000027,20251209,91500240,0,70190,0,S,72900,1000,
000027.SZ,000027,20251209,91500240,0,70284,0,S,70000,200,
000027.SZ,000027,20251209,91500240,0,70848,0,B,62700,900,
000027.SZ,000027,20251209,91500240,0,70849,0,S,69100,900,
000027.SZ,000027,20251209,91500250,0,72553,0,B,62800,100,
000027.SZ,000027,20251209,91500260,0,73304,0,B,65000,600,
000027.SZ,000027,20251209,91500260,0,73305,0,S,69000,600,
000027.SZ,000027,20251209,91500260,0,73306,0,S,72000,500,
000027.SZ,000027,20251209,91500270,0,74878,0,B,66000,1300,
000027.SZ,000027,20251209,91500270,0,75140,0,B,66000,600,
000027.SZ,000027,20251209,91500270,0,75143,0,S,71000,1000,
000027.SZ,000027,20251209,91500280,0,76199,0,S,72900,800,
000027.SZ,000027,20251209,91500280,0,76220,0,B,66700,35600,
000027.SZ,000027,20251209,91500280,0,76936,0,S,72700,200,
000027.SZ,000027,20251209,91500280,0,77033,0,S,71800,3500,
000027.SZ,000027,20251209,91500290,0,77965,0,S,67200,2900,
000027.SZ,000027,20251209,91500290,0,78010,0,S,68700,800,
000027.SZ,000027,20251209,91500290,0,78274,0,B,65200,115100,
000027.SZ,000027,20251209,91500290,0,79107,0,B,62600,800,
000027.SZ,000027,20251209,91500310,0,82811,0,S,66500,50000,
000027.SZ,000027,20251209,91500310,0,83566,0,S,66900,1000,
000027.SZ,000027,20251209,91500310,0,83646,0,S,72300,1600,
000027.SZ,000027,20251209,91500330,0,86925,0,S,72900,1000,
000027.SZ,000027,20251209,91500340,0,88389,0,S,72600,2000,
000027.SZ,000027,20251209,91500340,0,88659,0,B,68000,100,
000027.SZ,000027,20251209,91500350,0,89681,0,B,62000,2000,
000027.SZ,000027,20251209,91500350,0,89682,0,B,60000,2000,
000027.SZ,000027,20251209,91500350,0,89932,0,S,66900,2600,
000027.SZ,000027,20251209,91500350,0,90029,0,B,66000,1000,
000027.SZ,000027,20251209,91500350,0,90643,0,B,66000,2500,
000027.SZ,000027,20251209,91500350,0,90647,0,S,69000,2500,
000027.SZ,000027,20251209,91500350,0,90706,0,B,62700,3000,
000027.SZ,000027,20251209,91500350,0,90739,0,S,70900,3000,
000027.SZ,000027,20251209,91500360,0,91131,0,S,72900,1000,
000027.SZ,000027,20251209,91500370,0,92899,0,B,64800,1500,
000027.SZ,000027,20251209,91500380,0,93967,0,S,66600,7500,
000027.SZ,000027,20251209,91500380,0,94310,0,S,66900,3300,
000027.SZ,000027,20251209,91500400,0,96417,0,S,72900,1900,
000027.SZ,000027,20251209,91500400,0,96518,0,B,65800,500,
000027.SZ,000027,20251209,91500400,0,96918,0,S,71100,1700,
000027.SZ,000027,20251209,91500400,0,97270,0,S,68300,100,
000027.SZ,000027,20251209,91500400,0,97591,0,B,66000,1000,
000027.SZ,000027,20251209,91500400,0,97592,0,S,67500,1000,
000027.SZ,000027,20251209,91500410,0,98052,0,B,65800,1100,
000027.SZ,000027,20251209,91500410,0,98261,0,B,65500,2000,
000027.SZ,000027,20251209,91500410,0,98790,0,B,66000,1000,
000027.SZ,000027,20251209,91500410,0,98791,0,B,65500,1000,
000027.SZ,000027,20251209,91500410,0,98794,0,S,67500,1000,
000027.SZ,000027,20251209,91500410,0,98795,0,S,68000,1000,
000027.SZ,000027,20251209,91500410,0,99132,0,S,69500,200,
000027.SZ,000027,20251209,91500420,0,99673,0,S,72900,1100,
000027.SZ,000027,20251209,91500420,0,99724,0,S,72900,10200,
000027.SZ,000027,20251209,91500420,0,100392,0,S,71000,100,
000027.SZ,000027,20251209,91500430,0,101041,0,S,66700,1000,
000027.SZ,000027,20251209,91500430,0,101115,0,S,72900,21500,
000027.SZ,000027,20251209,91500430,0,101866,0,B,64100,100,
000027.SZ,000027,20251209,91500440,0,101906,0,B,65100,10000,
000027.SZ,000027,20251209,91500440,0,102200,0,S,67300,24000,
000027.SZ,000027,20251209,91500440,0,102203,0,B,66200,24000,
000027.SZ,000027,20251209,91500440,0,102244,0,S,66800,20000,
000027.SZ,000027,20251209,91500460,0,104501,0,S,72300,500,
000027.SZ,000027,20251209,91500460,0,104505,0,B,64700,2000,
000027.SZ,000027,20251209,91500460,0,104985,0,S,72900,1000,
000027.SZ,000027,20251209,91500470,0,105951,0,S,72900,48700,
000027.SZ,000027,20251209,91500470,0,106294,0,S,71800,3000,
000027.SZ,000027,20251209,91500470,0,106295,0,B,65200,3000,
000027.SZ,000027,20251209,91500490,0,108769,0,S,72900,200,
000027.SZ,000027,20251209,91500520,0,112847,0,S,72600,1500,
000027.SZ,000027,20251209,91500520,0,112848,0,S,69300,1000,
000027.SZ,000027,20251209,91500530,0,113663,0,S,66900,500,
000027.SZ,000027,20251209,91500530,0,113664,0,S,67100,500,
000027.SZ,000027,20251209,91500530,0,113665,0,S,67300,500,
000027.SZ,000027,20251209,91500530,0,113666,0,S,67500,500,
000027.SZ,000027,20251209,91500530,0,113667,0,S,67700,500,
000027.SZ,000027,20251209,91500530,0,113668,0,S,67900,500,
000027.SZ,000027,20251209,91500530,0,113669,0,S,68100,500,
000027.SZ,000027,20251209,91500530,0,113670,0,S,68300,500,
000027.SZ,000027,20251209,91500530,0,113671,0,S,68500,500,
000027.SZ,000027,20251209,91500530,0,113672,0,S,68700,600,
000027.SZ,000027,20251209,91500530,0,113673,0,S,68900,600,
000027.SZ,000027,20251209,91500530,0,113674,0,S,69100,600,
000027.SZ,000027,20251209,91500530,0,113675,0,S,69300,600,
000027.SZ,000027,20251209,91500530,0,113676,0,S,69500,600,
000027.SZ,000027,20251209,91500530,0,113677,0,S,69700,600,
000027.SZ,000027,20251209,91500530,0,113678,0,S,69900,600,
000027.SZ,000027,20251209,91500530,0,113679,0,S,70100,600,
000027.SZ,000027,20251209,91500530,0,113680,0,S,70300,600,
000027.SZ,000027,20251209,91500530,0,113681,0,S,70500,600,
000027.SZ,000027,20251209,91500530,0,113682,0,S,70700,700,
000027.SZ,000027,20251209,91500530,0,113683,0,S,70900,700,
000027.SZ,000027,20251209,91500530,0,113684,0,S,71100,700,
000027.SZ,000027,20251209,91500530,0,113685,0,S,71300,700,
000027.SZ,000027,20251209,91500530,0,113686,0,S,71500,700,
000027.SZ,000027,20251209,91500530,0,113687,0,S,71700,700,
000027.SZ,000027,20251209,91500530,0,113688,0,S,71900,700,
000027.SZ,000027,20251209,91500530,0,113689,0,S,72100,700,
000027.SZ,000027,20251209,91500530,0,113690,0,S,72300,700,
000027.SZ,000027,20251209,91500530,0,113691,0,S,72600,700,
000027.SZ,000027,20251209,91500530,0,113692,0,S,72800,700,
000027.SZ,000027,20251209,91500530,0,113716,0,B,65100,2000,
000027.SZ,000027,20251209,91500530,0,113875,0,B,66000,600,
000027.SZ,000027,20251209,91500530,0,113876,0,B,65800,700,
000027.SZ,000027,20251209,91500530,0,113877,0,B,65600,800,
000027.SZ,000027,20251209,91500530,0,113878,0,B,65400,900,
000027.SZ,000027,20251209,91500530,0,113879,0,B,65200,1000,
000027.SZ,000027,20251209,91500530,0,113880,0,B,65000,1000,
000027.SZ,000027,20251209,91500530,0,113881,0,B,64800,1000,
000027.SZ,000027,20251209,91500530,0,113882,0,B,64600,1000,
000027.SZ,000027,20251209,91500550,0,115736,0,B,65000,800,
000027.SZ,000027,20251209,91500550,0,115737,0,S,67500,800,
000027.SZ,000027,20251209,91500550,0,115751,0,S,68500,800,
000027.SZ,000027,20251209,91500550,0,116105,0,S,72900,2700,
000027.SZ,000027,20251209,91500560,0,116341,0,S,66800,500,
000027.SZ,000027,20251209,91500560,0,116342,0,S,67000,500,
000027.SZ,000027,20251209,91500560,0,116343,0,S,67200,500,
000027.SZ,000027,20251209,91500560,0,116344,0,S,67400,500,
000027.SZ,000027,20251209,91500560,0,116345,0,S,67600,500,
000027.SZ,000027,20251209,91500560,0,116346,0,S,67800,500,
000027.SZ,000027,20251209,91500560,0,116347,0,S,68000,500,
000027.SZ,000027,20251209,91500560,0,116348,0,S,68200,500,
000027.SZ,000027,20251209,91500560,0,116349,0,S,68400,500,
000027.SZ,000027,20251209,91500560,0,116350,0,S,68600,600,
000027.SZ,000027,20251209,91500560,0,116351,0,S,68800,600,
000027.SZ,000027,20251209,91500560,0,116352,0,S,69000,600,
000027.SZ,000027,20251209,91500560,0,116353,0,S,69200,600,
000027.SZ,000027,20251209,91500560,0,116354,0,S,69400,600,
000027.SZ,000027,20251209,91500560,0,116355,0,S,69600,600,
000027.SZ,000027,20251209,91500560,0,116356,0,S,69800,600,
000027.SZ,000027,20251209,91500560,0,116357,0,S,70000,600,
000027.SZ,000027,20251209,91500560,0,116358,0,S,70200,600,
000027.SZ,000027,20251209,91500560,0,116359,0,S,70400,600,
000027.SZ,000027,20251209,91500560,0,116360,0,S,70600,600,
000027.SZ,000027,20251209,91500560,0,116361,0,S,70800,700,
000027.SZ,000027,20251209,91500560,0,116362,0,S,71000,700,
000027.SZ,000027,20251209,91500560,0,116363,0,S,71200,700,
000027.SZ,000027,20251209,91500560,0,116366,0,S,71400,700,
000027.SZ,000027,20251209,91500560,0,116373,0,S,71600,700,
000027.SZ,000027,20251209,91500560,0,116374,0,S,71800,700,
000027.SZ,000027,20251209,91500560,0,116388,0,S,72000,700,
000027.SZ,000027,20251209,91500560,0,116389,0,S,72200,700,
000027.SZ,000027,20251209,91500560,0,116390,0,S,72400,700,
000027.SZ,000027,20251209,91500560,0,116391,0,S,72500,700,
000027.SZ,000027,20251209,91500560,0,116392,0,S,72700,700,
000027.SZ,000027,20251209,91500560,0,116393,0,S,72900,700,
000027.SZ,000027,20251209,91500560,0,116536,0,B,66100,600,
000027.SZ,000027,20251209,91500560,0,116537,0,B,65900,700,
000027.SZ,000027,20251209,91500560,0,116538,0,B,65700,700,
000027.SZ,000027,20251209,91500560,0,116539,0,B,65500,800,
000027.SZ,000027,20251209,91500560,0,116540,0,B,65300,900,
000027.SZ,000027,20251209,91500560,0,116541,0,B,65100,1000,
000027.SZ,000027,20251209,91500560,0,116542,0,B,64900,1000,
000027.SZ,000027,20251209,91500560,0,116543,0,B,64700,1000,
000027.SZ,000027,20251209,91500560,0,116544,0,B,64500,1000,
000027.SZ,000027,20251209,91500560,0,117472,0,S,72900,6000,
000027.SZ,000027,20251209,91500560,0,117782,0,S,72900,18000,
000027.SZ,000027,20251209,91500560,0,117818,0,S,72900,15000,
000027.SZ,000027,20251209,91500570,0,118701,0,B,66000,28800,
000027.SZ,000027,20251209,91500570,0,118705,0,B,65800,28000,
000027.SZ,000027,20251209,91500570,0,118721,0,B,62000,800,
000027.SZ,000027,20251209,91500570,0,118727,0,S,70500,800,
000027.SZ,000027,20251209,91500570,0,118731,0,B,65800,7000,
000027.SZ,000027,20251209,91500570,0,118732,0,B,65800,21200,
000027.SZ,000027,20251209,91500580,0,119144,0,S,66500,4700,
000027.SZ,000027,20251209,91500580,0,119471,0,B,63900,3800,
000027.SZ,000027,20251209,91500590,0,120173,0,B,64800,200,
000027.SZ,000027,20251209,91500590,0,120196,0,B,65700,400,
000027.SZ,000027,20251209,91500590,0,120197,0,B,65400,400,
000027.SZ,000027,20251209,91500590,0,120198,0,B,64900,400,
000027.SZ,000027,20251209,91500590,0,120199,0,B,64700,400,
000027.SZ,000027,20251209,91500590,0,120200,0,B,64400,400,
000027.SZ,000027,20251209,91500590,0,120201,0,S,68700,800,
000027.SZ,000027,20251209,91500590,0,120382,0,S,69200,4000,
000027.SZ,000027,20251209,91500590,0,120448,0,S,67000,5000,
000027.SZ,000027,20251209,91500600,0,121423,0,S,66700,4700,
000027.SZ,000027,20251209,91500600,0,121432,0,S,66900,4700,
000027.SZ,000027,20251209,91500600,0,121439,0,S,67300,4700,
000027.SZ,000027,20251209,91500600,0,121440,0,S,67700,4700,
000027.SZ,000027,20251209,91500600,0,121441,0,S,68100,4700,
000027.SZ,000027,20251209,91500600,0,121442,0,S,68500,4700,
000027.SZ,000027,20251209,91500600,0,121449,0,B,66100,4700,
000027.SZ,000027,20251209,91500600,0,121796,0,S,72900,2000,
000027.SZ,000027,20251209,91500610,0,122065,0,S,72900,11300,
000027.SZ,000027,20251209,91500610,0,122910,0,B,64500,1000,
000027.SZ,000027,20251209,91500630,0,124945,0,S,72900,100,
000027.SZ,000027,20251209,91500640,0,125333,0,S,66900,1600,
000027.SZ,000027,20251209,91500640,0,126044,0,B,65000,500,
000027.SZ,000027,20251209,91500640,0,126045,0,B,60000,500,
000027.SZ,000027,20251209,91500650,0,126942,0,S,72600,12000,
000027.SZ,000027,20251209,91500650,0,127462,0,B,66300,100,
000027.SZ,000027,20251209,91500660,0,127502,0,B,65400,12000,
000027.SZ,000027,20251209,91500660,0,127504,0,S,72900,12000,
000027.SZ,000027,20251209,91500660,0,127505,0,B,64500,12000,
000027.SZ,000027,20251209,91500660,0,127506,0,S,67100,48000,
000027.SZ,000027,20251209,91500660,0,127507,0,S,67600,48000,
000027.SZ,000027,20251209,91500660,0,127520,0,S,67500,3000,
000027.SZ,000027,20251209,91500660,0,127551,0,B,66000,1500,
000027.SZ,000027,20251209,91500660,0,127563,0,B,66000,2000,
000027.SZ,000027,20251209,91500700,0,132314,0,S,72900,20000,
000027.SZ,000027,20251209,91500700,0,132591,0,S,72200,1600,
000027.SZ,000027,20251209,91500720,0,134054,0,S,68200,4000,
000027.SZ,000027,20251209,91500720,0,134055,0,S,68700,4000,
000027.SZ,000027,20251209,91500720,0,134056,0,S,69200,4000,
000027.SZ,000027,20251209,91500720,0,134696,0,B,63800,100,
000027.SZ,000027,20251209,91500740,0,136081,0,S,67900,10000,
000027.SZ,000027,20251209,91500750,0,137629,0,S,72200,300,
000027.SZ,000027,20251209,91500750,0,137630,0,B,65500,500,
000027.SZ,000027,20251209,91500760,0,137689,0,S,72700,8600,
000027.SZ,000027,20251209,91500760,0,137691,0,S,72900,8600,
000027.SZ,000027,20251209,91500760,0,138416,0,S,72500,100,
000027.SZ,000027,20251209,91500770,0,138468,0,B,65500,500,
000027.SZ,000027,20251209,91500770,0,138469,0,S,69900,400,
000027.SZ,000027,20251209,91500770,0,138761,0,B,65100,9000,
000027.SZ,000027,20251209,91500770,0,138764,0,S,66900,10000,
000027.SZ,000027,20251209,91500770,0,138765,0,S,67000,10000,
000027.SZ,000027,20251209,91500770,0,138768,0,S,66800,10000,
000027.SZ,000027,20251209,91500770,0,138773,0,S,67500,10000,
000027.SZ,000027,20251209,91500770,0,138774,0,S,67600,9000,
000027.SZ,000027,20251209,91500770,0,139009,0,B,65800,600,
000027.SZ,000027,20251209,91500780,0,139630,0,S,72300,200,
000027.SZ,000027,20251209,91500780,0,140221,0,S,68200,1000,
000027.SZ,000027,20251209,91500790,0,140874,0,S,72500,200,
000027.SZ,000027,20251209,91500800,0,141276,0,B,61000,1600,
000027.SZ,000027,20251209,91500800,0,141405,0,B,59800,2000,
000027.SZ,000027,20251209,91500800,0,141542,0,S,72200,10000,
000027.SZ,000027,20251209,91500800,0,141825,0,S,72900,5500,
000027.SZ,000027,20251209,91500800,0,142103,0,S,69800,4000,
000027.SZ,000027,20251209,91500830,0,143898,0,S,71900,300,
000027.SZ,000027,20251209,91500830,0,144301,0,B,64600,500,
000027.SZ,000027,20251209,91500830,0,144522,0,B,65700,500,
000027.SZ,000027,20251209,91500840,0,144652,0,B,63800,100,
000027.SZ,000027,20251209,91500840,0,144658,0,B,63800,100,
000027.SZ,000027,20251209,91500860,0,146692,0,B,65100,2000,
000027.SZ,000027,20251209,91500890,0,148671,0,S,72900,5000,
000027.SZ,000027,20251209,91500890,0,148672,0,S,72700,5000,
000027.SZ,000027,20251209,91500890,0,148673,0,S,72300,5000,
000027.SZ,000027,20251209,91500890,0,148692,0,S,71900,5000,
000027.SZ,000027,20251209,91500890,0,148693,0,S,71500,5000,
000027.SZ,000027,20251209,91500890,0,148694,0,S,71100,5000,
000027.SZ,000027,20251209,91500890,0,148695,0,S,70700,5000,
000027.SZ,000027,20251209,91500890,0,148704,0,S,70300,5000,
000027.SZ,000027,20251209,91500890,0,148705,0,S,69900,5000,
000027.SZ,000027,20251209,91500890,0,148706,0,S,69500,5000,
000027.SZ,000027,20251209,91500900,0,149628,0,S,72800,8600,
000027.SZ,000027,20251209,91500930,0,152028,0,S,72800,4000,
000027.SZ,000027,20251209,91500930,0,152160,0,B,65200,4500,
000027.SZ,000027,20251209,91500940,0,152327,0,S,69900,500,
000027.SZ,000027,20251209,91500950,0,153213,0,S,67100,10000,
000027.SZ,000027,20251209,91500950,0,153222,0,S,67400,9300,
000027.SZ,000027,20251209,91500960,0,154574,0,S,69000,2000,
000027.SZ,000027,20251209,91500980,0,155332,0,S,72200,1800,
000027.SZ,000027,20251209,91501000,0,156675,0,S,70300,100,
000027.SZ,000027,20251209,91501000,0,156676,0,S,70800,100,
000027.SZ,000027,20251209,91501000,0,156677,0,S,72900,200,
000027.SZ,000027,20251209,91501000,0,156681,0,B,64100,200,
000027.SZ,000027,20251209,91501010,0,157673,0,S,69800,6000,
000027.SZ,000027,20251209,91501030,0,159797,0,B,64000,2000,
000027.SZ,000027,20251209,91501040,0,160776,0,B,65000,1000,
000027.SZ,000027,20251209,91501040,0,160778,0,B,62800,1000,
000027.SZ,000027,20251209,91501040,0,160779,0,B,61300,1000,
000027.SZ,000027,20251209,91501040,0,160780,0,S,72900,1000,
000027.SZ,000027,20251209,91501040,0,160900,0,S,72900,500,
000027.SZ,000027,20251209,91501050,0,161643,0,S,67700,1000,
000027.SZ,000027,20251209,91501060,0,161959,0,S,69000,5000,
000027.SZ,000027,20251209,91501060,0,162248,0,B,65800,600,
000027.SZ,000027,20251209,91501080,0,163586,0,S,68900,600,
000027.SZ,000027,20251209,91501180,0,171437,0,B,63800,100,
000027.SZ,000027,20251209,91501180,0,171438,0,B,63800,100,
000027.SZ,000027,20251209,91501180,0,171543,0,S,66400,1500,
000027.SZ,000027,20251209,91501180,0,171544,0,S,66500,1500,
000027.SZ,000027,20251209,91501200,0,172821,0,S,69400,12000,
000027.SZ,000027,20251209,91501200,0,172823,0,S,68000,36000,
000027.SZ,000027,20251209,91501210,0,173389,0,B,67600,100,
000027.SZ,000027,20251209,91501210,0,173556,0,S,67000,400,
000027.SZ,000027,20251209,91501240,0,175526,0,S,68500,100,
000027.SZ,000027,20251209,91501270,0,176987,0,S,67500,1500,
000027.SZ,000027,20251209,91501280,0,177409,0,S,72500,3700,
000027.SZ,000027,20251209,91501300,0,178655,0,S,72900,3000,
000027.SZ,000027,20251209,91501320,0,179494,0,B,65100,500,
000027.SZ,000027,20251209,91501330,0,180658,0,B,65000,1000,
000027.SZ,000027,20251209,91501370,0,183011,0,B,64000,3000,
000027.SZ,000027,20251209,91501370,0,183012,0,S,72100,3000,
000027.SZ,000027,20251209,91501380,0,183605,0,S,66800,500,
000027.SZ,000027,20251209,91501390,0,184430,0,S,66400,14300,
000027.SZ,000027,20251209,91501390,0,184431,0,S,66500,20000,
000027.SZ,000027,20251209,91501390,0,184432,0,S,66600,16600,
000027.SZ,000027,20251209,91501390,0,184433,0,S,66700,10000,
000027.SZ,000027,20251209,91501390,0,184445,0,S,67500,5000,
000027.SZ,000027,20251209,91501400,0,184912,0,S,67000,2000,
000027.SZ,000027,20251209,91501400,0,184942,0,B,66200,51400,
000027.SZ,000027,20251209,91501440,0,188017,0,S,72900,6000,
000027.SZ,000027,20251209,91501450,0,188399,0,S,71500,3000,
000027.SZ,000027,20251209,91501470,0,189709,0,S,67500,4000,
000027.SZ,000027,20251209,91501470,0,189934,0,S,67400,3000,
000027.SZ,000027,20251209,91501470,0,190157,0,S,71000,8700,
000027.SZ,000027,20251209,91501480,0,190708,0,S,72800,500,
000027.SZ,000027,20251209,91501490,0,191433,0,B,65600,2000,
000027.SZ,000027,20251209,91501490,0,191434,0,B,65000,3000,
000027.SZ,000027,20251209,91501500,0,192216,0,S,69900,5000,
000027.SZ,000027,20251209,91501510,0,193778,0,S,72500,2000,
000027.SZ,000027,20251209,91501520,0,194494,0,S,67700,38200,
000027.SZ,000027,20251209,91501540,0,195960,0,B,65200,200,
000027.SZ,000027,20251209,91501540,0,196359,0,B,64300,300,
000027.SZ,000027,20251209,91501540,0,196554,0,S,69600,400,
000027.SZ,000027,20251209,91501550,0,197028,0,S,67500,1000,
000027.SZ,000027,20251209,91501550,0,197266,0,S,70300,300,
000027.SZ,000027,20251209,91501560,0,197493,0,S,70900,1000,
000027.SZ,000027,20251209,91501580,0,199228,0,S,69600,500,
000027.SZ,000027,20251209,91501580,0,199383,0,S,69000,200,
000027.SZ,000027,20251209,91501580,0,199478,0,B,65400,1000,
000027.SZ,000027,20251209,91501590,0,199793,0,S,72900,400,
000027.SZ,000027,20251209,91501590,0,200208,0,B,65500,1000,
000027.SZ,000027,20251209,91501610,0,200907,0,S,72700,1100,
000027.SZ,000027,20251209,91501610,0,200909,0,S,72100,500,
000027.SZ,000027,20251209,91501630,0,201874,0,S,70000,2500,
000027.SZ,000027,20251209,91501630,0,201886,0,S,71800,2500,
000027.SZ,000027,20251209,91501630,0,202151,0,S,67500,2000,
000027.SZ,000027,20251209,91501630,0,202286,0,S,69800,2000,
000027.SZ,000027,20251209,91501640,0,202766,0,B,66200,100,
000027.SZ,000027,20251209,91501640,0,202768,0,B,66000,200,
000027.SZ,000027,20251209,91501660,0,204198,0,S,71800,5000,
000027.SZ,000027,20251209,91501660,0,204235,0,B,65200,5000,
000027.SZ,000027,20251209,91501660,0,204448,0,S,67800,5000,
000027.SZ,000027,20251209,91501660,0,204449,0,S,70300,4000,
000027.SZ,000027,20251209,91501660,0,204457,0,S,72800,4000,
000027.SZ,000027,20251209,91501660,0,204575,0,S,70900,10000,
000027.SZ,000027,20251209,91501660,0,204576,0,S,70700,10000,
000027.SZ,000027,20251209,91501660,0,204577,0,S,70600,10000,
000027.SZ,000027,20251209,91501660,0,204578,0,S,70400,10000,
000027.SZ,000027,20251209,91501660,0,204579,0,S,70300,10000,
000027.SZ,000027,20251209,91501660,0,204580,0,S,70200,10000,
000027.SZ,000027,20251209,91501660,0,204581,0,S,70000,10000,
000027.SZ,000027,20251209,91501660,0,204583,0,S,69800,10000,
000027.SZ,000027,20251209,91501660,0,204584,0,S,69700,10000,
000027.SZ,000027,20251209,91501660,0,204585,0,S,69500,10000,
000027.SZ,000027,20251209,91501660,0,204586,0,S,69400,10000,
000027.SZ,000027,20251209,91501660,0,204587,0,S,69200,10000,
000027.SZ,000027,20251209,91501660,0,204588,0,S,69100,10000,
000027.SZ,000027,20251209,91501660,0,204589,0,S,68900,10000,
000027.SZ,000027,20251209,91501660,0,204590,0,S,68800,10000,
000027.SZ,000027,20251209,91501660,0,204591,0,S,68700,10000,
000027.SZ,000027,20251209,91501660,0,204592,0,S,68500,10000,
000027.SZ,000027,20251209,91501660,0,204593,0,S,68400,10000,
000027.SZ,000027,20251209,91501660,0,204594,0,S,68200,8000,
000027.SZ,000027,20251209,91501660,0,204595,0,S,68100,8000,
000027.SZ,000027,20251209,91501660,0,204596,0,S,67900,8000,
000027.SZ,000027,20251209,91501660,0,204597,0,S,67800,8000,
000027.SZ,000027,20251209,91501660,0,204598,0,S,67700,8000,
000027.SZ,000027,20251209,91501660,0,204599,0,S,67500,8000,
000027.SZ,000027,20251209,91501660,0,204600,0,S,67400,8000,
000027.SZ,000027,20251209,91501660,0,204601,0,S,67200,8000,
000027.SZ,000027,20251209,91501660,0,204603,0,S,67100,8000,
000027.SZ,000027,20251209,91501660,0,204604,0,S,66900,8000,
000027.SZ,000027,20251209,91501660,0,204605,0,B,66100,8000,
000027.SZ,000027,20251209,91501660,0,204606,0,B,66000,8000,
000027.SZ,000027,20251209,91501660,0,204607,0,B,65800,8000,
000027.SZ,000027,20251209,91501660,0,204608,0,B,65700,8000,
000027.SZ,000027,20251209,91501660,0,204609,0,B,65600,8000,
000027.SZ,000027,20251209,91501660,0,204610,0,B,65400,8000,
000027.SZ,000027,20251209,91501660,0,204611,0,B,65300,8000,
000027.SZ,000027,20251209,91501680,0,206112,0,S,70800,10000,
000027.SZ,000027,20251209,91501680,0,206113,0,S,70700,10000,
000027.SZ,000027,20251209,91501680,0,206114,0,S,70500,10000,
000027.SZ,000027,20251209,91501680,0,206115,0,S,70400,10000,
000027.SZ,000027,20251209,91501680,0,206116,0,S,70200,10000,
000027.SZ,000027,20251209,91501680,0,206117,0,S,70100,10000,
000027.SZ,000027,20251209,91501680,0,206118,0,S,69900,10000,
000027.SZ,000027,20251209,91501680,0,206119,0,S,69900,10000,
000027.SZ,000027,20251209,91501680,0,206120,0,S,69700,10000,
000027.SZ,000027,20251209,91501680,0,206121,0,S,69600,10000,
000027.SZ,000027,20251209,91501680,0,206122,0,S,69400,10000,
000027.SZ,000027,20251209,91501680,0,206123,0,S,69300,10000,
000027.SZ,000027,20251209,91501680,0,206124,0,S,69200,10000,
000027.SZ,000027,20251209,91501680,0,206125,0,S,69000,10000,
000027.SZ,000027,20251209,91501680,0,206126,0,S,68900,10000,
000027.SZ,000027,20251209,91501680,0,206127,0,S,68700,10000,
000027.SZ,000027,20251209,91501680,0,206128,0,S,68600,10000,
000027.SZ,000027,20251209,91501680,0,206129,0,S,68400,10000,
000027.SZ,000027,20251209,91501680,0,206130,0,S,68300,8000,
000027.SZ,000027,20251209,91501680,0,206131,0,S,68200,8000,
000027.SZ,000027,20251209,91501680,0,206132,0,S,68000,8000,
000027.SZ,000027,20251209,91501680,0,206133,0,S,67900,8000,
000027.SZ,000027,20251209,91501680,0,206134,0,S,67700,8000,
000027.SZ,000027,20251209,91501680,0,206135,0,S,67600,8000,
000027.SZ,000027,20251209,91501680,0,206136,0,S,67400,8000,
000027.SZ,000027,20251209,91501680,0,206137,0,S,67300,8000,
000027.SZ,000027,20251209,91501680,0,206138,0,S,67200,8000,
000027.SZ,000027,20251209,91501680,0,206139,0,S,67000,8000,
000027.SZ,000027,20251209,91501680,0,206140,0,S,66900,8000,
000027.SZ,000027,20251209,91501680,0,206141,0,S,66800,8000,
000027.SZ,000027,20251209,91501680,0,206142,0,B,66100,8000,
000027.SZ,000027,20251209,91501680,0,206143,0,B,65900,8000,
000027.SZ,000027,20251209,91501680,0,206144,0,B,65800,8000,
000027.SZ,000027,20251209,91501680,0,206145,0,B,65600,8000,
000027.SZ,000027,20251209,91501680,0,206146,0,B,65500,8000,
000027.SZ,000027,20251209,91501680,0,206147,0,B,65300,8000,
000027.SZ,000027,20251209,91501680,0,206148,0,B,65200,8000,
000027.SZ,000027,20251209,91501680,0,206348,0,B,63800,30600,
000027.SZ,000027,20251209,91501700,0,206805,0,S,69800,1600,
000027.SZ,000027,20251209,91501720,0,207747,0,S,68600,500,
000027.SZ,000027,20251209,91501720,0,207749,0,S,69500,500,
000027.SZ,000027,20251209,91501720,0,207759,0,S,70100,500,
000027.SZ,000027,20251209,91501720,0,207780,0,S,71200,600,
000027.SZ,000027,20251209,91501740,0,208678,0,S,71600,700,
000027.SZ,000027,20251209,91501750,0,209247,0,S,67200,9900,
000027.SZ,000027,20251209,91501760,0,209755,0,S,72900,4100,
000027.SZ,000027,20251209,91501760,0,209790,0,S,72900,3500,
000027.SZ,000027,20251209,91501760,0,209866,0,B,65000,2000,
000027.SZ,000027,20251209,91501780,0,210828,0,B,59800,2000,
000027.SZ,000027,20251209,91501780,0,210829,0,B,60100,1000,
000027.SZ,000027,20251209,91501800,0,211337,0,S,72000,1000,
000027.SZ,000027,20251209,91501800,0,211658,0,S,67000,600,
000027.SZ,000027,20251209,91501840,0,213051,0,B,60100,2000,
000027.SZ,000027,20251209,91501860,0,214075,0,S,72900,1600,
000027.SZ,000027,20251209,91501860,0,214081,0,B,64300,1800,
000027.SZ,000027,20251209,91501880,0,215079,0,B,61800,100,
000027.SZ,000027,20251209,91501880,0,215233,0,B,66100,100,
000027.SZ,000027,20251209,91501890,0,215512,0,S,72900,5000,
000027.SZ,000027,20251209,91501900,0,216024,0,S,71100,1000,
000027.SZ,000027,20251209,91501900,0,216025,0,S,71200,1000,
000027.SZ,000027,20251209,91501900,0,216031,0,S,71300,1000,
000027.SZ,000027,20251209,91501900,0,216200,0,S,67000,10000,
000027.SZ,000027,20251209,91501940,0,217320,0,S,69500,12900,
000027.SZ,000027,20251209,91501940,0,217321,0,S,69600,13000,
000027.SZ,000027,20251209,91501940,0,217792,0,S,70000,5000,
000027.SZ,000027,20251209,91501950,0,218051,0,S,72700,2000,
000027.SZ,000027,20251209,91501950,0,218115,0,B,64800,400,
000027.SZ,000027,20251209,91501960,0,218743,0,S,68300,500,
000027.SZ,000027,20251209,91501970,0,218853,0,S,68300,1100,
000027.SZ,000027,20251209,91502000,0,220721,0,S,69300,1000,
000027.SZ,000027,20251209,91502010,0,221013,0,S,72000,100,
000027.SZ,000027,20251209,91502010,0,221250,0,S,66800,16600,
000027.SZ,000027,20251209,91502060,0,224094,0,S,67900,1300,
000027.SZ,000027,20251209,91502080,0,224865,0,S,68800,1500,
000027.SZ,000027,20251209,91502090,0,225020,0,S,71800,700,
000027.SZ,000027,20251209,91502100,0,225828,0,S,66800,600,
000027.SZ,000027,20251209,91502100,0,225829,0,S,67100,700,
000027.SZ,000027,20251209,91502100,0,225830,0,S,67400,700,
000027.SZ,000027,20251209,91502100,0,225831,0,B,66000,600,
000027.SZ,000027,20251209,91502100,0,225832,0,B,65700,700,
000027.SZ,000027,20251209,91502130,0,226732,0,S,72900,2000,
000027.SZ,000027,20251209,91502130,0,226778,0,B,65100,5000,
000027.SZ,000027,20251209,91502140,0,227163,0,B,65100,500,
000027.SZ,000027,20251209,91502140,0,227180,0,S,67900,500,
000027.SZ,000027,20251209,91502150,0,227280,0,S,72500,2200,
000027.SZ,000027,20251209,91502150,0,227540,0,S,72900,600,
000027.SZ,000027,20251209,91502170,0,228587,0,B,65000,500,
000027.SZ,000027,20251209,91502180,0,229118,0,S,69700,11900,
000027.SZ,000027,20251209,91502180,0,229138,0,B,63000,1600,
000027.SZ,000027,20251209,91502180,0,229139,0,S,70800,1600,
000027.SZ,000027,20251209,91502180,0,229423,0,S,72900,3600,
000027.SZ,000027,20251209,91502190,0,230170,0,B,66100,10000,
000027.SZ,000027,20251209,91502190,0,230173,0,B,65900,10000,
000027.SZ,000027,20251209,91502190,0,230174,0,B,65600,10000,
000027.SZ,000027,20251209,91502190,0,230175,0,S,66900,10000,
000027.SZ,000027,20251209,91502200,0,230381,0,S,67600,5000,
000027.SZ,000027,20251209,91502250,0,233068,0,B,60300,100,
000027.SZ,000027,20251209,91502250,0,233069,0,S,72500,300,
000027.SZ,000027,20251209,91502270,0,233784,0,S,67000,100,
000027.SZ,000027,20251209,91502270,0,233786,0,S,67700,800,
000027.SZ,000027,20251209,91502270,0,233787,0,S,68400,700,
000027.SZ,000027,20251209,91502270,0,233788,0,S,69100,600,
000027.SZ,000027,20251209,91502270,0,233789,0,S,69800,500,
000027.SZ,000027,20251209,91502270,0,233790,0,S,70500,400,
000027.SZ,000027,20251209,91502270,0,233791,0,S,71200,300,
000027.SZ,000027,20251209,91502270,0,233792,0,S,71900,200,
000027.SZ,000027,20251209,91502270,0,233793,0,S,72600,100,
000027.SZ,000027,20251209,91502280,0,233794,0,B,65600,200,
000027.SZ,000027,20251209,91502280,0,233801,0,B,64900,300,
000027.SZ,000027,20251209,91502280,0,233802,0,B,64200,400,
000027.SZ,000027,20251209,91502280,0,233804,0,B,63500,500,
000027.SZ,000027,20251209,91502300,0,234811,0,S,72800,106700,
000027.SZ,000027,20251209,91502320,0,235418,0,B,64200,500,
000027.SZ,000027,20251209,91502320,0,235419,0,B,62200,500,
000027.SZ,000027,20251209,91502320,0,235826,0,S,67500,32300,
000027.SZ,000027,20251209,91502330,0,235974,0,B,66000,500,
000027.SZ,000027,20251209,91502330,0,236402,0,S,67200,2000,
000027.SZ,000027,20251209,91502350,0,237025,0,S,69800,3000,
000027.SZ,000027,20251209,91502360,0,237192,0,S,72900,1000,
000027.SZ,000027,20251209,91502360,0,237232,0,S,71300,300,
000027.SZ,000027,20251209,91502380,0,237727,0,B,65300,1000,
000027.SZ,000027,20251209,91502380,0,237810,0,S,67900,2000,
000027.SZ,000027,20251209,91502400,0,238386,0,B,65600,3000,
000027.SZ,000027,20251209,91502400,0,238566,0,S,67600,10000,
000027.SZ,000027,20251209,91502420,0,239534,0,S,72900,300,
000027.SZ,000027,20251209,91502460,0,241189,0,S,66900,11000,
000027.SZ,000027,20251209,91502470,0,241394,0,S,72900,200,
000027.SZ,000027,20251209,91502470,0,241459,0,S,71500,6000,
000027.SZ,000027,20251209,91502470,0,241775,0,S,71300,3500,
000027.SZ,000027,20251209,91502500,0,243046,0,B,65200,5000,
000027.SZ,000027,20251209,91502510,0,243851,0,S,66900,2000,
000027.SZ,000027,20251209,91502520,0,244411,0,B,66000,10000,
000027.SZ,000027,20251209,91502540,0,245123,0,S,67900,10000,
000027.SZ,000027,20251209,91502550,0,246272,0,S,72900,100,
000027.SZ,000027,20251209,91502560,0,246409,0,S,72400,2000,
000027.SZ,000027,20251209,91502570,0,246835,0,S,72300,300,
000027.SZ,000027,20251209,91502570,0,246966,0,B,65600,600,
000027.SZ,000027,20251209,91502610,0,248592,0,S,72900,100,
000027.SZ,000027,20251209,91502610,0,248645,0,S,72900,200,
000027.SZ,000027,20251209,91502630,0,249522,0,S,70000,2000,
000027.SZ,000027,20251209,91502640,0,250035,0,B,65900,400,
000027.SZ,000027,20251209,91502640,0,250036,0,B,65100,400,
000027.SZ,000027,20251209,91502640,0,250038,0,S,69200,800,
000027.SZ,000027,20251209,91502640,0,250039,0,S,69700,800,
000027.SZ,000027,20251209,91502660,0,250858,0,S,66600,10000,
000027.SZ,000027,20251209,91502660,0,250859,0,S,66600,10000,
000027.SZ,000027,20251209,91502670,0,251153,0,S,67500,3000,
000027.SZ,000027,20251209,91502670,0,251370,0,S,72800,300,
000027.SZ,000027,20251209,91502680,0,251678,0,S,71900,300,
000027.SZ,000027,20251209,91502690,0,251979,0,S,72900,1000,
000027.SZ,000027,20251209,91502690,0,252007,0,S,68900,200,
000027.SZ,000027,20251209,91502690,0,252250,0,S,67000,800,
000027.SZ,000027,20251209,91502700,0,252403,0,S,66800,1600,
000027.SZ,000027,20251209,91502700,0,252407,0,S,67000,1700,
000027.SZ,000027,20251209,91502700,0,252524,0,B,63000,200,
000027.SZ,000027,20251209,91502750,0,253890,0,B,65800,5000,
000027.SZ,000027,20251209,91502750,0,253891,0,B,65700,5000,
000027.SZ,000027,20251209,91502750,0,253948,0,S,68500,1500,
000027.SZ,000027,20251209,91502750,0,253951,0,S,70500,1500,
000027.SZ,000027,20251209,91502750,0,253952,0,S,71500,1500,
000027.SZ,000027,20251209,91502810,0,255231,0,S,72900,1200,
000027.SZ,000027,20251209,91502810,0,255241,0,S,72900,100,
000027.SZ,000027,20251209,91502820,0,255470,0,S,67500,19900,
000027.SZ,000027,20251209,91502830,0,255777,0,B,61500,1900,
000027.SZ,000027,20251209,91502830,0,255824,0,B,59800,2000,
000027.SZ,000027,20251209,91502830,0,255943,0,S,72900,10100,
000027.SZ,000027,20251209,91502840,0,256116,0,S,66700,800,
000027.SZ,000027,20251209,91502840,0,256117,0,S,66800,900,
000027.SZ,000027,20251209,91502840,0,256118,0,S,66900,1000,
000027.SZ,000027,20251209,91502840,0,256119,0,S,67000,1100,
000027.SZ,000027,20251209,91502840,0,256120,0,S,67100,1200,
000027.SZ,000027,20251209,91502840,0,256121,0,S,67200,1300,
000027.SZ,000027,20251209,91502840,0,256122,0,S,67300,1500,
000027.SZ,000027,20251209,91502840,0,256123,0,S,67400,1600,
000027.SZ,000027,20251209,91502840,0,256124,0,S,67500,1600,
000027.SZ,000027,20251209,91502840,0,256125,0,S,67600,1800,
000027.SZ,000027,20251209,91502840,0,256126,0,S,67700,1800,
000027.SZ,000027,20251209,91502840,0,256127,0,S,67800,2000,
000027.SZ,000027,20251209,91502840,0,256128,0,S,67900,2000,
000027.SZ,000027,20251209,91502840,0,256129,0,S,68000,2200,
000027.SZ,000027,20251209,91502840,0,256130,0,S,68100,2200,
000027.SZ,000027,20251209,91502840,0,256131,0,S,68200,2400,
000027.SZ,000027,20251209,91502840,0,256132,0,S,68300,2400,
000027.SZ,000027,20251209,91502840,0,256133,0,S,68400,2600,
000027.SZ,000027,20251209,91502840,0,256134,0,S,68500,2700,
000027.SZ,000027,20251209,91502840,0,256135,0,S,68600,2800,
000027.SZ,000027,20251209,91502840,0,256136,0,S,68700,2700,
000027.SZ,000027,20251209,91502840,0,256137,0,S,68800,2900,
000027.SZ,000027,20251209,91502840,0,256138,0,S,68900,3100,
000027.SZ,000027,20251209,91502840,0,256139,0,S,69000,3000,
000027.SZ,000027,20251209,91502840,0,256140,0,S,69100,3100,
000027.SZ,000027,20251209,91502840,0,256141,0,S,69200,3000,
000027.SZ,000027,20251209,91502840,0,256142,0,S,69300,3200,
000027.SZ,000027,20251209,91502840,0,256143,0,S,69400,3200,
000027.SZ,000027,20251209,91502840,0,256144,0,S,69500,3200,
000027.SZ,000027,20251209,91502840,0,256145,0,S,69600,3100,
000027.SZ,000027,20251209,91502840,0,256146,0,S,69700,3100,
000027.SZ,000027,20251209,91502840,0,256147,0,S,69800,3100,
000027.SZ,000027,20251209,91502840,0,256148,0,S,69900,3200,
000027.SZ,000027,20251209,91502840,0,256149,0,S,70000,3000,
000027.SZ,000027,20251209,91502840,0,256150,0,S,70100,3000,
000027.SZ,000027,20251209,91502840,0,256151,0,S,70200,3100,
000027.SZ,000027,20251209,91502840,0,256152,0,S,70300,3000,
000027.SZ,000027,20251209,91502840,0,256153,0,S,70400,3100,
000027.SZ,000027,20251209,91502840,0,256154,0,S,70500,3100,
000027.SZ,000027,20251209,91502850,0,256321,0,S,71700,200,
000027.SZ,000027,20251209,91502860,0,256683,0,S,68800,2300,
000027.SZ,000027,20251209,91502870,0,256689,0,S,69600,2300,
000027.SZ,000027,20251209,91502910,0,257541,0,S,72900,4800,
000027.SZ,000027,20251209,91502920,0,257680,0,S,70600,3000,
000027.SZ,000027,20251209,91502920,0,257681,0,S,70700,3100,
000027.SZ,000027,20251209,91502920,0,257682,0,S,70800,3000,
000027.SZ,000027,20251209,91502920,0,257683,0,S,70900,3000,
000027.SZ,000027,20251209,91502940,0,258392,0,S,68700,14700,
000027.SZ,000027,20251209,91502940,0,258424,0,S,67100,14900,
000027.SZ,000027,20251209,91502950,0,259014,0,B,65700,300,
000027.SZ,000027,20251209,91502950,0,259017,0,B,65300,300,
000027.SZ,000027,20251209,91502950,0,259019,0,B,65500,200,
000027.SZ,000027,20251209,91502950,0,259138,0,S,68000,1500,
000027.SZ,000027,20251209,91502950,0,259150,0,S,69000,1500,
000027.SZ,000027,20251209,91502950,0,259151,0,S,69500,1500,
000027.SZ,000027,20251209,91502950,0,259153,0,S,70000,1500,
000027.SZ,000027,20251209,91502950,0,259156,0,S,71000,1500,
000027.SZ,000027,20251209,91502950,0,259158,0,S,72000,1500,
000027.SZ,000027,20251209,91502950,0,259159,0,S,72500,1500,
000027.SZ,000027,20251209,91502950,0,259211,0,S,68900,600,
000027.SZ,000027,20251209,91502960,0,259604,0,B,65300,2500,
000027.SZ,000027,20251209,91502960,0,259623,0,S,70000,2500,
000027.SZ,000027,20251209,91503020,0,261675,0,S,65000,2400,
000027.SZ,000027,20251209,91503020,0,261798,0,S,69900,1000,
000027.SZ,000027,20251209,91503040,0,262333,0,S,69800,1000,
000027.SZ,000027,20251209,91503070,0,263104,0,S,68700,1500,
000027.SZ,000027,20251209,91503070,0,263105,0,S,69700,1500,
000027.SZ,000027,20251209,91503080,0,263339,0,S,67300,10000,
000027.SZ,000027,20251209,91503080,0,263368,0,S,67900,10000,
000027.SZ,000027,20251209,91503080,0,263371,0,S,68600,10000,
000027.SZ,000027,20251209,91503110,0,264270,0,S,72900,2600,
000027.SZ,000027,20251209,91503110,0,264314,0,S,70400,4900,
000027.SZ,000027,20251209,91503110,0,264400,0,S,71700,300,
000027.SZ,000027,20251209,91503150,0,265197,0,S,66500,100,
000027.SZ,000027,20251209,91503150,0,265499,0,B,65200,700,
000027.SZ,000027,20251209,91503180,0,266696,0,S,68500,500,
000027.SZ,000027,20251209,91503180,0,266697,0,S,69000,600,
000027.SZ,000027,20251209,91503180,0,266698,0,S,69500,1000,
000027.SZ,000027,20251209,91503180,0,266701,0,S,70500,2000,
000027.SZ,000027,20251209,91503180,0,266702,0,S,71000,2000,
000027.SZ,000027,20251209,91503190,0,266855,0,B,66100,1000,
000027.SZ,000027,20251209,91503190,0,266974,0,B,66000,1000,
000027.SZ,000027,20251209,91503230,0,267862,0,S,71100,200,
000027.SZ,000027,20251209,91503230,0,267933,0,S,72800,500,
000027.SZ,000027,20251209,91503240,0,268005,0,S,70500,500,
000027.SZ,000027,20251209,91503250,0,268111,0,S,69300,2800,
000027.SZ,000027,20251209,91503250,0,268214,0,B,63500,1600,
000027.SZ,000027,20251209,91503310,0,269250,0,S,72900,100,
000027.SZ,000027,20251209,91503310,0,269263,0,S,72900,100,
000027.SZ,000027,20251209,91503330,0,269912,0,B,64100,900,
000027.SZ,000027,20251209,91503370,0,270595,0,B,65800,1000,
000027.SZ,000027,20251209,91503410,0,271470,0,S,71700,700,
000027.SZ,000027,20251209,91503420,0,271967,0,S,72500,2000,
000027.SZ,000027,20251209,91503440,0,272520,0,S,72100,6000,
000027.SZ,000027,20251209,91503470,0,273064,0,S,66900,3600,
000027.SZ,000027,20251209,91503480,0,273319,0,S,72800,2800,
000027.SZ,000027,20251209,91503480,0,273357,0,B,65200,10000,
000027.SZ,000027,20251209,91503480,0,273442,0,S,68200,300,
000027.SZ,000027,20251209,91503480,0,273497,0,S,71800,10000,
000027.SZ,000027,20251209,91503480,0,273696,0,S,68700,1000,
000027.SZ,000027,20251209,91503490,0,273850,0,S,66400,19500,
000027.SZ,000027,20251209,91503500,0,274366,0,S,72200,200,
000027.SZ,000027,20251209,91503510,0,274944,0,S,72900,100,
000027.SZ,000027,20251209,91503510,0,274955,0,S,72900,100,
000027.SZ,000027,20251209,91503520,0,275182,0,B,64100,1800,
000027.SZ,000027,20251209,91503520,0,275184,0,S,67700,1700,
000027.SZ,000027,20251209,91503520,0,275185,0,S,70800,1700,
000027.SZ,000027,20251209,91503520,0,275215,0,S,69600,1500,
000027.SZ,000027,20251209,91503520,0,275221,0,S,70100,1500,
000027.SZ,000027,20251209,91503520,0,275224,0,S,70600,1500,
000027.SZ,000027,20251209,91503520,0,275227,0,S,71600,1500,
000027.SZ,000027,20251209,91503530,0,275459,0,S,72100,1000,
000027.SZ,000027,20251209,91503540,0,275986,0,B,64200,300,
000027.SZ,000027,20251209,91503550,0,276155,0,S,66800,1900,
000027.SZ,000027,20251209,91503600,0,277952,0,S,67300,2400,
000027.SZ,000027,20251209,91503600,0,277953,0,S,67500,3600,
000027.SZ,000027,20251209,91503600,0,277978,0,B,61000,1000,
000027.SZ,000027,20251209,91503610,0,278349,0,S,71100,2800,
000027.SZ,000027,20251209,91503650,0,279387,0,B,66300,2200,
000027.SZ,000027,20251209,91503670,0,279842,0,S,72900,100,
000027.SZ,000027,20251209,91503690,0,280642,0,B,65600,2000,
000027.SZ,000027,20251209,91503690,0,280643,0,B,64600,2000,
000027.SZ,000027,20251209,91503730,0,281535,0,S,67200,500,
000027.SZ,000027,20251209,91503850,0,282941,0,S,70000,3100,
000027.SZ,000027,20251209,91503900,0,283468,0,S,68100,1500,
000027.SZ,000027,20251209,91503900,0,283472,0,S,68600,1500,
000027.SZ,000027,20251209,91503900,0,283474,0,S,69100,1500,
000027.SZ,000027,20251209,91503900,0,283486,0,S,71100,1500,
000027.SZ,000027,20251209,91503900,0,283529,0,S,72100,1500,
000027.SZ,000027,20251209,91503900,0,283535,0,S,72600,1500,
000027.SZ,000027,20251209,91503920,0,283845,0,S,72900,7500,
000027.SZ,000027,20251209,91503940,0,284521,0,B,65700,8000,
000027.SZ,000027,20251209,91503940,0,284522,0,B,65600,8000,
000027.SZ,000027,20251209,91503970,0,285325,0,S,70500,8100,
000027.SZ,000027,20251209,91504040,0,286538,0,S,66600,1500,
000027.SZ,000027,20251209,91504040,0,286543,0,S,66600,1100,
000027.SZ,000027,20251209,91504160,0,287941,0,B,66400,3100,
000027.SZ,000027,20251209,91504170,0,288423,0,S,67800,2000,
000027.SZ,000027,20251209,91504240,0,289433,0,S,70500,800,
000027.SZ,000027,20251209,91504240,0,289434,0,S,72000,2000,
000027.SZ,000027,20251209,91504290,0,289992,0,B,64500,5000,
000027.SZ,000027,20251209,91504320,0,290461,0,S,69800,2000,
000027.SZ,000027,20251209,91504520,0,293577,0,B,63000,1000,
000027.SZ,000027,20251209,91504590,0,295157,0,S,71500,800,
000027.SZ,000027,20251209,91504600,0,295273,0,S,72900,200,
000027.SZ,000027,20251209,91504640,0,296038,0,S,68000,1000,
000027.SZ,000027,20251209,91504650,0,296206,0,B,62000,10000,
000027.SZ,000027,20251209,91504660,0,296551,0,S,72500,200,
000027.SZ,000027,20251209,91505170,0,300035,0,S,66800,2100,
000027.SZ,000027,20251209,91505480,0,302301,0,S,70000,1000,
000027.SZ,000027,20251209,91505510,0,302948,0,B,62400,500,
000027.SZ,000027,20251209,91505530,0,303075,0,B,66300,2900,
000027.SZ,000027,20251209,91505550,0,303651,0,S,67800,2000,
000027.SZ,000027,20251209,91505570,0,304088,0,S,67000,2000,
000027.SZ,000027,20251209,91505600,0,304606,0,S,71800,5000,
000027.SZ,000027,20251209,91505600,0,304608,0,S,71800,5000,
000027.SZ,000027,20251209,91505630,0,304916,0,B,59700,100,
000027.SZ,000027,20251209,91505630,0,304922,0,S,72900,300,
000027.SZ,000027,20251209,91505740,0,306154,0,S,72900,400,
000027.SZ,000027,20251209,91505950,0,307040,0,B,65000,600,
000027.SZ,000027,20251209,91506100,0,307564,0,B,65100,5000,
000027.SZ,000027,20251209,91506160,0,307795,0,S,72900,1500,
000027.SZ,000027,20251209,91506180,0,308100,0,S,67000,200,
000027.SZ,000027,20251209,91506210,0,308403,0,S,68200,500,
000027.SZ,000027,20251209,91506210,0,308405,0,S,69900,500,
000027.SZ,000027,20251209,91506210,0,308406,0,S,72100,1000,
000027.SZ,000027,20251209,91506550,0,310086,0,B,65200,5000,
000027.SZ,000027,20251209,91506550,0,310098,0,S,72900,3000,
000027.SZ,000027,20251209,91506590,0,310457,0,S,66800,2000,
000027.SZ,000027,20251209,91506590,0,310458,0,S,67000,2000,
000027.SZ,000027,20251209,91506720,0,311638,0,S,72300,10000,
000027.SZ,000027,20251209,91507230,0,313649,0,S,72900,1900,
000027.SZ,000027,20251209,91507240,0,313689,0,B,65500,500,
000027.SZ,000027,20251209,91507510,0,314362,0,S,72900,800,
000027.SZ,000027,20251209,91507540,0,314462,0,S,66900,2900,
000027.SZ,000027,20251209,91507660,0,315613,0,S,67600,2000,
000027.SZ,000027,20251209,91507700,0,315811,0,S,69000,6300,
000027.SZ,000027,20251209,91507700,0,315813,0,S,70400,10000,
000027.SZ,000027,20251209,91507700,0,315815,0,S,72200,5000,
000027.SZ,000027,20251209,91507740,0,315944,0,B,65000,2000,
000027.SZ,000027,20251209,91507940,0,316335,0,B,66000,6000,
000027.SZ,000027,20251209,91508350,0,317041,0,S,71000,6000,
000027.SZ,000027,20251209,91508560,0,317484,0,B,65500,8000,
000027.SZ,000027,20251209,91508600,0,317698,0,S,68800,800,
000027.SZ,000027,20251209,91509420,0,319287,0,S,72200,2000,
000027.SZ,000027,20251209,91509500,0,319385,0,S,71900,1000,
000027.SZ,000027,20251209,91509790,0,320497,0,S,70600,2000,
000027.SZ,000027,20251209,91509870,0,320522,0,B,65000,2200,
000027.SZ,000027,20251209,91510930,0,321992,0,S,72900,10000,
000027.SZ,000027,20251209,91510930,0,321993,0,S,72600,10000,
000027.SZ,000027,20251209,91511560,0,322756,0,B,66100,8000,
000027.SZ,000027,20251209,91511930,0,323262,0,B,63600,2000,
000027.SZ,000027,20251209,91511930,0,323264,0,B,62600,3000,
000027.SZ,000027,20251209,91512080,0,323309,0,S,70000,5000,
000027.SZ,000027,20251209,91512380,0,323590,0,B,61600,6000,
000027.SZ,000027,20251209,91523210,0,326949,0,S,68200,100,
000027.SZ,000027,20251209,91523210,0,326950,0,B,63200,100,
000027.SZ,000027,20251209,91528100,0,328074,0,S,70600,3500,
000027.SZ,000027,20251209,91535120,0,329810,0,S,70100,200,
000027.SZ,000027,20251209,91535120,0,329811,0,B,64000,500,
000027.SZ,000027,20251209,91536260,0,330107,0,S,72400,100,
000027.SZ,000027,20251209,91540710,0,331287,0,S,67000,3000,
000027.SZ,000027,20251209,91547990,0,333410,0,B,66000,400,
000027.SZ,000027,20251209,91548100,0,333453,0,S,68000,200,
000027.SZ,000027,20251209,91548110,0,333454,0,B,64000,200,
000027.SZ,000027,20251209,91556230,0,335981,0,S,67000,300,
000027.SZ,000027,20251209,91556310,0,336013,0,B,65000,300,
000027.SZ,000027,20251209,91559720,0,337016,0,B,64900,200,
000027.SZ,000027,20251209,91559800,0,337041,0,S,67500,200,
000027.SZ,000027,20251209,91604470,0,338802,0,B,59700,100,
000027.SZ,000027,20251209,91604470,0,338803,0,B,59700,100,
000027.SZ,000027,20251209,91604470,0,338804,0,B,59700,100,
000027.SZ,000027,20251209,91604470,0,338805,0,B,59700,100,
000027.SZ,000027,20251209,91604900,0,338938,0,S,70000,1000,
000027.SZ,000027,20251209,91613060,0,341514,0,B,66100,300,
000027.SZ,000027,20251209,91620910,0,343797,0,S,66900,500,
000027.SZ,000027,20251209,91631890,0,347417,0,B,66300,1000,
000027.SZ,000027,20251209,91635410,0,348473,0,S,72600,300,
000027.SZ,000027,20251209,91636310,0,348731,0,S,71500,200,
000027.SZ,000027,20251209,91639490,0,349762,0,B,60000,100,
000027.SZ,000027,20251209,91643760,0,351074,0,S,72500,200,
000027.SZ,000027,20251209,91649730,0,353029,0,B,66000,2000,
000027.SZ,000027,20251209,91650140,0,353187,0,S,72900,33800,
000027.SZ,000027,20251209,91703410,0,357680,0,B,65500,3000,
000027.SZ,000027,20251209,91717430,0,362393,0,S,72900,500,
000027.SZ,000027,20251209,91718060,0,362623,0,S,72300,1300,
000027.SZ,000027,20251209,91719420,0,363082,0,B,66000,1000,
000027.SZ,000027,20251209,91726250,0,365549,0,S,66600,600,
000027.SZ,000027,20251209,91739020,0,370150,0,S,72900,500,
000027.SZ,000027,20251209,91741350,0,370986,0,B,66100,1500,
000027.SZ,000027,20251209,91743030,0,371622,0,S,67400,2800,
000027.SZ,000027,20251209,91752170,0,375114,0,B,65600,20000,
000027.SZ,000027,20251209,91754370,0,375906,0,B,65800,3500,
000027.SZ,000027,20251209,91805070,0,379838,0,S,69900,10000,
000027.SZ,000027,20251209,91807740,0,380827,0,S,71400,2000,
000027.SZ,000027,20251209,91807800,0,380850,0,B,65000,2200,
000027.SZ,000027,20251209,91808160,0,380998,0,S,72000,1800,
000027.SZ,000027,20251209,91811010,0,382087,0,S,70700,2000,
000027.SZ,000027,20251209,91820290,0,385669,0,B,65500,500,
000027.SZ,000027,20251209,91827490,0,388320,0,S,66600,2000,
000027.SZ,000027,20251209,91827520,0,388336,0,S,71800,700,
000027.SZ,000027,20251209,91827910,0,388468,0,B,65900,500,
000027.SZ,000027,20251209,91838080,0,392430,0,B,66000,10000,
000027.SZ,000027,20251209,91851760,0,397714,0,S,72900,300,
000027.SZ,000027,20251209,91859340,0,400843,0,S,72900,5000,
000027.SZ,000027,20251209,91859660,0,400985,0,B,59700,1000,
000027.SZ,000027,20251209,91904270,0,402858,0,S,72800,200,
000027.SZ,000027,20251209,91909340,0,404954,0,S,68000,2000,
000027.SZ,000027,20251209,91909410,0,404975,0,B,65000,2200,
000027.SZ,000027,20251209,91916990,0,408078,0,S,68400,500,
000027.SZ,000027,20251209,91918490,0,408734,0,B,65300,500,
000027.SZ,000027,20251209,91918530,0,408751,0,B,66100,3000,
000027.SZ,000027,20251209,91919790,0,409268,0,B,66000,1000,
000027.SZ,000027,20251209,91921140,0,409895,0,B,66100,2000,
000027.SZ,000027,20251209,91921930,0,410218,0,B,65600,10000,
000027.SZ,000027,20251209,91922250,0,410338,0,B,65800,5500,
000027.SZ,000027,20251209,91923850,0,411011,0,S,67800,1000,
000027.SZ,000027,20251209,91923920,0,411041,0,S,68000,500,
000027.SZ,000027,20251209,91924470,0,411314,0,S,72900,2100,
000027.SZ,000027,20251209,91924610,0,411358,0,S,66600,2000,
000027.SZ,000027,20251209,91929450,0,413435,0,B,66000,3000,
000027.SZ,000027,20251209,91930400,0,413894,0,B,66100,2000,
000027.SZ,000027,20251209,91930510,0,413945,0,B,65500,5500,
000027.SZ,000027,20251209,91935260,0,416053,0,B,66000,800,
000027.SZ,000027,20251209,91939970,0,418109,0,B,66000,3000,
000027.SZ,000027,20251209,91942310,0,419132,0,S,72900,5000,
000027.SZ,000027,20251209,91944310,0,420003,0,S,66600,1300,
000027.SZ,000027,20251209,91946420,0,420929,0,B,65900,3000,
000027.SZ,000027,20251209,91947030,0,421177,0,S,72900,500,
000027.SZ,000027,20251209,91947150,0,421232,0,S,72900,2500,
000027.SZ,000027,20251209,91948800,0,421873,0,S,72000,500,
000027.SZ,000027,20251209,91955220,0,424656,0,B,66200,7000,
000027.SZ,000027,20251209,91956600,0,425261,0,B,65000,2000,
000027.SZ,000027,20251209,92004180,0,428551,0,S,71500,2000,
000027.SZ,000027,20251209,92006020,0,429243,0,B,67600,100,
000027.SZ,000027,20251209,92009460,0,430411,0,S,68500,1000,
000027.SZ,000027,20251209,92010590,0,430836,0,S,72900,4500,
000027.SZ,000027,20251209,92011210,0,431046,0,S,66800,2000,
000027.SZ,000027,20251209,92012760,0,431587,0,B,65000,500,
000027.SZ,000027,20251209,92013020,0,431666,0,S,72900,42000,
000027.SZ,000027,20251209,92013030,0,431670,0,S,69500,1400,
000027.SZ,000027,20251209,92013590,0,431869,0,S,66900,1000,
000027.SZ,000027,20251209,92023650,0,435247,0,S,69800,2400,
000027.SZ,000027,20251209,92024810,0,435662,0,B,66000,2000,
000027.SZ,000027,20251209,92024860,0,435681,0,S,66900,2000,
000027.SZ,000027,20251209,92027590,0,436683,0,S,72900,7400,
000027.SZ,000027,20251209,92029720,0,437445,0,S,66800,200,
000027.SZ,000027,20251209,92032760,0,438494,0,B,66000,5900,
000027.SZ,000027,20251209,92036270,0,439782,0,B,66200,500,
000027.SZ,000027,20251209,92036650,0,439908,0,B,65800,3000,
000027.SZ,000027,20251209,92041010,0,441477,0,S,66900,200,
000027.SZ,000027,20251209,92046780,0,443535,0,S,72800,100,
000027.SZ,000027,20251209,92048060,0,443997,0,S,72900,7000,
000027.SZ,000027,20251209,92049700,0,444572,0,S,66500,10900,
000027.SZ,000027,20251209,92054100,0,446165,0,S,67000,200,
000027.SZ,000027,20251209,92059110,0,448013,0,S,66900,500,
000027.SZ,000027,20251209,92103420,0,449626,0,B,65500,500,
000027.SZ,000027,20251209,92105240,0,450336,0,B,66200,300,
000027.SZ,000027,20251209,92105330,0,450369,0,B,66200,300,
000027.SZ,000027,20251209,92107030,0,451012,0,S,67100,200,
000027.SZ,000027,20251209,92107210,0,451095,0,S,68000,2000,
000027.SZ,000027,20251209,92109010,0,451806,0,S,68000,2000,
000027.SZ,000027,20251209,92109780,0,452075,0,S,69200,2000,
000027.SZ,000027,20251209,92110270,0,452280,0,S,68000,2000,
000027.SZ,000027,20251209,92110310,0,452300,0,B,65000,2200,
000027.SZ,000027,20251209,92113490,0,453538,0,B,66200,50000,
000027.SZ,000027,20251209,92119550,0,455831,0,S,67200,200,
000027.SZ,000027,20251209,92128660,0,459253,0,S,72900,191300,
000027.SZ,000027,20251209,92132360,0,460795,0,B,59700,300,
000027.SZ,000027,20251209,92139010,0,463367,0,S,67300,200,
000027.SZ,000027,20251209,92140310,0,463908,0,S,72900,100,
000027.SZ,000027,20251209,92142720,0,464843,0,B,66100,1000,
000027.SZ,000027,20251209,92151230,0,468274,0,B,66000,1000,
000027.SZ,000027,20251209,92153960,0,469401,0,B,63500,500,
000027.SZ,000027,20251209,92154120,0,469466,0,S,67400,200,
000027.SZ,000027,20251209,92158720,0,471296,0,B,66200,1000,
000027.SZ,000027,20251209,92201460,0,472667,0,B,65800,1200,
000027.SZ,000027,20251209,92204020,0,473929,0,S,66800,5000,
000027.SZ,000027,20251209,92206580,0,474948,0,S,66400,1600,
000027.SZ,000027,20251209,92211330,0,477027,0,B,66200,1000,
000027.SZ,000027,20251209,92213370,0,477922,0,B,66200,600,
000027.SZ,000027,20251209,92218230,0,479960,0,S,66900,500,
000027.SZ,000027,20251209,92221590,0,481390,0,B,66100,600,
000027.SZ,000027,20251209,92221950,0,481567,0,S,66800,1000,
000027.SZ,000027,20251209,92222680,0,481896,0,S,72500,2500,
000027.SZ,000027,20251209,92224190,0,482597,0,S,66300,2000,
000027.SZ,000027,20251209,92228440,0,484432,0,S,65500,300,
000027.SZ,000027,20251209,92229300,0,484815,0,B,66000,600,
000027.SZ,000027,20251209,92235880,0,487775,0,S,71000,2000,
000027.SZ,000027,20251209,92236830,0,488155,0,B,60000,500,
000027.SZ,000027,20251209,92238530,0,488920,0,B,65900,600,
000027.SZ,000027,20251209,92242730,0,490814,0,S,72800,2000,
000027.SZ,000027,20251209,92243660,0,491261,0,S,72900,5000,
000027.SZ,000027,20251209,92248260,0,493337,0,B,65800,600,
000027.SZ,000027,20251209,92250570,0,494410,0,S,71500,3000,
000027.SZ,000027,20251209,92256050,0,496917,0,S,72900,5000,
000027.SZ,000027,20251209,92256320,0,497051,0,B,66200,2000,
000027.SZ,000027,20251209,92259800,0,498713,0,S,66600,5000,
000027.SZ,000027,20251209,92302390,0,499983,0,S,67300,99900,
000027.SZ,000027,20251209,92302970,0,500284,0,B,65000,500,
000027.SZ,000027,20251209,92303880,0,500694,0,B,66000,3700,
000027.SZ,000027,20251209,92304220,0,500857,0,S,66800,10000,
000027.SZ,000027,20251209,92312720,0,504964,0,S,67100,5000,
000027.SZ,000027,20251209,92318240,0,507747,0,B,64300,1000,
000027.SZ,000027,20251209,92318970,0,508092,0,B,66000,14200,
000027.SZ,000027,20251209,92319280,0,508280,0,S,66600,7900,
000027.SZ,000027,20251209,92326280,0,511949,0,S,66800,24000,
000027.SZ,000027,20251209,92328170,0,512996,0,B,65500,1000,
000027.SZ,000027,20251209,92331120,0,514712,0,B,65000,400,
000027.SZ,000027,20251209,92333660,0,516121,0,S,66700,300,
000027.SZ,000027,20251209,92334840,0,516797,0,S,66600,10000,
000027.SZ,000027,20251209,92338160,0,518802,0,B,66700,200,
000027.SZ,000027,20251209,92340270,0,519931,0,S,72900,10000,
000027.SZ,000027,20251209,92340670,0,520129,0,B,65500,1000,
000027.SZ,000027,20251209,92341860,0,520798,0,B,65800,300,
000027.SZ,000027,20251209,92342310,0,521044,0,S,66400,5000,
000027.SZ,000027,20251209,92342530,0,521162,0,S,69000,1000,
000027.SZ,000027,20251209,92343400,0,521631,0,S,72700,115600,
000027.SZ,000027,20251209,92344090,0,522048,0,S,66500,20000,
000027.SZ,000027,20251209,92346100,0,523209,0,B,65100,100,
000027.SZ,000027,20251209,92346780,0,523594,0,S,71200,3200,
000027.SZ,000027,20251209,92347520,0,524094,0,S,69500,4000,
000027.SZ,000027,20251209,92349520,0,525284,0,S,66500,3000,
000027.SZ,000027,20251209,92350490,0,525827,0,B,59700,1000,
000027.SZ,000027,20251209,92401590,0,532405,0,B,65800,1500,
000027.SZ,000027,20251209,92407160,0,536159,0,S,66200,10000,
000027.SZ,000027,20251209,92408890,0,537387,0,S,70400,4000,
000027.SZ,000027,20251209,92412150,0,539757,0,S,72900,1000,
000027.SZ,000027,20251209,92413520,0,540893,0,B,64200,1000,
000027.SZ,000027,20251209,92420580,0,546304,0,S,69800,1000,
000027.SZ,000027,20251209,92422860,0,548315,0,B,66000,2000,
000027.SZ,000027,20251209,92424760,0,549911,0,S,66600,1000,
000027.SZ,000027,20251209,92425310,0,550414,0,S,68600,600,
000027.SZ,000027,20251209,92426650,0,551586,0,S,69900,2000,
000027.SZ,000027,20251209,92431530,0,556039,0,S,69100,700,
000027.SZ,000027,20251209,92432430,0,556807,0,B,66000,500,
000027.SZ,000027,20251209,92432870,0,557149,0,B,65700,8800,
000027.SZ,000027,20251209,92433410,0,557671,0,B,66200,1000,
000027.SZ,000027,20251209,92434680,0,558779,0,S,66700,1000,
000027.SZ,000027,20251209,92434850,0,558934,0,B,66300,2000,
000027.SZ,000027,20251209,92440060,0,564159,0,B,66100,2000,
000027.SZ,000027,20251209,92443500,0,567549,0,B,65900,400,
000027.SZ,000027,20251209,92444290,0,568388,0,S,72900,1000,
000027.SZ,000027,20251209,92444380,0,568468,0,B,72900,200,
000027.SZ,000027,20251209,92445100,0,569147,0,S,66800,1000,
000027.SZ,000027,20251209,92448430,0,572647,0,S,59700,500,
000027.SZ,000027,20251209,92449830,0,574464,0,S,72900,1000,
000027.SZ,000027,20251209,92451700,0,577735,0,B,66300,2500,
000027.SZ,000027,20251209,92452110,0,578300,0,B,65600,1100,
000027.SZ,000027,20251209,92455600,0,583651,0,B,64000,1000,
000027.SZ,000027,20251209,92456040,0,584503,0,S,66900,1000,
000027.SZ,000027,20251209,92457940,0,589760,0,S,66700,4600,
000027.SZ,000027,20251209,92458760,0,592489,0,S,67900,2500,
000027.SZ,000027,20251209,92459820,0,596452,0,B,69600,14300,
000027.SZ,000027,20251209,93000040,0,694569,0,S,66200,500,
000027.SZ,000027,20251209,93000050,0,696784,0,B,66300,100,
000027.SZ,000027,20251209,93000060,0,702744,0,S,66000,100,
000027.SZ,000027,20251209,93000060,0,707545,0,B,66200,1000,
000027.SZ,000027,20251209,93000070,0,713389,0,B,66100,10000,
000027.SZ,000027,20251209,93000080,0,715607,0,B,66300,100,
000027.SZ,000027,20251209,93000080,0,718398,0,S,66100,41700,
000027.SZ,000027,20251209,93000080,0,719362,0,B,66100,1900,
000027.SZ,000027,20251209,93000090,0,724344,0,S,70000,3000,
000027.SZ,000027,20251209,93000100,0,727643,0,S,66600,1500,
000027.SZ,000027,20251209,93000100,0,728597,0,B,65800,1000,
000027.SZ,000027,20251209,93000100,0,729762,0,B,66000,500,
000027.SZ,000027,20251209,93000100,0,730015,0,S,70200,9000,
000027.SZ,000027,20251209,93000100,0,730101,0,B,66200,1200,
000027.SZ,000027,20251209,93000100,0,730885,0,B,66200,5000,
000027.SZ,000027,20251209,93000110,0,732021,0,B,59800,5000,
000027.SZ,000027,20251209,93000110,0,732251,0,S,66400,50000,
000027.SZ,000027,20251209,93000110,0,735698,0,B,66100,50100,
000027.SZ,000027,20251209,93000120,0,737790,0,S,72900,500,
000027.SZ,000027,20251209,93000120,0,739310,0,B,66000,10000,
000027.SZ,000027,20251209,93000120,0,741579,0,S,66600,500,
000027.SZ,000027,20251209,93000120,0,741907,0,S,72900,1000,
000027.SZ,000027,20251209,93000130,0,746465,0,B,66100,3000,
000027.SZ,000027,20251209,93000130,0,746472,0,B,65900,3000,
000027.SZ,000027,20251209,93000130,0,748760,0,S,66900,3300,
000027.SZ,000027,20251209,93000140,0,750286,0,B,66100,2000,
000027.SZ,000027,20251209,93000140,0,751212,0,S,67000,1000,
000027.SZ,000027,20251209,93000150,0,758926,0,S,67100,1000,
000027.SZ,000027,20251209,93000160,0,762136,0,S,72900,2000,
000027.SZ,000027,20251209,93000160,0,765720,0,S,66900,5000,
000027.SZ,000027,20251209,93000170,0,768330,0,S,67000,100,
000027.SZ,000027,20251209,93000170,0,768763,0,S,66700,4000,
000027.SZ,000027,20251209,93000170,0,770634,0,B,66100,3100,
000027.SZ,000027,20251209,93000170,0,770819,0,S,66500,3200,
000027.SZ,000027,20251209,93000180,0,772426,0,S,66200,20000,
000027.SZ,000027,20251209,93000180,0,774064,0,B,66200,4500,
000027.SZ,000027,20251209,93000180,0,774202,0,B,66000,30000,
000027.SZ,000027,20251209,93000180,0,775062,0,S,72900,100,
000027.SZ,000027,20251209,93000190,0,779575,0,B,65900,200,
000027.SZ,000027,20251209,93000190,0,779586,0,S,66600,3200,
000027.SZ,000027,20251209,93000190,0,780193,0,B,65800,1000,
000027.SZ,000027,20251209,93000210,0,785472,0,S,67600,5000,
000027.SZ,000027,20251209,93000210,0,785519,0,B,65600,1500,
000027.SZ,000027,20251209,93000210,0,785953,0,S,68800,500,
000027.SZ,000027,20251209,93000210,0,786040,0,S,72800,500,
000027.SZ,000027,20251209,93000210,0,786486,0,B,66100,1900,
000027.SZ,000027,20251209,93000210,0,787661,0,S,67000,700,
000027.SZ,000027,20251209,93000240,0,796251,0,S,67200,1000,
000027.SZ,000027,20251209,93000240,0,797373,0,S,67000,4500,
000027.SZ,000027,20251209,93000250,0,800386,0,S,68000,10000,
000027.SZ,000027,20251209,93000250,0,800405,0,S,68500,11400,
000027.SZ,000027,20251209,93000270,0,808127,0,B,66000,15000,
000027.SZ,000027,20251209,93000270,0,809279,0,S,68700,7900,
000027.SZ,000027,20251209,93000270,0,809821,0,B,64400,500,
000027.SZ,000027,20251209,93000270,0,810086,0,S,68000,500,
000027.SZ,000027,20251209,93000280,0,811355,0,S,72900,11500,
000027.SZ,000027,20251209,93000290,0,813338,0,B,66200,20000,
000027.SZ,000027,20251209,93000290,0,813378,0,B,66100,20000,
000027.SZ,000027,20251209,93000290,0,813436,0,B,66000,20000,
000027.SZ,000027,20251209,93000290,0,814760,0,S,66500,5000,
000027.SZ,000027,20251209,93000290,0,815813,0,B,65900,6000,
000027.SZ,000027,20251209,93000300,0,819368,0,B,65900,20000,
000027.SZ,000027,20251209,93000300,0,819521,0,B,65900,10000,
000027.SZ,000027,20251209,93000320,0,824068,0,B,65000,300,
000027.SZ,000027,20251209,93000320,0,824456,0,B,65900,2000,
000027.SZ,000027,20251209,93000320,0,825758,0,B,65000,300,
000027.SZ,000027,20251209,93000350,0,830884,0,S,70500,17400,
000027.SZ,000027,20251209,93000350,0,831688,0,S,66300,4500,
000027.SZ,000027,20251209,93000350,0,832067,0,S,66400,1500,
000027.SZ,000027,20251209,93000350,0,832808,0,S,66200,500,
000027.SZ,000027,20251209,93000360,0,834140,0,B,65900,20000,
000027.SZ,000027,20251209,93000360,0,834273,0,B,65800,20000,
000027.SZ,000027,20251209,93000360,0,834776,0,S,66300,300,
000027.SZ,000027,20251209,93000360,0,834898,0,S,66200,100,
000027.SZ,000027,20251209,93000390,0,840205,0,B,66000,2000,
000027.SZ,000027,20251209,93000420,0,845326,0,S,66500,20000,
000027.SZ,000027,20251209,93000420,0,845412,0,S,66700,3200,
000027.SZ,000027,20251209,93000430,0,846550,0,S,66700,200,
000027.SZ,000027,20251209,93000440,0,848549,0,S,67200,500,
000027.SZ,000027,20251209,93000440,0,848905,0,B,66100,300,
000027.SZ,000027,20251209,93000440,0,849121,0,S,72800,4000,
000027.SZ,000027,20251209,93000440,0,849602,0,S,72200,300,
000027.SZ,000027,20251209,93000450,0,850129,0,B,66200,400,
000027.SZ,000027,20251209,93000450,0,850927,0,B,66100,10000,
000027.SZ,000027,20251209,93000460,0,851954,0,S,69600,200,
000027.SZ,000027,20251209,93000460,0,852416,0,B,66100,700,
000027.SZ,000027,20251209,93000460,0,852656,0,S,66200,34000,
000027.SZ,000027,20251209,93000470,0,854591,0,S,66600,10000,
000027.SZ,000027,20251209,93000480,0,856141,0,S,66600,1900,
000027.SZ,000027,20251209,93000490,0,857661,0,B,66100,15100,
000027.SZ,000027,20251209,93000510,0,860570,0,S,66700,10000,
000027.SZ,000027,20251209,93000510,0,860644,0,S,66800,10000,
000027.SZ,000027,20251209,93000530,0,862836,0,S,66600,6200,
000027.SZ,000027,20251209,93000540,0,865582,0,S,66900,400,
000027.SZ,000027,20251209,93000560,0,867909,0,S,71500,16000,
000027.SZ,000027,20251209,93000560,0,869082,0,S,72700,300,
000027.SZ,000027,20251209,93000580,0,871514,0,S,66300,100,
000027.SZ,000027,20251209,93000590,0,874221,0,S,67200,1000,
000027.SZ,000027,20251209,93000600,0,874711,0,S,72900,3000,
000027.SZ,000027,20251209,93000600,0,875008,0,S,66900,10000,
000027.SZ,000027,20251209,93000610,0,876096,0,S,66400,1000,
000027.SZ,000027,20251209,93000630,0,880075,0,S,67000,10000,
000027.SZ,000027,20251209,93000660,0,884902,0,B,66200,100,
000027.SZ,000027,20251209,93000670,0,886081,0,S,66900,8100,
000027.SZ,000027,20251209,93000670,0,886229,0,S,67000,8100,
000027.SZ,000027,20251209,93000700,0,891315,0,B,66300,2000,
000027.SZ,000027,20251209,93000720,0,894573,0,B,66000,8700,
000027.SZ,000027,20251209,93000720,0,894834,0,S,66700,600,
000027.SZ,000027,20251209,93000760,0,901594,0,B,65800,15000,
000027.SZ,000027,20251209,93000770,0,903213,0,B,66300,1000,
000027.SZ,000027,20251209,93000780,0,904198,0,B,65900,2000,
000027.SZ,000027,20251209,93000780,0,905094,0,S,66900,3600,
000027.SZ,000027,20251209,93000800,0,907398,0,B,66100,5000,
000027.SZ,000027,20251209,93000810,0,908377,0,S,70000,1000,
000027.SZ,000027,20251209,93000840,0,913254,0,S,67100,10000,
000027.SZ,000027,20251209,93000860,0,916747,0,S,72900,1200,
000027.SZ,000027,20251209,93000880,0,921105,0,S,66900,4000,
000027.SZ,000027,20251209,93000940,0,929157,0,S,66300,24100,
000027.SZ,000027,20251209,93000970,0,933738,0,B,66200,1300,
000027.SZ,000027,20251209,93001010,0,939667,0,S,72900,1600,
000027.SZ,000027,20251209,93001030,0,942109,0,S,66800,3000,
000027.SZ,000027,20251209,93001030,0,943124,0,S,67700,1000,
000027.SZ,000027,20251209,93001050,0,945345,0,S,66200,80000,
000027.SZ,000027,20251209,93001050,0,945595,0,S,66200,900,
000027.SZ,000027,20251209,93001090,0,950478,0,S,72900,1000,
000027.SZ,000027,20251209,93001130,0,954326,0,S,66300,6000,
000027.SZ,000027,20251209,93001140,0,955502,0,B,66100,9000,
000027.SZ,000027,20251209,93001160,0,958018,0,S,72300,200,
000027.SZ,000027,20251209,93001170,0,958794,0,S,67300,2000,
000027.SZ,000027,20251209,93001180,0,960207,0,S,66900,300,
000027.SZ,000027,20251209,93001340,0,973639,0,B,66300,100,
000027.SZ,000027,20251209,93001410,0,979178,0,B,65800,1600,
000027.SZ,000027,20251209,93001420,0,979322,0,B,62400,500,
000027.SZ,000027,20251209,93001430,0,980852,0,S,72900,600,
000027.SZ,000027,20251209,93001490,0,985320,0,B,66100,2000,
000027.SZ,000027,20251209,93001490,0,985652,0,B,65900,2000,
000027.SZ,000027,20251209,93001540,0,990387,0,S,66800,1600,
000027.SZ,000027,20251209,93001620,0,997650,0,S,66800,1600,
000027.SZ,000027,20251209,93001630,0,999651,0,B,65800,1000,
000027.SZ,000027,20251209,93001640,0,1000268,0,S,69600,300,
000027.SZ,000027,20251209,93001670,0,1003818,0,B,66200,100,
000027.SZ,000027,20251209,93001730,0,1008901,0,S,66200,1200,
000027.SZ,000027,20251209,93001750,0,1010163,0,B,65900,10000,
000027.SZ,000027,20251209,93001760,0,1010530,0,S,67200,3300,
000027.SZ,000027,20251209,93001770,0,1011747,0,S,72900,100,
000027.SZ,000027,20251209,93001900,0,1023076,0,S,72900,200,
000027.SZ,000027,20251209,93001920,0,1025631,0,B,66000,10000,
000027.SZ,000027,20251209,93001920,0,1025643,0,B,65900,10000,
000027.SZ,000027,20251209,93001960,0,1030320,0,B,66200,100,
000027.SZ,000027,20251209,93002000,0,1034184,0,S,72900,200,
000027.SZ,000027,20251209,93002010,0,1035187,0,S,66800,500,
000027.SZ,000027,20251209,93002010,0,1035341,0,B,66200,400,
000027.SZ,000027,20251209,93002020,0,1036418,0,B,65500,600,
000027.SZ,000027,20251209,93002020,0,1036500,0,S,66400,20000,
000027.SZ,000027,20251209,93002070,0,1041225,0,S,66200,1500,
000027.SZ,000027,20251209,93002200,0,1050441,0,B,66300,2700,
000027.SZ,000027,20251209,93002210,0,1051867,0,B,66000,1000,
000027.SZ,000027,20251209,93002390,0,1061333,0,S,66900,14000,
000027.SZ,000027,20251209,93002430,0,1064058,0,B,64600,1000,
000027.SZ,000027,20251209,93002460,0,1066174,0,S,67700,1100,
000027.SZ,000027,20251209,93002650,0,1078039,0,S,72900,5800,
000027.SZ,000027,20251209,93002680,0,1080686,0,S,67100,500,
000027.SZ,000027,20251209,93002770,0,1085371,0,S,66400,10000,
000027.SZ,000027,20251209,93002790,0,1087040,0,S,66500,5600,
000027.SZ,000027,20251209,93002830,0,1089336,0,B,66500,100,
000027.SZ,000027,20251209,93002870,0,1091732,0,S,66300,100,
000027.SZ,000027,20251209,93002920,0,1094671,0,S,67000,300,
000027.SZ,000027,20251209,93002930,0,1095039,0,B,66100,2000,
000027.SZ,000027,20251209,93002980,0,1099046,0,S,66200,1100,
000027.SZ,000027,20251209,93002990,0,1099940,0,B,65900,2000,
000027.SZ,000027,20251209,93003090,0,1107001,0,S,67500,500,
000027.SZ,000027,20251209,93003100,0,1107878,0,S,72900,2600,
000027.SZ,000027,20251209,93003130,0,1110230,0,B,65900,300,
000027.SZ,000027,20251209,93003220,0,1114963,0,B,64000,2000,
000027.SZ,000027,20251209,93003270,0,1117427,0,S,66300,100,
000027.SZ,000027,20251209,93003320,0,1119693,0,S,66300,300,
000027.SZ,000027,20251209,93003350,0,1121356,0,S,72700,2000,
000027.SZ,000027,20251209,93003370,0,1121938,0,S,66600,500,
000027.SZ,000027,20251209,93003540,0,1130307,0,S,66300,3500,
000027.SZ,000027,20251209,93003540,0,1130490,0,S,66300,200,
000027.SZ,000027,20251209,93003560,0,1131391,0,S,66300,1000,
000027.SZ,000027,20251209,93003640,0,1135546,0,S,69000,5000,
000027.SZ,000027,20251209,93003680,0,1138070,0,S,68300,1000,
000027.SZ,000027,20251209,93003690,0,1138851,0,S,66400,1000,
000027.SZ,000027,20251209,93003780,0,1143676,0,S,66300,1700,
000027.SZ,000027,20251209,93003850,0,1147041,0,B,63600,10000,
000027.SZ,000027,20251209,93003930,0,1150127,0,S,66700,20000,
000027.SZ,000027,20251209,93004000,0,1153696,0,B,66000,2000,
000027.SZ,000027,20251209,93004030,0,1156565,0,B,64400,900,
000027.SZ,000027,20251209,93004040,0,1157749,0,B,66200,1200,
000027.SZ,000027,20251209,93004120,0,1160998,0,S,71600,1900,
000027.SZ,000027,20251209,93004150,0,1162130,0,S,69900,10000,
000027.SZ,000027,20251209,93004180,0,1163511,0,S,66400,5400,
000027.SZ,000027,20251209,93004250,0,1166086,0,S,69200,1200,
000027.SZ,000027,20251209,93004560,0,1178910,0,S,69800,7500,
000027.SZ,000027,20251209,93004650,0,1182791,0,S,66500,2000,
000027.SZ,000027,20251209,93004660,0,1183331,0,S,66600,3000,
000027.SZ,000027,20251209,93004670,0,1183808,0,S,72600,23700,
000027.SZ,000027,20251209,93004680,0,1184023,0,S,66700,4000,
000027.SZ,000027,20251209,93004760,0,1187225,0,B,66000,1000,
000027.SZ,000027,20251209,93004760,0,1187238,0,S,66900,2000,
000027.SZ,000027,20251209,93004940,0,1194036,0,B,65900,500,
000027.SZ,000027,20251209,93004950,0,1194304,0,S,71900,4000,
000027.SZ,000027,20251209,93004950,0,1194457,0,S,72900,200,
000027.SZ,000027,20251209,93004960,0,1195002,0,S,72900,1000,
000027.SZ,000027,20251209,93005010,0,1196742,0,B,65200,500,
000027.SZ,000027,20251209,93005010,0,1197308,0,B,59700,200,
000027.SZ,000027,20251209,93005010,0,1197528,0,S,66700,600,
000027.SZ,000027,20251209,93005050,0,1199979,0,S,72000,2000,
000027.SZ,000027,20251209,93005050,0,1200033,0,B,66100,2700,
000027.SZ,000027,20251209,93005180,0,1204673,0,S,67200,1400,
000027.SZ,000027,20251209,93005660,0,1216680,0,S,72000,200,
000027.SZ,000027,20251209,93005740,0,1218896,0,S,66400,100,
000027.SZ,000027,20251209,93005770,0,1219534,0,S,66600,5900,
000027.SZ,000027,20251209,93005810,0,1220547,0,B,66300,300,
000027.SZ,000027,20251209,93005850,0,1221790,0,S,67500,2000,
000027.SZ,000027,20251209,93005870,0,1222508,0,B,66100,300,
000027.SZ,000027,20251209,93005940,0,1224318,0,S,72800,5000,
000027.SZ,000027,20251209,93005950,0,1224782,0,S,71900,4000,
000027.SZ,000027,20251209,93006000,0,1226599,0,B,65700,5000,
000027.SZ,000027,20251209,93006010,0,1227123,0,B,66000,900,
000027.SZ,000027,20251209,93006050,0,1229258,0,S,68500,1500,
000027.SZ,000027,20251209,93006070,0,1230260,0,S,66200,4700,
000027.SZ,000027,20251209,93006160,0,1233120,0,S,66200,28400,
000027.SZ,000027,20251209,93006210,0,1234617,0,S,66300,100,
000027.SZ,000027,20251209,93006620,0,1246216,0,B,65000,200,
000027.SZ,000027,20251209,93006770,0,1250693,0,B,66100,100,
000027.SZ,000027,20251209,93006770,0,1250945,0,B,66100,300,
000027.SZ,000027,20251209,93006950,0,1255890,0,B,63000,200,
000027.SZ,000027,20251209,93007080,0,1260837,0,B,66000,2000,
000027.SZ,000027,20251209,93007110,0,1261485,0,B,65500,500,
000027.SZ,000027,20251209,93007480,0,1270223,0,B,66200,1900,
000027.SZ,000027,20251209,93007610,0,1274049,0,B,66200,1000,
000027.SZ,000027,20251209,93007850,0,1279933,0,S,72500,1600,
000027.SZ,000027,20251209,93008010,0,1283909,0,B,66100,3500,
000027.SZ,000027,20251209,93008030,0,1284625,0,B,66200,500,
000027.SZ,000027,20251209,93008260,0,1288880,0,B,66500,3400,
000027.SZ,000027,20251209,93008620,0,1293907,0,B,66000,300,
000027.SZ,000027,20251209,93008680,0,1295176,0,S,72900,5000,
000027.SZ,000027,20251209,93008860,0,1297625,0,S,67000,2000,
000027.SZ,000027,20251209,93008930,0,1298799,0,S,71700,600,
000027.SZ,000027,20251209,93009200,0,1303464,0,S,66200,1700,
000027.SZ,000027,20251209,93009540,0,1311890,0,B,66100,200,
000027.SZ,000027,20251209,93009540,0,1311965,0,B,66200,4200,
000027.SZ,000027,20251209,93012230,0,1352360,0,S,66200,2200,
000027.SZ,000027,20251209,93013400,0,1372738,0,B,66200,700,
000027.SZ,000027,20251209,93014780,0,1392011,0,S,66200,100,
000027.SZ,000027,20251209,93015040,0,1394863,0,S,67300,1000,
000027.SZ,000027,20251209,93015150,0,1396170,0,S,66200,100,
000027.SZ,000027,20251209,93015150,0,1396181,0,S,66200,100,
000027.SZ,000027,20251209,93015150,0,1396187,0,S,66200,100,
000027.SZ,000027,20251209,93015150,0,1396188,0,S,66200,100,
000027.SZ,000027,20251209,93015150,0,1396222,0,S,66200,100,
000027.SZ,000027,20251209,93015160,0,1396249,0,S,66200,100,
000027.SZ,000027,20251209,93015160,0,1396254,0,S,66200,100,
000027.SZ,000027,20251209,93015160,0,1396266,0,S,66200,200,
000027.SZ,000027,20251209,93015170,0,1396562,0,S,66200,100,
000027.SZ,000027,20251209,93015180,0,1396674,0,S,66200,100,
000027.SZ,000027,20251209,93015190,0,1397000,0,S,66200,100,
000027.SZ,000027,20251209,93015190,0,1397001,0,S,66200,100,
000027.SZ,000027,20251209,93015200,0,1397812,0,S,66200,100,
000027.SZ,000027,20251209,93015200,0,1397874,0,S,66200,200,
000027.SZ,000027,20251209,93015210,0,1397935,0,S,66200,100,
000027.SZ,000027,20251209,93015220,0,1398140,0,S,66200,100,
000027.SZ,000027,20251209,93015250,0,1399141,0,S,66300,100,
000027.SZ,000027,20251209,93015250,0,1399191,0,S,66300,2800,
000027.SZ,000027,20251209,93015250,0,1399199,0,S,66300,2000,
000027.SZ,000027,20251209,93015290,0,1400514,0,S,67000,2000,
000027.SZ,000027,20251209,93015440,0,1404777,0,S,66200,100,
000027.SZ,000027,20251209,93015440,0,1404887,0,S,66200,100,
000027.SZ,000027,20251209,93016110,0,1418446,0,S,69600,1500,
000027.SZ,000027,20251209,93016170,0,1419220,0,B,66200,4600,
000027.SZ,000027,20251209,93017480,0,1442236,0,S,72800,5000,
000027.SZ,000027,20251209,93018150,0,1449227,0,S,66200,100,
000027.SZ,000027,20251209,93018150,0,1449248,0,S,66200,200,
000027.SZ,000027,20251209,93018150,0,1449268,0,S,66200,100,
000027.SZ,000027,20251209,93018150,0,1449286,0,S,66200,100,
000027.SZ,000027,20251209,93018150,0,1449308,0,S,66200,100,
000027.SZ,000027,20251209,93018150,0,1449310,0,S,66200,100,
000027.SZ,000027,20251209,93018150,0,1449312,0,S,66200,100,
000027.SZ,000027,20251209,93018160,0,1449351,0,S,66200,200,
000027.SZ,000027,20251209,93018160,0,1449359,0,S,66200,100,
000027.SZ,000027,20251209,93018160,0,1449360,0,S,66200,100,
000027.SZ,000027,20251209,93018160,0,1449384,0,S,66200,1500,
000027.SZ,000027,20251209,93018160,0,1449404,0,S,66200,900,
000027.SZ,000027,20251209,93018170,0,1449578,0,S,66200,200,
000027.SZ,000027,20251209,93018220,0,1450149,0,S,66200,100,
000027.SZ,000027,20251209,93018360,0,1453061,0,B,66600,100,
000027.SZ,000027,20251209,93018560,0,1457315,0,S,66200,100,
000027.SZ,000027,20251209,93018650,0,1460229,0,S,66200,700,
000027.SZ,000027,20251209,93018770,0,1462818,0,S,66200,800,
000027.SZ,000027,20251209,93019010,0,1466619,0,S,66200,300,
000027.SZ,000027,20251209,93019010,0,1466659,0,S,66200,800,
000027.SZ,000027,20251209,93019160,0,1468339,0,B,66100,200,
000027.SZ,000027,20251209,93019180,0,1468625,0,B,65800,14400,
000027.SZ,000027,20251209,93019820,0,1479861,0,S,66200,50000,
000027.SZ,000027,20251209,93020430,0,1487085,0,S,66200,100,
000027.SZ,000027,20251209,93020470,0,1487504,0,B,66100,100,
000027.SZ,000027,20251209,93021310,0,1498703,0,S,66200,2000,
000027.SZ,000027,20251209,93021310,0,1498705,0,S,66200,3500,
000027.SZ,000027,20251209,93021310,0,1498707,0,S,66200,1700,
000027.SZ,000027,20251209,93021360,0,1499508,0,S,66200,1000,
000027.SZ,000027,20251209,93021690,0,1505400,0,S,67800,2000,
000027.SZ,000027,20251209,93021990,0,1510648,0,S,66200,800,
000027.SZ,000027,20251209,93022130,0,1512583,0,B,66200,100,
000027.SZ,000027,20251209,93022480,0,1519301,0,S,66900,1800,
000027.SZ,000027,20251209,93024150,0,1540950,0,S,66200,800,
000027.SZ,000027,20251209,93024150,0,1540959,0,S,66200,500,
000027.SZ,000027,20251209,93024150,0,1540999,0,S,66200,2000,
000027.SZ,000027,20251209,93024260,0,1543450,0,S,66200,2800,
000027.SZ,000027,20251209,93024340,0,1544408,0,S,72500,1000,
000027.SZ,000027,20251209,93026640,0,1577777,0,B,66100,200,
000027.SZ,000027,20251209,93026800,0,1579286,0,S,67100,99900,
000027.SZ,000027,20251209,93027130,0,1582951,0,S,66100,100,
000027.SZ,000027,20251209,93027130,0,1582958,0,S,66100,100,
000027.SZ,000027,20251209,93027170,0,1583571,0,S,66200,600,
000027.SZ,000027,20251209,93027180,0,1583814,0,S,66100,100,
000027.SZ,000027,20251209,93027240,0,1584962,0,B,66200,200,
000027.SZ,000027,20251209,93027480,0,1589962,0,S,66700,1500,
000027.SZ,000027,20251209,93029800,0,1622947,0,B,65900,3000,
000027.SZ,000027,20251209,93030150,0,1628184,0,S,66200,300,
000027.SZ,000027,20251209,93030300,0,1630860,0,S,66200,100,
000027.SZ,000027,20251209,93030310,0,1631210,0,B,66200,100,
000027.SZ,000027,20251209,93030530,0,1635616,0,S,66100,100,
000027.SZ,000027,20251209,93031060,0,1644308,0,S,66100,500,
000027.SZ,000027,20251209,93031120,0,1645185,0,S,66100,100,
000027.SZ,000027,20251209,93031360,0,1648786,0,B,66200,100,
000027.SZ,000027,20251209,93031670,0,1654089,0,S,67000,6800,
000027.SZ,000027,20251209,93032030,0,1658874,0,S,72900,100,
000027.SZ,000027,20251209,93032550,0,1664269,0,B,66000,2000,
000027.SZ,000027,20251209,93032950,0,1668469,0,S,66900,5000,
000027.SZ,000027,20251209,93033030,0,1669268,0,S,72800,100,
000027.SZ,000027,20251209,93033150,0,1670551,0,S,72900,3500,
000027.SZ,000027,20251209,93033410,0,1674639,0,S,65400,1200,
000027.SZ,000027,20251209,93033460,0,1675242,0,S,66100,100,
000027.SZ,000027,20251209,93034200,0,1686481,0,B,66600,100,
000027.SZ,000027,20251209,93034260,0,1688301,0,S,66100,100,
000027.SZ,000027,20251209,93034370,0,1690640,0,S,66100,480,
000027.SZ,000027,20251209,93035030,0,1700623,0,B,66100,1000,
000027.SZ,000027,20251209,93035350,0,1704796,0,S,66100,100,
000027.SZ,000027,20251209,93035440,0,1705951,0,S,66100,100,
000027.SZ,000027,20251209,93035580,0,1707896,0,S,66100,100,
000027.SZ,000027,20251209,93035810,0,1711097,0,S,66200,100,
000027.SZ,000027,20251209,93035810,0,1711203,0,S,66100,100,
000027.SZ,000027,20251209,93036220,0,1717586,0,S,66100,100,
000027.SZ,000027,20251209,93036220,0,1717596,0,S,66100,100,
000027.SZ,000027,20251209,93036220,0,1717606,0,S,66100,200,
000027.SZ,000027,20251209,93036220,0,1717616,0,S,66200,1400,
000027.SZ,000027,20251209,93036220,0,1717660,0,S,66200,100,
000027.SZ,000027,20251209,93036220,0,1717669,0,S,66200,100,
000027.SZ,000027,20251209,93036220,0,1717670,0,S,66200,100,
000027.SZ,000027,20251209,93036220,0,1717676,0,S,66200,100,
000027.SZ,000027,20251209,93036220,0,1717677,0,S,66200,100,
000027.SZ,000027,20251209,93036220,0,1717681,0,S,66200,100,
000027.SZ,000027,20251209,93036220,0,1717686,0,S,66200,100,
000027.SZ,000027,20251209,93036230,0,1717689,0,S,66200,100,
000027.SZ,000027,20251209,93036230,0,1717690,0,S,66200,100,
000027.SZ,000027,20251209,93036230,0,1717693,0,S,66200,100,
000027.SZ,000027,20251209,93036230,0,1717704,0,S,66200,200,
000027.SZ,000027,20251209,93036230,0,1717708,0,S,66200,100,
000027.SZ,000027,20251209,93036230,0,1717833,0,S,66200,200,
000027.SZ,000027,20251209,93036260,0,1718512,0,S,66200,800,
000027.SZ,000027,20251209,93036270,0,1718599,0,S,66200,100,
000027.SZ,000027,20251209,93036280,0,1718822,0,S,66100,100,
000027.SZ,000027,20251209,93036290,0,1719145,0,S,66100,100,
000027.SZ,000027,20251209,93036290,0,1719149,0,S,66100,100,
000027.SZ,000027,20251209,93036310,0,1719550,0,S,66100,100,
000027.SZ,000027,20251209,93036360,0,1720975,0,B,66100,500,
000027.SZ,000027,20251209,93036360,0,1721001,0,B,66100,3000,
000027.SZ,000027,20251209,93036430,0,1722001,0,B,66400,500,
000027.SZ,000027,20251209,93036550,0,1725225,0,S,66100,100,
000027.SZ,000027,20251209,93036550,0,1725330,0,S,66100,100,
000027.SZ,000027,20251209,93036560,0,1725427,0,S,66100,100,
000027.SZ,000027,20251209,93036970,0,1733830,0,S,66100,100,
000027.SZ,000027,20251209,93036970,0,1733868,0,S,66100,4000,
000027.SZ,000027,20251209,93037010,0,1734826,0,S,66100,100,
000027.SZ,000027,20251209,93037170,0,1738426,0,S,66100,100,
000027.SZ,000027,20251209,93037180,0,1738640,0,S,66100,100,
000027.SZ,000027,20251209,93037520,0,1745124,0,S,66100,100,
000027.SZ,000027,20251209,93037770,0,1749215,0,S,66100,100,
000027.SZ,000027,20251209,93038500,0,1759887,0,S,66100,200,
000027.SZ,000027,20251209,93038510,0,1760256,0,S,66100,100,
000027.SZ,000027,20251209,93038760,0,1763966,0,S,66100,2400,
000027.SZ,000027,20251209,93038760,0,1763975,0,S,66100,31200,
000027.SZ,000027,20251209,93038760,0,1764013,0,S,66100,13400,
000027.SZ,000027,20251209,93038920,0,1766496,0,S,66200,4700,
000027.SZ,000027,20251209,93039260,0,1772209,0,S,66100,77,
000027.SZ,000027,20251209,93039260,0,1772296,0,S,66100,100,
000027.SZ,000027,20251209,93039260,0,1772299,0,S,66100,100,
000027.SZ,000027,20251209,93039260,0,1772303,0,S,66100,7000,
000027.SZ,000027,20251209,93039260,0,1772310,0,S,66100,5600,
000027.SZ,000027,20251209,93039260,0,1772314,0,S,66100,1500,
000027.SZ,000027,20251209,93039260,0,1772327,0,S,66100,5000,
000027.SZ,000027,20251209,93039260,0,1772329,0,S,66100,8000,
000027.SZ,000027,20251209,93039260,0,1772331,0,S,66100,3900,
000027.SZ,000027,20251209,93039260,0,1772339,0,S,66100,5800,
000027.SZ,000027,20251209,93039260,0,1772348,0,S,66100,5800,
000027.SZ,000027,20251209,93039370,0,1774940,0,B,66400,200,
000027.SZ,000027,20251209,93039420,0,1775906,0,S,66200,6400,
000027.SZ,000027,20251209,93039780,0,1783142,0,S,66100,900,
000027.SZ,000027,20251209,93039910,0,1785072,0,S,66100,400,
000027.SZ,000027,20251209,93039920,0,1785174,0,S,66100,200,
000027.SZ,000027,20251209,93039920,0,1785183,0,S,66100,100,
000027.SZ,000027,20251209,93039920,0,1785187,0,S,66100,100,
000027.SZ,000027,20251209,93039920,0,1785220,0,S,66100,1700,
000027.SZ,000027,20251209,93039970,0,1785944,0,S,66100,100,
000027.SZ,000027,20251209,93040060,0,1787246,0,S,66100,200,
000027.SZ,000027,20251209,93040160,0,1788952,0,S,66100,100,
000027.SZ,000027,20251209,93040220,0,1790268,0,S,66100,11000,
000027.SZ,000027,20251209,93040320,0,1792124,0,S,66100,100,
000027.SZ,000027,20251209,93040320,0,1792209,0,B,66100,100,
000027.SZ,000027,20251209,93040320,0,1792210,0,B,66100,400,
000027.SZ,000027,20251209,93040320,0,1792228,0,B,66100,400,
000027.SZ,000027,20251209,93040320,0,1792236,0,B,66100,200,
000027.SZ,000027,20251209,93040330,0,1792302,0,B,66100,400,
000027.SZ,000027,20251209,93040330,0,1792304,0,B,66100,300,
000027.SZ,000027,20251209,93040360,0,1793145,0,B,66100,200,
000027.SZ,000027,20251209,93040370,0,1793393,0,B,66100,400,
000027.SZ,000027,20251209,93040390,0,1793658,0,S,66100,100,
000027.SZ,000027,20251209,93040530,0,1796394,0,B,66100,2900,
000027.SZ,000027,20251209,93040690,0,1799380,0,S,66100,100,
000027.SZ,000027,20251209,93040690,0,1799385,0,S,66100,100,
000027.SZ,000027,20251209,93040690,0,1799390,0,S,66100,100,
000027.SZ,000027,20251209,93040690,0,1799395,0,S,66100,100,
000027.SZ,000027,20251209,93040690,0,1799397,0,S,66100,100,
000027.SZ,000027,20251209,93040690,0,1799407,0,S,66100,100,
000027.SZ,000027,20251209,93040690,0,1799410,0,S,66100,100,
000027.SZ,000027,20251209,93040690,0,1799417,0,S,66100,100,
000027.SZ,000027,20251209,93040730,0,1799938,0,S,66100,200,
000027.SZ,000027,20251209,93040730,0,1799947,0,S,66100,200,
000027.SZ,000027,20251209,93040740,0,1800150,0,S,66200,2900,
000027.SZ,000027,20251209,93040790,0,1800863,0,S,66100,200,
000027.SZ,000027,20251209,93040820,0,1801292,0,B,66400,200,
000027.SZ,000027,20251209,93040920,0,1802773,0,S,66100,200,
000027.SZ,000027,20251209,93040950,0,1803158,0,S,66100,200,
000027.SZ,000027,20251209,93041040,0,1804747,0,S,66100,100,
000027.SZ,000027,20251209,93041040,0,1804868,0,S,66100,100,
000027.SZ,000027,20251209,93041050,0,1804917,0,S,66100,100,
000027.SZ,000027,20251209,93041130,0,1806290,0,S,66200,400,
000027.SZ,000027,20251209,93041150,0,1806793,0,S,66200,500,
000027.SZ,000027,20251209,93041160,0,1806974,0,S,66200,300,
000027.SZ,000027,20251209,93041250,0,1808315,0,S,66200,500,
000027.SZ,000027,20251209,93041250,0,1808428,0,S,66200,1800,
000027.SZ,000027,20251209,93041270,0,1808896,0,S,66100,400,
000027.SZ,000027,20251209,93041270,0,1808901,0,S,66100,100,
000027.SZ,000027,20251209,93041280,0,1808905,0,S,66100,600,
000027.SZ,000027,20251209,93041280,0,1808995,0,S,66200,2100,
000027.SZ,000027,20251209,93041290,0,1809154,0,S,66100,6300,
000027.SZ,000027,20251209,93041300,0,1809307,0,S,66100,100,
000027.SZ,000027,20251209,93041310,0,1809467,0,S,66200,700,
000027.SZ,000027,20251209,93041740,0,1816526,0,S,66100,100,
000027.SZ,000027,20251209,93042250,0,1825650,0,S,66200,2000,
000027.SZ,000027,20251209,93042500,0,1831885,0,B,66400,200,
000027.SZ,000027,20251209,93042710,0,1835723,0,S,66100,200,
000027.SZ,000027,20251209,93043320,0,1846819,0,B,65800,28600,
000027.SZ,000027,20251209,93043460,0,1849530,0,S,66100,100,
000027.SZ,000027,20251209,93043700,0,1853681,0,S,66100,900,
000027.SZ,000027,20251209,93043710,0,1853842,0,S,66100,800,
000027.SZ,000027,20251209,93043790,0,1855168,0,S,66100,500,
000027.SZ,000027,20251209,93045190,0,1872542,0,S,66100,100,
000027.SZ,000027,20251209,93045190,0,1872703,0,S,66100,100,
000027.SZ,000027,20251209,93045200,0,1872834,0,S,66200,1900,
000027.SZ,000027,20251209,93045520,0,1878482,0,S,66100,100,
000027.SZ,000027,20251209,93046070,0,1886425,0,S,66200,5000,
000027.SZ,000027,20251209,93046500,0,1893224,0,B,66400,300,
000027.SZ,000027,20251209,93046890,0,1899273,0,S,66100,1200,
000027.SZ,000027,20251209,93047050,0,1901366,0,S,67000,200,
000027.SZ,000027,20251209,93047150,0,1902916,1,B,0,500,
000027.SZ,000027,20251209,93047800,0,1910655,0,B,66100,1000,
000027.SZ,000027,20251209,93047970,0,1912574,0,B,66000,3000,
000027.SZ,000027,20251209,93048180,0,1915250,0,B,67200,1000,
000027.SZ,000027,20251209,93048540,0,1920039,0,B,67200,1000,
000027.SZ,000027,20251209,93049060,0,1927833,0,B,66100,10000,
000027.SZ,000027,20251209,93049540,0,1934305,0,B,66600,100,
000027.SZ,000027,20251209,93049770,0,1937486,0,S,66200,30000,
000027.SZ,000027,20251209,93049900,0,1939015,0,B,67200,1000,
000027.SZ,000027,20251209,93050090,0,1941158,0,B,66100,100,
000027.SZ,000027,20251209,93050260,0,1943102,0,S,72900,300,
000027.SZ,000027,20251209,93051250,0,1954346,0,S,66200,600,
000027.SZ,000027,20251209,93051250,0,1954347,0,S,66200,800,
000027.SZ,000027,20251209,93051890,0,1963455,0,B,65600,1000,
000027.SZ,000027,20251209,93052020,0,1965290,0,B,65900,3700,
000027.SZ,000027,20251209,93052220,0,1967967,0,S,66400,5000,
000027.SZ,000027,20251209,93052410,0,1970952,0,S,66100,6700,
000027.SZ,000027,20251209,93052490,0,1972061,0,B,66400,200,
000027.SZ,000027,20251209,93052570,0,1972934,0,S,66300,4700,
000027.SZ,000027,20251209,93053290,0,1981844,0,S,66200,800,
000027.SZ,000027,20251209,93053330,0,1982269,0,S,66200,1700,
000027.SZ,000027,20251209,93053360,0,1982716,0,S,66200,200,
000027.SZ,000027,20251209,93053380,0,1982877,0,S,66200,600,
000027.SZ,000027,20251209,93053940,0,1988361,0,S,72900,600,
000027.SZ,000027,20251209,93054130,0,1990466,0,S,66600,10000,
000027.SZ,000027,20251209,93054900,0,2000685,0,S,66100,200,
000027.SZ,000027,20251209,93054990,0,2001804,0,S,66100,200,
000027.SZ,000027,20251209,93055190,0,2004157,0,S,66300,2000,
000027.SZ,000027,20251209,93055350,0,2006380,0,B,67200,1000,
000027.SZ,000027,20251209,93055360,0,2006417,0,B,65700,1500,
000027.SZ,000027,20251209,93056260,0,2016635,0,S,66900,5200,
000027.SZ,000027,20251209,93056330,0,2017469,0,B,67200,1000,
000027.SZ,000027,20251209,93056410,0,2018326,0,B,66100,1500,
000027.SZ,000027,20251209,93057150,0,2025195,0,S,66200,300,
000027.SZ,000027,20251209,93057860,0,2033234,0,B,67200,1000,
000027.SZ,000027,20251209,93058260,0,2037837,0,B,67200,1000,
000027.SZ,000027,20251209,93058510,0,2041253,0,B,66100,59800,
000027.SZ,000027,20251209,93058520,0,2041380,0,S,66100,100,
000027.SZ,000027,20251209,93058590,0,2042021,0,B,66100,200,
000027.SZ,000027,20251209,93058680,0,2043001,0,B,67200,1000,
000027.SZ,000027,20251209,93058840,0,2044573,0,B,66100,200,
000027.SZ,000027,20251209,93059060,0,2046842,0,B,66100,200,
000027.SZ,000027,20251209,93059070,0,2046883,0,B,67200,1000,
000027.SZ,000027,20251209,93059690,0,2053530,0,B,66100,1200,
000027.SZ,000027,20251209,93059960,0,2056168,0,B,67200,1000,
000027.SZ,000027,20251209,93100100,0,2058100,0,B,66100,500,
000027.SZ,000027,20251209,93100150,0,2058836,0,S,66200,800,
000027.SZ,000027,20251209,93100150,0,2058889,0,S,66200,2300,
000027.SZ,000027,20251209,93100190,0,2059930,0,B,66100,2900,
000027.SZ,000027,20251209,93100210,0,2060161,0,B,66100,300,
000027.SZ,000027,20251209,93100310,0,2061762,0,B,66100,10000,
000027.SZ,000027,20251209,93100420,0,2063354,0,B,66100,1000,
000027.SZ,000027,20251209,93100880,0,2071940,0,S,66100,10000,
000027.SZ,000027,20251209,93101110,0,2075610,0,B,65700,2000,
000027.SZ,000027,20251209,93101200,0,2077038,0,B,66100,400,
000027.SZ,000027,20251209,93101390,0,2080375,0,B,63000,500,
000027.SZ,000027,20251209,93101520,0,2082742,0,B,65900,200,
000027.SZ,000027,20251209,93101620,0,2084153,0,S,66200,1400,
000027.SZ,000027,20251209,93103080,0,2101655,0,B,66000,1500,
000027.SZ,000027,20251209,93103170,0,2103074,0,S,66200,1300,
000027.SZ,000027,20251209,93103220,0,2104031,0,B,66000,1000,
000027.SZ,000027,20251209,93104320,0,2121134,0,B,59700,100,
000027.SZ,000027,20251209,93104320,0,2121135,0,B,59700,100,
000027.SZ,000027,20251209,93104320,0,2121136,0,B,59700,100,
000027.SZ,000027,20251209,93104320,0,2121137,0,B,59700,100,
000027.SZ,000027,20251209,93104350,0,2121819,0,B,65800,500,
000027.SZ,000027,20251209,93104920,0,2130623,0,B,66100,7000,
000027.SZ,000027,20251209,93104970,0,2130984,0,S,69900,1000,
000027.SZ,000027,20251209,93105190,0,2133477,0,B,66100,1200,
000027.SZ,000027,20251209,93106170,0,2144739,0,S,66200,1200,
000027.SZ,000027,20251209,93106170,0,2144743,0,S,66200,1700,
000027.SZ,000027,20251209,93106910,0,2155568,0,B,66100,20000,
000027.SZ,000027,20251209,93107350,0,2162513,0,B,66100,5000,
000027.SZ,000027,20251209,93107420,0,2163437,0,S,68900,3700,
000027.SZ,000027,20251209,93107720,0,2167997,0,B,67200,1000,
000027.SZ,000027,20251209,93107910,0,2170407,0,S,66200,20000,
000027.SZ,000027,20251209,93108040,0,2171938,0,S,66100,100,
000027.SZ,000027,20251209,93108040,0,2171987,0,S,66400,600,
000027.SZ,000027,20251209,93108810,0,2180152,0,S,66100,100,
000027.SZ,000027,20251209,93108810,0,2180179,0,S,66100,100,
000027.SZ,000027,20251209,93109150,0,2183738,0,B,66100,700,
000027.SZ,000027,20251209,93109640,0,2190231,0,B,65900,1500,
000027.SZ,000027,20251209,93109750,0,2191417,0,S,66100,100,
000027.SZ,000027,20251209,93110100,0,2195905,0,B,67200,1000,
000027.SZ,000027,20251209,93110250,0,2197825,0,S,66100,100,
000027.SZ,000027,20251209,93110320,0,2198841,0,B,67200,1000,
000027.SZ,000027,20251209,93110340,0,2199184,0,S,66100,100,
000027.SZ,000027,20251209,93110350,0,2199407,0,B,66000,1700,
000027.SZ,000027,20251209,93110530,0,2201763,0,S,66100,100,
000027.SZ,000027,20251209,93110540,0,2201847,0,S,66100,200,
000027.SZ,000027,20251209,93110940,0,2206591,0,S,66100,200,
000027.SZ,000027,20251209,93111110,0,2208708,0,B,66100,10000,
000027.SZ,000027,20251209,93111840,0,2216749,0,B,67200,1000,
000027.SZ,000027,20251209,93112000,0,2218519,0,S,66200,100,
000027.SZ,000027,20251209,93112180,0,2220733,0,S,66200,200,
000027.SZ,000027,20251209,93112380,0,2223280,0,B,67200,1000,
000027.SZ,000027,20251209,93112650,0,2226661,0,B,67000,1000,
000027.SZ,000027,20251209,93113170,0,2232771,0,B,67100,1000,
000027.SZ,000027,20251209,93113220,0,2233458,0,B,67200,1000,
000027.SZ,000027,20251209,93114090,0,2243841,0,B,67200,1000,
000027.SZ,000027,20251209,93114140,0,2244214,0,B,66200,100,
000027.SZ,000027,20251209,93114470,0,2247584,0,B,67200,1000,
000027.SZ,000027,20251209,93114610,0,2249056,0,B,67200,1000,
000027.SZ,000027,20251209,93114630,0,2249267,0,B,66100,500,
000027.SZ,000027,20251209,93114650,0,2249561,0,S,66200,100,
000027.SZ,000027,20251209,93115130,0,2254731,0,B,67200,1000,
000027.SZ,000027,20251209,93115150,0,2254948,0,S,66200,1200,
000027.SZ,000027,20251209,93115150,0,2254959,0,S,66200,500,
000027.SZ,000027,20251209,93115230,0,2255765,0,B,66100,100,
000027.SZ,000027,20251209,93116220,0,2267529,0,B,65800,1500,
000027.SZ,000027,20251209,93116330,0,2269501,0,B,66000,5600,
000027.SZ,000027,20251209,93118110,0,2288240,0,S,66600,3500,
000027.SZ,000027,20251209,93118120,0,2288387,0,S,66000,300,
