万得代码,交易所代码,自然日,时间,成交编号,成交代码,委托代码,BS标志,成交价格,成交数量,叫卖序号,叫买序号,
000027.SZ,000027,20251209,91502230,232309,C,0, ,0,1500,171543,0,
000027.SZ,000027,20251209,91502230,232310,C,0, ,0,1500,171544,0,
000027.SZ,000027,20251209,91506100,307565,C,0, ,0,5000,0,307564,
000027.SZ,000027,20251209,91606490,339496,C,0, ,0,100,0,338805,
000027.SZ,000027,20251209,91606490,339497,C,0, ,0,100,0,338802,
000027.SZ,000027,20251209,91606490,339498,C,0, ,0,100,0,338804,
000027.SZ,000027,20251209,91606490,339499,C,0, ,0,100,0,338803,
000027.SZ,000027,20251209,91831130,389791,C,0, ,0,20000,0,375114,
000027.SZ,000027,20251209,91852050,397821,C,0, ,0,35600,0,76220,
000027.SZ,000027,20251209,91920590,409642,C,0, ,0,50100,0,26925,
000027.SZ,000027,20251209,92500000,599156,0,0,S,66300,200,572647,568468,
000027.SZ,000027,20251209,92500000,599157,0,0,B,66300,300,572647,596452,
000027.SZ,000027,20251209,92500000,599158,0,0,B,66300,10300,6197,596452,
000027.SZ,000027,20251209,92500000,599159,0,0,B,66300,2400,261675,596452,
000027.SZ,000027,20251209,92500000,599160,0,0,B,66300,300,484432,596452,
000027.SZ,000027,20251209,92500000,599161,0,0,B,66300,1000,536159,596452,
000027.SZ,000027,20251209,92500000,599162,0,0,S,66300,100,536159,88659,
000027.SZ,000027,20251209,92500000,599163,0,0,S,66300,100,536159,173389,
000027.SZ,000027,20251209,92500000,599164,0,0,S,66300,100,536159,429243,
000027.SZ,000027,20251209,92500000,599165,0,0,S,66300,100,536159,36365,
000027.SZ,000027,20251209,92500000,599166,0,0,S,66300,200,536159,518802,
000027.SZ,000027,20251209,92500000,599167,0,0,S,66300,800,536159,43945,
000027.SZ,000027,20251209,92500000,599168,0,0,S,66300,3100,536159,287941,
000027.SZ,000027,20251209,92500000,599169,0,0,S,66300,2000,536159,32972,
000027.SZ,000027,20251209,92500000,599170,0,0,S,66300,100,536159,127462,
000027.SZ,000027,20251209,92500000,599171,0,0,S,66300,2200,536159,279387,
000027.SZ,000027,20251209,92500000,599172,0,0,S,66300,200,536159,303075,
000027.SZ,000027,20251209,92500000,599173,0,0,B,66300,1000,11528,303075,
000027.SZ,000027,20251209,92500000,599174,0,0,B,66300,1600,28488,303075,
000027.SZ,000027,20251209,92500000,599175,0,0,B,66300,100,53498,303075,
000027.SZ,000027,20251209,92500000,599176,0,0,B,66300,1000,53498,347417,
000027.SZ,000027,20251209,92500000,599177,0,0,B,66300,2000,53498,558934,
000027.SZ,000027,20251209,92500000,599178,0,0,B,66300,2500,53498,577735,
000027.SZ,000027,20251209,93000040,694570,0,0,S,66200,500,694569,102203,
000027.SZ,000027,20251209,93000050,696785,0,0,B,66300,100,53498,696784,
000027.SZ,000027,20251209,93000060,702745,0,0,S,66200,100,702744,102203,
000027.SZ,000027,20251209,93000080,715608,0,0,B,66300,100,53498,715607,
000027.SZ,000027,20251209,93000080,718399,0,0,S,66200,23400,718398,102203,
000027.SZ,000027,20251209,93000080,718400,0,0,S,66200,18300,718398,184942,
000027.SZ,000027,20251209,93000170,768924,C,0, ,0,2000,0,435662,
000027.SZ,000027,20251209,93000180,772427,0,0,S,66200,20000,772426,184942,
000027.SZ,000027,20251209,93000350,832809,0,0,S,66200,500,832808,184942,
000027.SZ,000027,20251209,93000360,834899,0,0,S,66200,100,834898,184942,
000027.SZ,000027,20251209,93000460,852657,0,0,S,66200,12500,852656,184942,
000027.SZ,000027,20251209,93000460,852658,0,0,S,66200,100,852656,202766,
000027.SZ,000027,20251209,93000460,852659,0,0,S,66200,7000,852656,424656,
000027.SZ,000027,20251209,93000460,852660,0,0,S,66200,500,852656,439782,
000027.SZ,000027,20251209,93000460,852661,0,0,S,66200,300,852656,450336,
000027.SZ,000027,20251209,93000460,852662,0,0,S,66200,300,852656,450369,
000027.SZ,000027,20251209,93000460,852663,0,0,S,66200,13300,852656,453538,
000027.SZ,000027,20251209,93000700,891316,0,0,B,66300,2000,53498,891315,
000027.SZ,000027,20251209,93000770,903214,0,0,B,66300,1000,53498,903213,
000027.SZ,000027,20251209,93001050,945346,0,0,S,66200,36700,945345,453538,
000027.SZ,000027,20251209,93001050,945347,0,0,S,66200,1000,945345,471296,
000027.SZ,000027,20251209,93001050,945348,0,0,S,66200,1000,945345,477027,
000027.SZ,000027,20251209,93001050,945349,0,0,S,66200,600,945345,477922,
000027.SZ,000027,20251209,93001050,945350,0,0,S,66200,2000,945345,497051,
000027.SZ,000027,20251209,93001050,945351,0,0,S,66200,1000,945345,557671,
000027.SZ,000027,20251209,93001050,945352,0,0,S,66200,1000,945345,707545,
000027.SZ,000027,20251209,93001050,945353,0,0,S,66200,1200,945345,730101,
000027.SZ,000027,20251209,93001050,945354,0,0,S,66200,5000,945345,730885,
000027.SZ,000027,20251209,93001050,945355,0,0,S,66200,4500,945345,774064,
000027.SZ,000027,20251209,93001050,945356,0,0,S,66200,20000,945345,813338,
000027.SZ,000027,20251209,93001050,945357,0,0,S,66200,400,945345,850129,
000027.SZ,000027,20251209,93001050,945358,0,0,S,66200,100,945345,884902,
000027.SZ,000027,20251209,93001050,945359,0,0,S,66200,1300,945345,933738,
000027.SZ,000027,20251209,93001150,957479,C,0, ,0,300,834776,0,
000027.SZ,000027,20251209,93001340,973640,0,0,B,66200,100,945345,973639,
000027.SZ,000027,20251209,93001670,1003819,0,0,B,66200,100,945345,1003818,
000027.SZ,000027,20251209,93001960,1030321,0,0,B,66200,100,945345,1030320,
000027.SZ,000027,20251209,93002010,1035342,0,0,B,66200,400,945345,1035341,
000027.SZ,000027,20251209,93002050,1040113,C,0, ,0,8000,0,322756,
000027.SZ,000027,20251209,93002200,1050442,0,0,B,66200,2700,945345,1050441,
000027.SZ,000027,20251209,93002830,1089337,0,0,B,66200,100,945345,1089336,
000027.SZ,000027,20251209,93003030,1104057,C,0, ,0,900,945595,0,
000027.SZ,000027,20251209,93004040,1157750,0,0,B,66200,700,945345,1157749,
000027.SZ,000027,20251209,93004040,1157751,0,0,B,66200,500,1008901,1157749,
000027.SZ,000027,20251209,93005810,1220548,0,0,B,66200,300,1008901,1220547,
000027.SZ,000027,20251209,93006110,1231330,C,0, ,0,4700,1230260,0,
000027.SZ,000027,20251209,93007480,1270224,0,0,B,66200,400,1008901,1270223,
000027.SZ,000027,20251209,93007480,1270225,0,0,B,66200,1500,1041225,1270223,
000027.SZ,000027,20251209,93007610,1274050,0,0,B,66200,1000,1099046,1274049,
000027.SZ,000027,20251209,93008030,1284626,0,0,B,66200,100,1099046,1284625,
000027.SZ,000027,20251209,93008030,1284627,0,0,B,66200,400,1233120,1284625,
000027.SZ,000027,20251209,93008260,1288881,0,0,B,66200,3400,1233120,1288880,
000027.SZ,000027,20251209,93009540,1311966,0,0,B,66200,4200,1233120,1311965,
000027.SZ,000027,20251209,93013400,1372739,0,0,B,66200,700,1233120,1372738,
000027.SZ,000027,20251209,93015680,1409388,C,0, ,0,99900,499983,0,
000027.SZ,000027,20251209,93016170,1419221,0,0,B,66200,4600,1233120,1419220,
000027.SZ,000027,20251209,93018360,1453062,0,0,B,66200,100,1233120,1453061,
000027.SZ,000027,20251209,93021200,1496887,C,0, ,0,2000,1399199,0,
000027.SZ,000027,20251209,93021200,1496907,C,0, ,0,3500,1130307,0,
000027.SZ,000027,20251209,93021200,1496922,C,0, ,0,1000,1131391,0,
000027.SZ,000027,20251209,93021210,1497053,C,0, ,0,1700,1143676,0,
000027.SZ,000027,20251209,93022130,1512584,0,0,B,66200,100,1233120,1512583,
000027.SZ,000027,20251209,93023110,1528105,C,0, ,0,200,0,1311890,
000027.SZ,000027,20251209,93024190,1542296,C,0, ,0,2800,1399191,0,
000027.SZ,000027,20251209,93027130,1582952,0,0,S,66100,100,1582951,7620,
000027.SZ,000027,20251209,93027130,1582959,0,0,S,66100,100,1582958,8620,
000027.SZ,000027,20251209,93027180,1583815,0,0,S,66100,100,1583814,8620,
000027.SZ,000027,20251209,93027240,1584963,0,0,B,66200,200,1233120,1584962,
000027.SZ,000027,20251209,93027440,1589136,C,0, ,0,100,1399141,0,
000027.SZ,000027,20251209,93027900,1595944,C,0, ,0,28800,0,118701,
000027.SZ,000027,20251209,93030310,1631211,0,0,B,66200,100,1233120,1631210,
000027.SZ,000027,20251209,93030530,1635617,0,0,S,66100,100,1635616,8620,
000027.SZ,000027,20251209,93031060,1644309,0,0,S,66100,500,1644308,8620,
000027.SZ,000027,20251209,93031120,1645186,0,0,S,66100,100,1645185,8620,
000027.SZ,000027,20251209,93031360,1648787,0,0,B,66200,100,1233120,1648786,
000027.SZ,000027,20251209,93032520,1663919,C,0, ,0,50100,0,735698,
000027.SZ,000027,20251209,93033410,1674640,0,0,S,66100,100,1674639,8620,
000027.SZ,000027,20251209,93033410,1674641,0,0,S,66100,500,1674639,31330,
000027.SZ,000027,20251209,93033410,1674642,0,0,S,66100,600,1674639,56894,
000027.SZ,000027,20251209,93033460,1675243,0,0,S,66100,100,1675242,56894,
000027.SZ,000027,20251209,93034200,1686482,0,0,B,66200,100,1233120,1686481,
000027.SZ,000027,20251209,93034260,1688302,0,0,S,66100,100,1688301,56894,
000027.SZ,000027,20251209,93034370,1690641,0,0,S,66100,200,1690640,56894,
000027.SZ,000027,20251209,93034370,1690642,0,0,S,66100,280,1690640,116536,
000027.SZ,000027,20251209,93034820,1697914,C,0, ,0,100,1117427,0,
000027.SZ,000027,20251209,93035350,1704797,0,0,S,66100,100,1704796,116536,
000027.SZ,000027,20251209,93035440,1705952,0,0,S,66100,100,1705951,116536,
000027.SZ,000027,20251209,93035580,1707897,0,0,S,66100,100,1707896,116536,
000027.SZ,000027,20251209,93035810,1711204,0,0,S,66100,20,1711203,116536,
000027.SZ,000027,20251209,93035810,1711205,0,0,S,66100,80,1711203,121449,
000027.SZ,000027,20251209,93036220,1717587,0,0,S,66100,100,1717586,121449,
000027.SZ,000027,20251209,93036220,1717597,0,0,S,66100,100,1717596,121449,
000027.SZ,000027,20251209,93036220,1717607,0,0,S,66100,200,1717606,121449,
000027.SZ,000027,20251209,93036280,1718823,0,0,S,66100,100,1718822,121449,
000027.SZ,000027,20251209,93036290,1719146,0,0,S,66100,100,1719145,121449,
000027.SZ,000027,20251209,93036290,1719150,0,0,S,66100,100,1719149,121449,
000027.SZ,000027,20251209,93036310,1719551,0,0,S,66100,100,1719550,121449,
000027.SZ,000027,20251209,93036430,1722002,0,0,B,66200,500,1233120,1722001,
000027.SZ,000027,20251209,93036550,1725226,0,0,S,66100,100,1725225,121449,
000027.SZ,000027,20251209,93036550,1725331,0,0,S,66100,100,1725330,121449,
000027.SZ,000027,20251209,93036560,1725428,0,0,S,66100,100,1725427,121449,
000027.SZ,000027,20251209,93036970,1733831,0,0,S,66100,100,1733830,121449,
000027.SZ,000027,20251209,93036970,1733869,0,0,S,66100,3420,1733868,121449,
000027.SZ,000027,20251209,93036970,1733870,0,0,S,66100,580,1733868,204605,
000027.SZ,000027,20251209,93037010,1734827,0,0,S,66100,100,1734826,204605,
000027.SZ,000027,20251209,93037170,1738427,0,0,S,66100,100,1738426,204605,
000027.SZ,000027,20251209,93037180,1738641,0,0,S,66100,100,1738640,204605,
000027.SZ,000027,20251209,93037520,1745125,0,0,S,66100,100,1745124,204605,
000027.SZ,000027,20251209,93037690,1747874,C,0, ,0,4500,831688,0,
000027.SZ,000027,20251209,93037770,1749216,0,0,S,66100,100,1749215,204605,
000027.SZ,000027,20251209,93038500,1759888,0,0,S,66100,200,1759887,204605,
000027.SZ,000027,20251209,93038510,1760257,0,0,S,66100,100,1760256,204605,
000027.SZ,000027,20251209,93038720,1763433,C,0, ,0,1500,832067,0,
000027.SZ,000027,20251209,93038760,1763967,0,0,S,66100,2400,1763966,204605,
000027.SZ,000027,20251209,93038760,1763976,0,0,S,66100,4220,1763975,204605,
000027.SZ,000027,20251209,93038760,1763977,0,0,S,66100,8000,1763975,206142,
000027.SZ,000027,20251209,93038760,1763978,0,0,S,66100,100,1763975,215233,
000027.SZ,000027,20251209,93038760,1763979,0,0,S,66100,10000,1763975,230170,
000027.SZ,000027,20251209,93038760,1763980,0,0,S,66100,1000,1763975,266855,
000027.SZ,000027,20251209,93038760,1763981,0,0,S,66100,300,1763975,341514,
000027.SZ,000027,20251209,93038760,1763982,0,0,S,66100,1500,1763975,370986,
000027.SZ,000027,20251209,93038760,1763983,0,0,S,66100,3000,1763975,408751,
000027.SZ,000027,20251209,93038760,1763984,0,0,S,66100,2000,1763975,409895,
000027.SZ,000027,20251209,93038760,1763985,0,0,S,66100,1080,1763975,413894,
000027.SZ,000027,20251209,93038760,1764014,0,0,S,66100,920,1764013,413894,
000027.SZ,000027,20251209,93038760,1764015,0,0,S,66100,1000,1764013,464843,
000027.SZ,000027,20251209,93038760,1764016,0,0,S,66100,600,1764013,481390,
000027.SZ,000027,20251209,93038760,1764017,0,0,S,66100,2000,1764013,564159,
000027.SZ,000027,20251209,93038760,1764018,0,0,S,66100,8880,1764013,713389,
000027.SZ,000027,20251209,93039260,1772210,0,0,S,66100,77,1772209,713389,
000027.SZ,000027,20251209,93039260,1772297,0,0,S,66100,100,1772296,713389,
000027.SZ,000027,20251209,93039260,1772300,0,0,S,66100,100,1772299,713389,
000027.SZ,000027,20251209,93039260,1772304,0,0,S,66100,843,1772303,713389,
000027.SZ,000027,20251209,93039260,1772305,0,0,S,66100,1900,1772303,719362,
000027.SZ,000027,20251209,93039260,1772306,0,0,S,66100,3000,1772303,746465,
000027.SZ,000027,20251209,93039260,1772307,0,0,S,66100,1257,1772303,750286,
000027.SZ,000027,20251209,93039260,1772311,0,0,S,66100,743,1772310,750286,
000027.SZ,000027,20251209,93039260,1772312,0,0,S,66100,3100,1772310,770634,
000027.SZ,000027,20251209,93039260,1772313,0,0,S,66100,1757,1772310,786486,
000027.SZ,000027,20251209,93039260,1772315,0,0,S,66100,143,1772314,786486,
000027.SZ,000027,20251209,93039260,1772316,0,0,S,66100,1357,1772314,813378,
000027.SZ,000027,20251209,93039260,1772328,0,0,S,66100,5000,1772327,813378,
000027.SZ,000027,20251209,93039260,1772330,0,0,S,66100,8000,1772329,813378,
000027.SZ,000027,20251209,93039260,1772332,0,0,S,66100,3900,1772331,813378,
000027.SZ,000027,20251209,93039260,1772340,0,0,S,66100,1743,1772339,813378,
000027.SZ,000027,20251209,93039260,1772341,0,0,S,66100,300,1772339,848905,
000027.SZ,000027,20251209,93039260,1772342,0,0,S,66100,3757,1772339,850927,
000027.SZ,000027,20251209,93039260,1772349,0,0,S,66100,5800,1772348,850927,
000027.SZ,000027,20251209,93039370,1774941,0,0,B,66200,200,1233120,1774940,
000027.SZ,000027,20251209,93039780,1783143,0,0,S,66100,443,1783142,850927,
000027.SZ,000027,20251209,93039780,1783144,0,0,S,66100,457,1783142,852416,
000027.SZ,000027,20251209,93039910,1785073,0,0,S,66100,243,1785072,852416,
000027.SZ,000027,20251209,93039910,1785074,0,0,S,66100,157,1785072,857661,
000027.SZ,000027,20251209,93039920,1785175,0,0,S,66100,200,1785174,857661,
000027.SZ,000027,20251209,93039920,1785184,0,0,S,66100,100,1785183,857661,
000027.SZ,000027,20251209,93039920,1785188,0,0,S,66100,100,1785187,857661,
000027.SZ,000027,20251209,93039920,1785221,0,0,S,66100,1700,1785220,857661,
000027.SZ,000027,20251209,93039970,1785945,0,0,S,66100,100,1785944,857661,
000027.SZ,000027,20251209,93040060,1787247,0,0,S,66100,200,1787246,857661,
000027.SZ,000027,20251209,93040160,1788953,0,0,S,66100,100,1788952,857661,
000027.SZ,000027,20251209,93040220,1790269,0,0,S,66100,11000,1790268,857661,
000027.SZ,000027,20251209,93040320,1792125,0,0,S,66100,100,1792124,857661,
000027.SZ,000027,20251209,93040390,1793659,0,0,S,66100,100,1793658,857661,
000027.SZ,000027,20251209,93040600,1797971,C,0, ,0,100,1396170,0,
000027.SZ,000027,20251209,93040610,1797975,C,0, ,0,100,1396254,0,
000027.SZ,000027,20251209,93040610,1797980,C,0, ,0,100,1396187,0,
000027.SZ,000027,20251209,93040610,1797991,C,0, ,0,100,1398140,0,
000027.SZ,000027,20251209,93040610,1797992,C,0, ,0,100,1396181,0,
000027.SZ,000027,20251209,93040610,1798001,C,0, ,0,100,1396188,0,
000027.SZ,000027,20251209,93040610,1798010,C,0, ,0,100,1396222,0,
000027.SZ,000027,20251209,93040610,1798019,C,0, ,0,100,1396249,0,
000027.SZ,000027,20251209,93040690,1799381,0,0,S,66100,100,1799380,857661,
000027.SZ,000027,20251209,93040690,1799386,0,0,S,66100,100,1799385,857661,
000027.SZ,000027,20251209,93040690,1799391,0,0,S,66100,100,1799390,857661,
000027.SZ,000027,20251209,93040690,1799396,0,0,S,66100,100,1799395,857661,
000027.SZ,000027,20251209,93040690,1799398,0,0,S,66100,100,1799397,857661,
000027.SZ,000027,20251209,93040690,1799408,0,0,S,66100,100,1799407,857661,
000027.SZ,000027,20251209,93040690,1799411,0,0,S,66100,100,1799410,857661,
000027.SZ,000027,20251209,93040690,1799418,0,0,S,66100,100,1799417,857661,
000027.SZ,000027,20251209,93040730,1799939,0,0,S,66100,200,1799938,857661,
000027.SZ,000027,20251209,93040730,1799948,0,0,S,66100,200,1799947,857661,
000027.SZ,000027,20251209,93040730,1800075,C,0, ,0,200,1396266,0,
000027.SZ,000027,20251209,93040780,1800763,C,0, ,0,200,1397874,0,
000027.SZ,000027,20251209,93040790,1800864,0,0,S,66100,43,1800863,857661,
000027.SZ,000027,20251209,93040790,1800865,0,0,S,66100,157,1800863,907398,
000027.SZ,000027,20251209,93040810,1801202,C,0, ,0,200,1449578,0,
000027.SZ,000027,20251209,93040820,1801293,0,0,B,66200,200,1233120,1801292,
000027.SZ,000027,20251209,93040920,1802774,0,0,S,66100,200,1802773,907398,
000027.SZ,000027,20251209,93040950,1803159,0,0,S,66100,200,1803158,907398,
000027.SZ,000027,20251209,93041040,1804748,0,0,S,66100,100,1804747,907398,
000027.SZ,000027,20251209,93041040,1804869,0,0,S,66100,100,1804868,907398,
000027.SZ,000027,20251209,93041050,1804918,0,0,S,66100,100,1804917,907398,
000027.SZ,000027,20251209,93041270,1808897,0,0,S,66100,400,1808896,907398,
000027.SZ,000027,20251209,93041270,1808902,0,0,S,66100,100,1808901,907398,
000027.SZ,000027,20251209,93041280,1808906,0,0,S,66100,600,1808905,907398,
000027.SZ,000027,20251209,93041290,1809155,0,0,S,66100,3043,1809154,907398,
000027.SZ,000027,20251209,93041290,1809156,0,0,S,66100,3257,1809154,955502,
000027.SZ,000027,20251209,93041300,1809308,0,0,S,66100,100,1809307,955502,
000027.SZ,000027,20251209,93041740,1816527,0,0,S,66100,100,1816526,955502,
000027.SZ,000027,20251209,93042500,1831886,0,0,B,66200,200,1233120,1831885,
000027.SZ,000027,20251209,93042710,1835724,0,0,S,66100,200,1835723,955502,
000027.SZ,000027,20251209,93043190,1844240,C,0, ,0,5000,1135546,0,
000027.SZ,000027,20251209,93043460,1849531,0,0,S,66100,100,1849530,955502,
000027.SZ,000027,20251209,93043700,1853682,0,0,S,66100,900,1853681,955502,
000027.SZ,000027,20251209,93043710,1853843,0,0,S,66100,800,1853842,955502,
000027.SZ,000027,20251209,93043790,1855169,0,0,S,66100,500,1855168,955502,
000027.SZ,000027,20251209,93045190,1872543,0,0,S,66100,100,1872542,955502,
000027.SZ,000027,20251209,93045190,1872704,0,0,S,66100,100,1872703,955502,
000027.SZ,000027,20251209,93045520,1878483,0,0,S,66100,100,1878482,955502,
000027.SZ,000027,20251209,93046060,1886175,C,0, ,0,13800,67228,0,
000027.SZ,000027,20251209,93046500,1893225,0,0,B,66200,300,1233120,1893224,
000027.SZ,000027,20251209,93046870,1899037,C,0, ,0,2000,0,1095039,
000027.SZ,000027,20251209,93046890,1899274,0,0,S,66100,1200,1899273,955502,
000027.SZ,000027,20251209,93047150,1902917,0,0,B,66200,500,1233120,1902916,
000027.SZ,000027,20251209,93048180,1915251,0,0,B,66200,1000,1233120,1915250,
000027.SZ,000027,20251209,93048540,1920040,0,0,B,66200,1000,1233120,1920039,
000027.SZ,000027,20251209,93049540,1934306,0,0,B,66200,100,1233120,1934305,
000027.SZ,000027,20251209,93049900,1939016,0,0,B,66200,1000,1233120,1939015,
000027.SZ,000027,20251209,93052410,1970953,0,0,S,66100,1543,1970952,955502,
000027.SZ,000027,20251209,93052410,1970954,0,0,S,66100,2000,1970952,985320,
000027.SZ,000027,20251209,93052410,1970955,0,0,S,66100,2700,1970952,1200033,
000027.SZ,000027,20251209,93052410,1970956,0,0,S,66100,300,1970952,1222508,
000027.SZ,000027,20251209,93052410,1970957,0,0,S,66100,100,1970952,1250693,
000027.SZ,000027,20251209,93052410,1970958,0,0,S,66100,57,1970952,1250945,
000027.SZ,000027,20251209,93052490,1972062,0,0,B,66200,200,1233120,1972061,
000027.SZ,000027,20251209,93054900,2000686,0,0,S,66100,200,2000685,1250945,
000027.SZ,000027,20251209,93054990,2001805,0,0,S,66100,43,2001804,1250945,
000027.SZ,000027,20251209,93054990,2001806,0,0,S,66100,157,2001804,1283909,
000027.SZ,000027,20251209,93055350,2006381,0,0,B,66200,1000,1233120,2006380,
000027.SZ,000027,20251209,93055400,2006964,C,0, ,0,1800,0,13483,
000027.SZ,000027,20251209,93056330,2017470,0,0,B,66200,1000,1233120,2017469,
000027.SZ,000027,20251209,93057860,2033235,0,0,B,66200,1000,1233120,2033234,
000027.SZ,000027,20251209,93058260,2037838,0,0,B,66200,1000,1233120,2037837,
000027.SZ,000027,20251209,93058520,2041381,0,0,S,66100,100,2041380,1283909,
000027.SZ,000027,20251209,93058680,2043002,0,0,B,66200,1000,1233120,2043001,
000027.SZ,000027,20251209,93059070,2046884,0,0,B,66200,1000,1233120,2046883,
000027.SZ,000027,20251209,93059960,2056169,0,0,B,66200,1000,1233120,2056168,
000027.SZ,000027,20251209,93100880,2071941,0,0,S,66100,3243,2071940,1283909,
000027.SZ,000027,20251209,93100880,2071942,0,0,S,66100,200,2071940,1468339,
000027.SZ,000027,20251209,93100880,2071943,0,0,S,66100,100,2071940,1487504,
000027.SZ,000027,20251209,93100880,2071944,0,0,S,66100,200,2071940,1577777,
000027.SZ,000027,20251209,93100880,2071945,0,0,S,66100,1000,2071940,1700623,
000027.SZ,000027,20251209,93100880,2071946,0,0,S,66100,500,2071940,1720975,
000027.SZ,000027,20251209,93100880,2071947,0,0,S,66100,3000,2071940,1721001,
000027.SZ,000027,20251209,93100880,2071948,0,0,S,66100,100,2071940,1792209,
000027.SZ,000027,20251209,93100880,2071949,0,0,S,66100,400,2071940,1792210,
000027.SZ,000027,20251209,93100880,2071950,0,0,S,66100,400,2071940,1792228,
000027.SZ,000027,20251209,93100880,2071951,0,0,S,66100,200,2071940,1792236,
000027.SZ,000027,20251209,93100880,2071952,0,0,S,66100,400,2071940,1792302,
000027.SZ,000027,20251209,93100880,2071953,0,0,S,66100,257,2071940,1792304,
000027.SZ,000027,20251209,93101140,2076080,C,0, ,0,100,1392011,0,
000027.SZ,000027,20251209,93102120,2090840,C,0, ,0,100,1218896,0,
000027.SZ,000027,20251209,93106330,2147062,C,0, ,0,100,0,2121134,
000027.SZ,000027,20251209,93106330,2147063,C,0, ,0,100,0,2121137,
000027.SZ,000027,20251209,93106330,2147064,C,0, ,0,100,0,2121135,
000027.SZ,000027,20251209,93106330,2147065,C,0, ,0,100,0,2121136,
000027.SZ,000027,20251209,93107720,2167998,0,0,B,66200,1000,1233120,2167997,
000027.SZ,000027,20251209,93108040,2171939,0,0,S,66100,43,2171938,1792304,
000027.SZ,000027,20251209,93108040,2171940,0,0,S,66100,57,2171938,1793145,
000027.SZ,000027,20251209,93108810,2180153,0,0,S,66100,100,2180152,1793145,
000027.SZ,000027,20251209,93108810,2180180,0,0,S,66100,43,2180179,1793145,
000027.SZ,000027,20251209,93108810,2180181,0,0,S,66100,57,2180179,1793393,
000027.SZ,000027,20251209,93109750,2191418,0,0,S,66100,100,2191417,1793393,
000027.SZ,000027,20251209,93109820,2192440,C,0, ,0,2900,0,2059930,
000027.SZ,000027,20251209,93110100,2195906,0,0,B,66200,1000,1233120,2195905,
000027.SZ,000027,20251209,93110250,2197826,0,0,S,66100,100,2197825,1793393,
000027.SZ,000027,20251209,93110320,2198842,0,0,B,66200,200,1233120,2198841,
000027.SZ,000027,20251209,93110320,2198843,0,0,B,66200,800,1303464,2198841,
000027.SZ,000027,20251209,93110340,2199185,0,0,S,66100,100,2199184,1793393,
000027.SZ,000027,20251209,93110530,2201764,0,0,S,66100,43,2201763,1793393,
000027.SZ,000027,20251209,93110530,2201765,0,0,S,66100,57,2201763,1796394,
000027.SZ,000027,20251209,93110540,2201848,0,0,S,66100,200,2201847,1796394,
000027.SZ,000027,20251209,93110940,2206592,0,0,S,66100,200,2206591,1796394,
000027.SZ,000027,20251209,93111840,2216750,0,0,B,66200,900,1303464,2216749,
000027.SZ,000027,20251209,93111840,2216751,0,0,B,66200,100,1352360,2216749,
000027.SZ,000027,20251209,93112380,2223281,0,0,B,66200,1000,1352360,2223280,
000027.SZ,000027,20251209,93112650,2226662,0,0,B,66200,1000,1352360,2226661,
000027.SZ,000027,20251209,93113170,2232772,0,0,B,66200,100,1352360,2232771,
000027.SZ,000027,20251209,93113170,2232773,0,0,B,66200,100,1396562,2232771,
000027.SZ,000027,20251209,93113170,2232774,0,0,B,66200,100,1396674,2232771,
000027.SZ,000027,20251209,93113170,2232775,0,0,B,66200,100,1397000,2232771,
000027.SZ,000027,20251209,93113170,2232776,0,0,B,66200,100,1397001,2232771,
000027.SZ,000027,20251209,93113170,2232777,0,0,B,66200,100,1397812,2232771,
000027.SZ,000027,20251209,93113170,2232778,0,0,B,66200,100,1397935,2232771,
000027.SZ,000027,20251209,93113170,2232779,0,0,B,66200,100,1404777,2232771,
000027.SZ,000027,20251209,93113170,2232780,0,0,B,66200,100,1404887,2232771,
000027.SZ,000027,20251209,93113170,2232781,0,0,B,66200,100,1449227,2232771,
000027.SZ,000027,20251209,93113220,2233459,0,0,B,66200,200,1449248,2233458,
000027.SZ,000027,20251209,93113220,2233460,0,0,B,66200,100,1449268,2233458,
000027.SZ,000027,20251209,93113220,2233461,0,0,B,66200,100,1449286,2233458,
000027.SZ,000027,20251209,93113220,2233462,0,0,B,66200,100,1449308,2233458,
000027.SZ,000027,20251209,93113220,2233463,0,0,B,66200,100,1449310,2233458,
000027.SZ,000027,20251209,93113220,2233464,0,0,B,66200,100,1449312,2233458,
000027.SZ,000027,20251209,93113220,2233465,0,0,B,66200,200,1449351,2233458,
000027.SZ,000027,20251209,93113220,2233466,0,0,B,66200,100,1449359,2233458,
000027.SZ,000027,20251209,93114090,2243842,0,0,B,66200,100,1449360,2243841,
000027.SZ,000027,20251209,93114090,2243843,0,0,B,66200,900,1449384,2243841,
000027.SZ,000027,20251209,93114140,2244215,0,0,B,66200,100,1449384,2244214,
000027.SZ,000027,20251209,93114470,2247585,0,0,B,66200,500,1449384,2247584,
000027.SZ,000027,20251209,93114470,2247586,0,0,B,66200,500,1449404,2247584,
000027.SZ,000027,20251209,93114610,2249057,0,0,B,66200,400,1449404,2249056,
000027.SZ,000027,20251209,93114610,2249058,0,0,B,66200,100,1450149,2249056,
000027.SZ,000027,20251209,93114610,2249059,0,0,B,66200,100,1457315,2249056,
000027.SZ,000027,20251209,93114610,2249060,0,0,B,66200,400,1460229,2249056,
000027.SZ,000027,20251209,93115130,2254732,0,0,B,66200,300,1460229,2254731,
000027.SZ,000027,20251209,93115130,2254733,0,0,B,66200,700,1462818,2254731,
000027.SZ,000027,20251209,93118120,2288388,0,0,S,66100,300,2288387,1796394,
000027.SZ,000027,20251209,93118130,2288484,0,0,S,66100,900,2288483,1796394,
000027.SZ,000027,20251209,93118780,2295545,0,0,B,66200,100,1462818,2295544,
000027.SZ,000027,20251209,93118780,2295546,0,0,B,66200,300,1466619,2295544,
000027.SZ,000027,20251209,93118780,2295547,0,0,B,66200,600,1466659,2295544,
000027.SZ,000027,20251209,93118810,2295914,0,0,B,66200,100,1466659,2295913,
000027.SZ,000027,20251209,93120550,2313374,0,0,B,66200,100,1466659,2313373,
000027.SZ,000027,20251209,93120550,2313375,0,0,B,66200,900,1479861,2313373,
000027.SZ,000027,20251209,93120810,2315467,0,0,S,66100,1243,2315466,1796394,
000027.SZ,000027,20251209,93120810,2315468,0,0,S,66100,1000,2315466,1910655,
000027.SZ,000027,20251209,93120810,2315469,0,0,S,66100,8257,2315466,1927833,
000027.SZ,000027,20251209,93120950,2316441,0,0,B,66200,5900,1479861,2316440,
000027.SZ,000027,20251209,93121050,2317293,0,0,B,66200,1000,1479861,2317292,
000027.SZ,000027,20251209,93121150,2318233,0,0,S,66100,1743,2318232,1927833,
000027.SZ,000027,20251209,93121150,2318234,0,0,S,66100,100,2318232,1941158,
000027.SZ,000027,20251209,93121150,2318235,0,0,S,66100,1157,2318232,2018326,
000027.SZ,000027,20251209,93123160,2341240,0,0,B,66200,1000,1479861,2341239,
000027.SZ,000027,20251209,93124930,2358708,0,0,B,66200,1000,1479861,2358707,
000027.SZ,000027,20251209,93127750,2389837,C,0, ,0,1700,0,2199407,
000027.SZ,000027,20251209,93127770,2390015,C,0, ,0,1000,0,2104031,
000027.SZ,000027,20251209,93128080,2393708,0,0,S,66100,343,2393707,2018326,
000027.SZ,000027,20251209,93128080,2393709,0,0,S,66100,357,2393707,2041253,
000027.SZ,000027,20251209,93130680,2420583,0,0,B,66200,2000,1479861,2420582,
000027.SZ,000027,20251209,93133720,2454618,0,0,B,66200,100,1479861,2454617,
000027.SZ,000027,20251209,93138550,2505632,0,0,B,66200,500,1479861,2505631,
000027.SZ,000027,20251209,93141410,2536398,C,0, ,0,200,1130490,0,
000027.SZ,000027,20251209,93146460,2592946,0,0,S,66100,7700,2592945,2041253,
000027.SZ,000027,20251209,93148170,2610017,0,0,S,66100,900,2610016,2041253,
000027.SZ,000027,20251209,93149490,2625529,0,0,S,66100,300,2625528,2041253,
000027.SZ,000027,20251209,93153280,2665300,0,0,S,66100,5800,2665299,2041253,
000027.SZ,000027,20251209,93154240,2674414,C,0, ,0,800,2058836,0,
000027.SZ,000027,20251209,93154460,2676903,0,0,S,66100,200,2676902,2041253,
000027.SZ,000027,20251209,93155640,2691762,0,0,S,66100,800,2691761,2041253,
000027.SZ,000027,20251209,93155870,2693916,0,0,S,66100,600,2693915,2041253,
000027.SZ,000027,20251209,93156490,2699935,0,0,S,66100,200,2699934,2041253,
000027.SZ,000027,20251209,93157200,2706549,C,0, ,0,2000,0,1099940,
000027.SZ,000027,20251209,93157210,2706678,0,0,S,66100,800,2706677,2041253,
000027.SZ,000027,20251209,93158670,2723100,0,0,S,66100,1900,2723099,2041253,
000027.SZ,000027,20251209,93158680,2723179,0,0,S,66100,1300,2723178,2041253,
000027.SZ,000027,20251209,93158680,2723181,0,0,S,66100,3600,2723180,2041253,
000027.SZ,000027,20251209,93158680,2723194,0,0,S,66100,900,2723193,2041253,
000027.SZ,000027,20251209,93200030,2735214,0,0,S,66100,100,2735213,2041253,
000027.SZ,000027,20251209,93200180,2737602,0,0,S,66100,200,2737601,2041253,
000027.SZ,000027,20251209,93200560,2743569,C,0, ,0,12000,0,2316387,
000027.SZ,000027,20251209,93200590,2743939,C,0, ,0,100,871514,0,
000027.SZ,000027,20251209,93200800,2747544,0,0,S,66100,300,2747543,2041253,
000027.SZ,000027,20251209,93202360,2765367,0,0,S,66100,30000,2765366,2041253,
000027.SZ,000027,20251209,93202370,2765483,0,0,S,66100,500,2765482,2041253,
000027.SZ,000027,20251209,93202370,2765485,0,0,S,66100,1000,2765484,2041253,
000027.SZ,000027,20251209,93202370,2765506,0,0,S,66100,100,2765505,2041253,
000027.SZ,000027,20251209,93202380,2765683,0,0,S,66100,2243,2765682,2041253,
000027.SZ,000027,20251209,93202380,2765684,0,0,S,66100,200,2765682,2042021,
000027.SZ,000027,20251209,93202380,2765685,0,0,S,66100,200,2765682,2044573,
000027.SZ,000027,20251209,93202380,2765686,0,0,S,66100,57,2765682,2046842,
000027.SZ,000027,20251209,93202380,2765688,0,0,S,66100,143,2765687,2046842,
000027.SZ,000027,20251209,93202380,2765689,0,0,S,66100,1200,2765687,2053530,
000027.SZ,000027,20251209,93202380,2765690,0,0,S,66100,57,2765687,2058100,
000027.SZ,000027,20251209,93202400,2765870,0,0,S,66100,443,2765869,2058100,
000027.SZ,000027,20251209,93202400,2765871,0,0,S,66100,300,2765869,2060161,
000027.SZ,000027,20251209,93202400,2765872,0,0,S,66100,6557,2765869,2061762,
000027.SZ,000027,20251209,93202410,2765950,0,0,S,66100,800,2765949,2061762,
000027.SZ,000027,20251209,93202440,2766267,0,0,S,66100,1100,2766266,2061762,
000027.SZ,000027,20251209,93202680,2768539,0,0,S,66100,100,2768538,2061762,
000027.SZ,000027,20251209,93203350,2775707,0,0,B,66200,100,1479861,2775706,
000027.SZ,000027,20251209,93203660,2779592,0,0,S,66100,100,2779591,2061762,
000027.SZ,000027,20251209,93203760,2780871,0,0,S,66100,100,2780870,2061762,
000027.SZ,000027,20251209,93203900,2782632,0,0,S,66100,200,2782631,2061762,
000027.SZ,000027,20251209,93203960,2783216,0,0,S,66100,100,2783215,2061762,
000027.SZ,000027,20251209,93204180,2785768,0,0,S,66100,900,2785767,2061762,
000027.SZ,000027,20251209,93204190,2785899,0,0,S,66100,43,2785898,2061762,
000027.SZ,000027,20251209,93204190,2785900,0,0,S,66100,57,2785898,2063354,
000027.SZ,000027,20251209,93204190,2785916,0,0,S,66100,943,2785915,2063354,
000027.SZ,000027,20251209,93204190,2785917,0,0,S,66100,400,2785915,2077038,
000027.SZ,000027,20251209,93204190,2785918,0,0,S,66100,557,2785915,2130623,
000027.SZ,000027,20251209,93205250,2796771,0,0,B,66200,1000,1479861,2796770,
000027.SZ,000027,20251209,93205260,2796873,0,0,S,66100,6443,2796872,2130623,
000027.SZ,000027,20251209,93205260,2796874,0,0,S,66100,857,2796872,2133477,
000027.SZ,000027,20251209,93205260,2796877,0,0,S,66100,343,2796876,2133477,
000027.SZ,000027,20251209,93205260,2796878,0,0,S,66100,657,2796876,2155568,
000027.SZ,000027,20251209,93205270,2797014,0,0,S,66100,500,2797013,2155568,
000027.SZ,000027,20251209,93205610,2800068,0,0,S,66100,100,2800067,2155568,
000027.SZ,000027,20251209,93205610,2800090,0,0,S,66100,100,2800089,2155568,
000027.SZ,000027,20251209,93205610,2800118,0,0,S,66100,100,2800117,2155568,
000027.SZ,000027,20251209,93205630,2800247,0,0,S,66100,100,2800246,2155568,
000027.SZ,000027,20251209,93207560,2820233,C,0, ,0,3000,0,2743532,
000027.SZ,000027,20251209,93207650,2821373,C,0, ,0,30000,0,774202,
000027.SZ,000027,20251209,93210580,2850896,0,0,S,66100,2000,2850895,2155568,
000027.SZ,000027,20251209,93212050,2863540,0,0,S,66100,100,2863539,2155568,
000027.SZ,000027,20251209,93214370,2893163,0,0,S,66100,1000,2893162,2155568,
000027.SZ,000027,20251209,93214390,2893379,0,0,S,66100,100,2893378,2155568,
000027.SZ,000027,20251209,93214400,2893541,0,0,S,66100,100,2893540,2155568,
000027.SZ,000027,20251209,93214400,2893632,0,0,S,66100,100,2893631,2155568,
000027.SZ,000027,20251209,93214540,2895464,0,0,S,66100,200,2895463,2155568,
000027.SZ,000027,20251209,93214620,2896202,0,0,B,66200,7500,1479861,2896201,
000027.SZ,000027,20251209,93214640,2896443,0,0,S,66100,100,2896442,2155568,
000027.SZ,000027,20251209,93214640,2896446,0,0,S,66100,100,2896445,2155568,
000027.SZ,000027,20251209,93214640,2896448,0,0,S,66100,100,2896447,2155568,
000027.SZ,000027,20251209,93214640,2896451,0,0,S,66100,100,2896450,2155568,
000027.SZ,000027,20251209,93214640,2896455,0,0,S,66100,100,2896454,2155568,
000027.SZ,000027,20251209,93214640,2896457,0,0,S,66100,200,2896456,2155568,
000027.SZ,000027,20251209,93214640,2896464,0,0,S,66100,200,2896463,2155568,
000027.SZ,000027,20251209,93214640,2896467,0,0,S,66100,100,2896466,2155568,
000027.SZ,000027,20251209,93214640,2896479,0,0,S,66100,200,2896478,2155568,
000027.SZ,000027,20251209,93214650,2896548,0,0,S,66100,100,2896547,2155568,
000027.SZ,000027,20251209,93214650,2896557,0,0,S,66100,900,2896556,2155568,
000027.SZ,000027,20251209,93214690,2897020,0,0,S,66100,200,2897019,2155568,
000027.SZ,000027,20251209,93214910,2899582,0,0,S,66100,200,2899581,2155568,
000027.SZ,000027,20251209,93216910,2924163,0,0,S,66100,100,2924162,2155568,
000027.SZ,000027,20251209,93216910,2924166,0,0,S,66100,100,2924165,2155568,
000027.SZ,000027,20251209,93218160,2936768,0,0,S,66100,100,2936767,2155568,
000027.SZ,000027,20251209,93218350,2938892,0,0,S,66100,100,2938891,2155568,
000027.SZ,000027,20251209,93218350,2938896,0,0,S,66100,100,2938895,2155568,
000027.SZ,000027,20251209,93218350,2938898,0,0,S,66100,200,2938897,2155568,
000027.SZ,000027,20251209,93218350,2938902,0,0,S,66100,100,2938901,2155568,
000027.SZ,000027,20251209,93218350,2938907,0,0,S,66100,100,2938906,2155568,
000027.SZ,000027,20251209,93218350,2938909,0,0,S,66100,100,2938908,2155568,
000027.SZ,000027,20251209,93218350,2938911,0,0,S,66100,100,2938910,2155568,
000027.SZ,000027,20251209,93218350,2938923,0,0,S,66100,100,2938922,2155568,
000027.SZ,000027,20251209,93218350,2938947,0,0,S,66100,100,2938946,2155568,
000027.SZ,000027,20251209,93218370,2939135,0,0,S,66100,100,2939134,2155568,
000027.SZ,000027,20251209,93218380,2939355,0,0,S,66100,100,2939354,2155568,
000027.SZ,000027,20251209,93218740,2943413,0,0,S,66100,100,2943412,2155568,
000027.SZ,000027,20251209,93218740,2943415,0,0,S,66100,100,2943414,2155568,
000027.SZ,000027,20251209,93218740,2943419,0,0,S,66100,100,2943418,2155568,
000027.SZ,000027,20251209,93218740,2943421,0,0,S,66100,100,2943420,2155568,
000027.SZ,000027,20251209,93218740,2943425,0,0,S,66100,200,2943424,2155568,
000027.SZ,000027,20251209,93218740,2943427,0,0,S,66100,100,2943426,2155568,
000027.SZ,000027,20251209,93218740,2943429,0,0,S,66100,100,2943428,2155568,
000027.SZ,000027,20251209,93218740,2943434,0,0,S,66100,100,2943433,2155568,
000027.SZ,000027,20251209,93218740,2943436,0,0,S,66100,100,2943435,2155568,
000027.SZ,000027,20251209,93218740,2943438,0,0,S,66100,200,2943437,2155568,
000027.SZ,000027,20251209,93218740,2943440,0,0,S,66100,200,2943439,2155568,
000027.SZ,000027,20251209,93218740,2943443,0,0,S,66100,100,2943442,2155568,
000027.SZ,000027,20251209,93218740,2943445,0,0,S,66100,200,2943444,2155568,
000027.SZ,000027,20251209,93218740,2943447,0,0,S,66100,100,2943446,2155568,
000027.SZ,000027,20251209,93218740,2943449,0,0,S,66100,100,2943448,2155568,
000027.SZ,000027,20251209,93218740,2943451,0,0,S,66100,100,2943450,2155568,
000027.SZ,000027,20251209,93218740,2943453,0,0,S,66100,100,2943452,2155568,
000027.SZ,000027,20251209,93218740,2943455,0,0,S,66100,100,2943454,2155568,
000027.SZ,000027,20251209,93218740,2943457,0,0,S,66100,200,2943456,2155568,
000027.SZ,000027,20251209,93218740,2943459,0,0,S,66100,100,2943458,2155568,
000027.SZ,000027,20251209,93218740,2943461,0,0,S,66100,100,2943460,2155568,
000027.SZ,000027,20251209,93218740,2943463,0,0,S,66100,200,2943462,2155568,
000027.SZ,000027,20251209,93218740,2943465,0,0,S,66100,100,2943464,2155568,
000027.SZ,000027,20251209,93218740,2943467,0,0,S,66100,200,2943466,2155568,
000027.SZ,000027,20251209,93218750,2943469,0,0,S,66100,100,2943468,2155568,
000027.SZ,000027,20251209,93218750,2943471,0,0,S,66100,100,2943470,2155568,
000027.SZ,000027,20251209,93218750,2943473,0,0,S,66100,100,2943472,2155568,
000027.SZ,000027,20251209,93218750,2943475,0,0,S,66100,100,2943474,2155568,
000027.SZ,000027,20251209,93218750,2943477,0,0,S,66100,100,2943476,2155568,
000027.SZ,000027,20251209,93218750,2943479,0,0,S,66100,100,2943478,2155568,
000027.SZ,000027,20251209,93218760,2943581,0,0,S,66100,100,2943580,2155568,
000027.SZ,000027,20251209,93218760,2943610,0,0,S,66100,100,2943609,2155568,
000027.SZ,000027,20251209,93218760,2943617,0,0,S,66100,3600,2943616,2155568,
000027.SZ,000027,20251209,93218760,2943620,0,0,S,66100,500,2943619,2155568,
000027.SZ,000027,20251209,93218760,2943632,0,0,S,66100,1900,2943631,2155568,
000027.SZ,000027,20251209,93218770,2943680,0,0,S,66100,100,2943679,2155568,
000027.SZ,000027,20251209,93218770,2943744,0,0,S,66100,743,2943743,2155568,
000027.SZ,000027,20251209,93218770,2943745,0,0,S,66100,257,2943743,2162513,
000027.SZ,000027,20251209,93218830,2944433,0,0,S,66100,100,2944432,2162513,
000027.SZ,000027,20251209,93219080,2947125,0,0,S,66100,1400,2947124,2162513,
000027.SZ,000027,20251209,93219080,2947130,0,0,S,66100,2700,2947129,2162513,
000027.SZ,000027,20251209,93219580,2952508,C,0, ,0,3000,0,439908,
000027.SZ,000027,20251209,93219600,2952660,0,0,S,66100,100,2952659,2162513,
000027.SZ,000027,20251209,93219600,2952668,0,0,S,66100,100,2952667,2162513,
000027.SZ,000027,20251209,93219600,2952674,0,0,S,66100,300,2952673,2162513,
000027.SZ,000027,20251209,93219600,2952683,0,0,S,66100,43,2952682,2162513,
000027.SZ,000027,20251209,93219600,2952684,0,0,S,66100,57,2952682,2183738,
000027.SZ,000027,20251209,93219600,2952689,0,0,S,66100,100,2952688,2183738,
000027.SZ,000027,20251209,93219600,2952691,0,0,S,66100,200,2952690,2183738,
000027.SZ,000027,20251209,93219600,2952693,0,0,S,66100,200,2952692,2183738,
000027.SZ,000027,20251209,93219600,2952698,0,0,S,66100,100,2952697,2183738,
000027.SZ,000027,20251209,93219610,2952810,0,0,S,66100,43,2952809,2183738,
000027.SZ,000027,20251209,93219610,2952811,0,0,S,66100,57,2952809,2208708,
000027.SZ,000027,20251209,93219610,2952813,0,0,S,66100,1400,2952812,2208708,
000027.SZ,000027,20251209,93219670,2953382,0,0,S,66100,100,2953381,2208708,
000027.SZ,000027,20251209,93220560,2961265,0,0,S,66100,2400,2961264,2208708,
000027.SZ,000027,20251209,93220580,2961429,0,0,S,66100,100,2961428,2208708,
000027.SZ,000027,20251209,93220580,2961431,0,0,S,66100,100,2961430,2208708,
000027.SZ,000027,20251209,93220580,2961433,0,0,S,66100,200,2961432,2208708,
000027.SZ,000027,20251209,93220580,2961438,0,0,S,66100,100,2961437,2208708,
000027.SZ,000027,20251209,93220580,2961448,0,0,S,66100,100,2961447,2208708,
000027.SZ,000027,20251209,93220580,2961454,0,0,S,66100,100,2961453,2208708,
000027.SZ,000027,20251209,93220580,2961457,0,0,S,66100,200,2961456,2208708,
000027.SZ,000027,20251209,93221180,2966976,C,0, ,0,600,894834,0,
000027.SZ,000027,20251209,93221200,2967095,0,0,S,66100,100,2967094,2208708,
000027.SZ,000027,20251209,93221670,2971991,0,0,S,66100,100,2971990,2208708,
000027.SZ,000027,20251209,93224370,2996664,C,0, ,0,5900,1219534,0,
000027.SZ,000027,20251209,93225860,3011342,0,0,S,66100,4500,3011341,2208708,
000027.SZ,000027,20251209,93225870,3011432,0,0,S,66100,443,3011431,2208708,
000027.SZ,000027,20251209,93225870,3011433,0,0,S,66100,500,3011431,2249267,
000027.SZ,000027,20251209,93225870,3011434,0,0,S,66100,100,3011431,2255765,
000027.SZ,000027,20251209,93225870,3011435,0,0,S,66100,200,3011431,2295933,
000027.SZ,000027,20251209,93225870,3011436,0,0,S,66100,1000,3011431,2314008,
000027.SZ,000027,20251209,93225870,3011437,0,0,S,66100,1357,3011431,2344950,
000027.SZ,000027,20251209,93225870,3011439,0,0,S,66100,643,3011438,2344950,
000027.SZ,000027,20251209,93225870,3011440,0,0,S,66100,657,3011438,2346436,
000027.SZ,000027,20251209,93225880,3011545,0,0,S,66100,900,3011544,2346436,
000027.SZ,000027,20251209,93230970,3056707,0,0,S,66100,2843,3056706,2346436,
000027.SZ,000027,20251209,93230970,3056708,0,0,S,66100,200,3056706,2346737,
000027.SZ,000027,20251209,93230970,3056709,0,0,S,66100,1600,3056706,2387057,
000027.SZ,000027,20251209,93230970,3056710,0,0,S,66100,2357,3056706,2387093,
000027.SZ,000027,20251209,93230990,3056886,C,0, ,0,800,1718512,0,
000027.SZ,000027,20251209,93233160,3078094,0,0,S,66100,743,3078093,2387093,
000027.SZ,000027,20251209,93233160,3078095,0,0,S,66100,5000,3078093,2389534,
000027.SZ,000027,20251209,93233160,3078096,0,0,S,66100,100,3078093,2392498,
000027.SZ,000027,20251209,93233160,3078097,0,0,S,66100,1000,3078093,2440566,
000027.SZ,000027,20251209,93233160,3078098,0,0,S,66100,700,3078093,2446171,
000027.SZ,000027,20251209,93233160,3078099,0,0,S,66100,100,3078093,2477343,
000027.SZ,000027,20251209,93233160,3078100,0,0,S,66100,600,3078093,2495261,
000027.SZ,000027,20251209,93233160,3078101,0,0,S,66100,700,3078093,2536844,
000027.SZ,000027,20251209,93233160,3078102,0,0,S,66100,1000,3078093,2549520,
000027.SZ,000027,20251209,93233160,3078103,0,0,S,66100,800,3078093,2555460,
000027.SZ,000027,20251209,93233160,3078104,0,0,S,66100,300,3078093,2564400,
000027.SZ,000027,20251209,93233160,3078105,0,0,S,66100,1000,3078093,2587393,
000027.SZ,000027,20251209,93233160,3078106,0,0,S,66100,100,3078093,2619531,
000027.SZ,000027,20251209,93233160,3078107,0,0,S,66100,200,3078093,2642268,
000027.SZ,000027,20251209,93233160,3078108,0,0,S,66100,12800,3078093,2681587,
000027.SZ,000027,20251209,93233160,3078109,0,0,S,66100,257,3078093,2690705,
000027.SZ,000027,20251209,93233720,3083719,0,0,S,66100,17000,3083718,2690705,
000027.SZ,000027,20251209,93233740,3083822,0,0,S,66100,1300,3083821,2690705,
000027.SZ,000027,20251209,93233740,3083824,0,0,S,66100,3600,3083823,2690705,
000027.SZ,000027,20251209,93233740,3083826,0,0,S,66100,900,3083825,2690705,
000027.SZ,000027,20251209,93234500,3090983,0,0,S,66100,800,3090982,2690705,
000027.SZ,000027,20251209,93240550,3145747,0,0,B,66200,600,1479861,3145746,
000027.SZ,000027,20251209,93242450,3163215,0,0,S,66100,1143,3163214,2690705,
000027.SZ,000027,20251209,93242450,3163216,0,0,S,66100,7857,3163214,2797199,
000027.SZ,000027,20251209,93242450,3163275,0,0,S,66100,143,3163274,2797199,
000027.SZ,000027,20251209,93242450,3163276,0,0,S,66100,3457,3163274,2801382,
000027.SZ,000027,20251209,93245050,3185856,C,0, ,0,100,0,3140587,
000027.SZ,000027,20251209,93245060,3185869,C,0, ,0,100,0,3140588,
000027.SZ,000027,20251209,93245060,3185877,C,0, ,0,100,0,3140586,
000027.SZ,000027,20251209,93245060,3185891,C,0, ,0,100,0,3140592,
000027.SZ,000027,20251209,93245060,3185916,C,0, ,0,100,0,3140585,
000027.SZ,000027,20251209,93245060,3185931,C,0, ,0,100,0,3140577,
000027.SZ,000027,20251209,93245070,3185938,C,0, ,0,100,0,3140576,
000027.SZ,000027,20251209,93245070,3185956,C,0, ,0,100,0,3140575,
000027.SZ,000027,20251209,93251160,3236510,0,0,S,66100,300,3236509,2801382,
000027.SZ,000027,20251209,93259550,3309658,0,0,S,66100,3000,3309657,2801382,
000027.SZ,000027,20251209,93301260,3326495,0,0,S,66100,100,3326494,2801382,
000027.SZ,000027,20251209,93302710,3339884,0,0,S,66100,1000,3339883,2801382,
000027.SZ,000027,20251209,93302980,3341937,0,0,B,66200,500,1479861,3341936,
000027.SZ,000027,20251209,93306680,3377720,C,0, ,0,115600,521631,0,
000027.SZ,000027,20251209,93307060,3381658,C,0, ,0,27900,1479861,0,
000027.SZ,000027,20251209,93315840,3461888,0,0,S,66100,1700,3461887,2801382,
000027.SZ,000027,20251209,93316250,3465639,0,0,S,66100,100,3465638,2801382,
000027.SZ,000027,20251209,93316580,3468581,0,0,B,66200,100,1487085,3468580,
000027.SZ,000027,20251209,93316580,3468582,0,0,B,66200,900,1498703,3468580,
000027.SZ,000027,20251209,93317970,3479225,0,0,B,66200,200,1498703,3479224,
000027.SZ,000027,20251209,93318770,3486267,0,0,B,66200,900,1498703,3486266,
000027.SZ,000027,20251209,93318770,3486268,0,0,B,66200,100,1498705,3486266,
000027.SZ,000027,20251209,93320360,3501089,0,0,S,66100,8200,3501088,2801382,
000027.SZ,000027,20251209,93323590,3529075,0,0,B,66200,2000,1498705,3529074,
000027.SZ,000027,20251209,93324190,3533520,C,0, ,0,24100,929157,0,
000027.SZ,000027,20251209,93324250,3534205,0,0,B,66200,500,1498705,3534204,
000027.SZ,000027,20251209,93325820,3548393,0,0,B,66200,900,1498705,3548392,
000027.SZ,000027,20251209,93325820,3548394,0,0,B,66200,100,1498707,3548392,
000027.SZ,000027,20251209,93327930,3565853,0,0,B,66200,1000,1498707,3565852,
000027.SZ,000027,20251209,93329120,3575798,0,0,B,66200,600,1498707,3575797,
000027.SZ,000027,20251209,93329120,3575799,0,0,B,66200,400,1499508,3575797,
000027.SZ,000027,20251209,93329370,3577799,C,0, ,0,400,3372991,0,
000027.SZ,000027,20251209,93329890,3581231,0,0,B,66200,600,1499508,3581230,
000027.SZ,000027,20251209,93329890,3581232,0,0,B,66200,800,1510648,3581230,
000027.SZ,000027,20251209,93329890,3581233,0,0,B,66200,600,1540950,3581230,
000027.SZ,000027,20251209,93330530,3586559,0,0,B,66200,200,1540950,3586558,
000027.SZ,000027,20251209,93330530,3586560,0,0,B,66200,500,1540959,3586558,
000027.SZ,000027,20251209,93330530,3586561,0,0,B,66200,300,1540999,3586558,
000027.SZ,000027,20251209,93331400,3594672,0,0,B,66200,1000,1540999,3594671,
000027.SZ,000027,20251209,93332370,3603129,0,0,B,66200,700,1540999,3603128,
000027.SZ,000027,20251209,93332370,3603130,0,0,B,66200,300,1543450,3603128,
000027.SZ,000027,20251209,93335970,3632174,0,0,B,66200,100,1543450,3632173,
000027.SZ,000027,20251209,93336530,3636556,C,0, ,0,500,0,2719661,
000027.SZ,000027,20251209,93336630,3637225,0,0,S,66100,100,3637224,2801382,
000027.SZ,000027,20251209,93337420,3645245,C,0, ,0,100,0,3399369,
000027.SZ,000027,20251209,93337700,3648191,0,0,B,66200,2000,1543450,3648190,
000027.SZ,000027,20251209,93338210,3652619,0,0,B,66200,400,1543450,3652618,
000027.SZ,000027,20251209,93338210,3652620,0,0,B,66200,600,1583571,3652618,
000027.SZ,000027,20251209,93339150,3662546,C,0, ,0,2100,3262452,0,
000027.SZ,000027,20251209,93340160,3672091,0,0,B,66200,300,1628184,3672090,
000027.SZ,000027,20251209,93340160,3672092,0,0,B,66200,100,1630860,3672090,
000027.SZ,000027,20251209,93340160,3672093,0,0,B,66200,100,1711097,3672090,
000027.SZ,000027,20251209,93340160,3672094,0,0,B,66200,500,1717616,3672090,
000027.SZ,000027,20251209,93340200,3672496,0,0,S,66100,100,3672495,2801382,
000027.SZ,000027,20251209,93340210,3672513,0,0,S,66100,100,3672512,2801382,
000027.SZ,000027,20251209,93340210,3672526,0,0,S,66100,100,3672525,2801382,
000027.SZ,000027,20251209,93340210,3672529,0,0,S,66100,100,3672528,2801382,
000027.SZ,000027,20251209,93340210,3672533,0,0,S,66100,100,3672532,2801382,
000027.SZ,000027,20251209,93340210,3672542,0,0,S,66100,100,3672541,2801382,
000027.SZ,000027,20251209,93340210,3672557,0,0,B,66200,200,1717616,3672556,
000027.SZ,000027,20251209,93340210,3672569,0,0,S,66100,100,3672568,2801382,
000027.SZ,000027,20251209,93340210,3672591,0,0,S,66100,100,3672590,2801382,
000027.SZ,000027,20251209,93340210,3672601,0,0,S,66100,100,3672600,2801382,
000027.SZ,000027,20251209,93340220,3672632,0,0,S,66100,100,3672631,2801382,
000027.SZ,000027,20251209,93340220,3672655,0,0,S,66100,100,3672654,2801382,
000027.SZ,000027,20251209,93340220,3672699,0,0,S,66100,100,3672698,2801382,
000027.SZ,000027,20251209,93340230,3672744,0,0,S,66100,100,3672743,2801382,
000027.SZ,000027,20251209,93340230,3672825,0,0,S,66100,100,3672824,2801382,
000027.SZ,000027,20251209,93340230,3672827,0,0,S,66100,100,3672826,2801382,
000027.SZ,000027,20251209,93340230,3672834,0,0,S,66100,100,3672833,2801382,
000027.SZ,000027,20251209,93340240,3672847,0,0,S,66100,100,3672846,2801382,
000027.SZ,000027,20251209,93340240,3673058,0,0,S,66100,100,3673057,2801382,
000027.SZ,000027,20251209,93340240,3673065,0,0,S,66100,100,3673064,2801382,
000027.SZ,000027,20251209,93340740,3678546,C,0, ,0,3800,2387333,0,
000027.SZ,000027,20251209,93340780,3678853,0,0,S,66100,200,3678852,2801382,
000027.SZ,000027,20251209,93340800,3679036,0,0,S,66100,200,3679035,2801382,
000027.SZ,000027,20251209,93341700,3686468,0,0,S,66100,100,3686467,2801382,
000027.SZ,000027,20251209,93342150,3690284,0,0,S,66100,2100,3690283,2801382,
000027.SZ,000027,20251209,93342500,3693902,C,0, ,0,3000,3501115,0,
000027.SZ,000027,20251209,93343180,3699985,0,0,B,66200,400,1717616,3699984,
000027.SZ,000027,20251209,93343810,3705863,0,0,B,66200,300,1717616,3705862,
000027.SZ,000027,20251209,93343810,3705864,0,0,B,66200,100,1717660,3705862,
000027.SZ,000027,20251209,93343810,3705865,0,0,B,66200,100,1717669,3705862,
000027.SZ,000027,20251209,93343810,3705866,0,0,B,66200,100,1717670,3705862,
000027.SZ,000027,20251209,93343810,3705867,0,0,B,66200,100,1717676,3705862,
000027.SZ,000027,20251209,93343810,3705868,0,0,B,66200,100,1717677,3705862,
000027.SZ,000027,20251209,93343810,3705869,0,0,B,66200,100,1717681,3705862,
000027.SZ,000027,20251209,93343810,3705870,0,0,B,66200,100,1717686,3705862,
000027.SZ,000027,20251209,93343810,3705871,0,0,B,66200,100,1717689,3705862,
000027.SZ,000027,20251209,93343810,3705872,0,0,B,66200,100,1717690,3705862,
000027.SZ,000027,20251209,93343810,3705873,0,0,B,66200,100,1717693,3705862,
000027.SZ,000027,20251209,93343810,3705874,0,0,B,66200,200,1717704,3705862,
000027.SZ,000027,20251209,93343810,3705875,0,0,B,66200,100,1717708,3705862,
000027.SZ,000027,20251209,93343810,3705876,0,0,B,66200,200,1717833,3705862,
000027.SZ,000027,20251209,93343810,3705877,0,0,B,66200,100,1718599,3705862,
000027.SZ,000027,20251209,93343810,3705878,0,0,B,66200,1100,1766496,3705862,
000027.SZ,000027,20251209,93344030,3707856,0,0,B,66200,1000,1766496,3707855,
000027.SZ,000027,20251209,93344290,3709916,0,0,B,66200,1000,1766496,3709915,
000027.SZ,000027,20251209,93344670,3713001,0,0,B,66200,1000,1766496,3713000,
000027.SZ,000027,20251209,93344710,3713328,C,0, ,0,500,479960,0,
000027.SZ,000027,20251209,93345620,3721463,C,0, ,0,5200,2532548,0,
000027.SZ,000027,20251209,93346280,3727838,0,0,B,66200,600,1766496,3727837,
000027.SZ,000027,20251209,93346280,3727839,0,0,B,66200,100,1775906,3727837,
000027.SZ,000027,20251209,93346920,3733963,0,0,B,66200,6300,1775906,3733962,
000027.SZ,000027,20251209,93346920,3733964,0,0,B,66200,700,1800150,3733962,
000027.SZ,000027,20251209,93347010,3734685,C,0, ,0,300,1119693,0,
000027.SZ,000027,20251209,93348180,3744736,0,0,B,66200,100,1800150,3744735,
000027.SZ,000027,20251209,93348480,3747071,0,0,B,66200,1000,1800150,3747070,
000027.SZ,000027,20251209,93348530,3747584,0,0,B,66200,1100,1800150,3747583,
000027.SZ,000027,20251209,93348530,3747585,0,0,B,66200,400,1806290,3747583,
000027.SZ,000027,20251209,93348530,3747586,0,0,B,66200,500,1806793,3747583,
000027.SZ,000027,20251209,93349190,3753635,0,0,B,66200,300,1806974,3753634,
000027.SZ,000027,20251209,93349190,3753636,0,0,B,66200,400,1808315,3753634,
000027.SZ,000027,20251209,93349250,3754560,C,0, ,0,1800,1808428,0,
000027.SZ,000027,20251209,93349250,3754561,C,0, ,0,800,1981844,0,
000027.SZ,000027,20251209,93349250,3754569,C,0, ,0,100,1808315,0,
000027.SZ,000027,20251209,93349260,3754616,C,0, ,0,2100,1808995,0,
000027.SZ,000027,20251209,93349260,3754638,C,0, ,0,600,1982877,0,
000027.SZ,000027,20251209,93349260,3754762,C,0, ,0,700,1809467,0,
000027.SZ,000027,20251209,93349270,3754889,C,0, ,0,200,1982716,0,
000027.SZ,000027,20251209,93349320,3755291,C,0, ,0,1700,1982269,0,
000027.SZ,000027,20251209,93349760,3759351,0,0,B,66200,2000,1825650,3759350,
000027.SZ,000027,20251209,93349760,3759352,0,0,B,66200,1000,1872834,3759350,
000027.SZ,000027,20251209,93351190,3770210,0,0,B,66200,900,1872834,3770209,
000027.SZ,000027,20251209,93351190,3770211,0,0,B,66200,100,1886425,3770209,
000027.SZ,000027,20251209,93352250,3780064,0,0,B,66200,700,1886425,3780063,
000027.SZ,000027,20251209,93352660,3784328,0,0,B,66200,1000,1886425,3784327,
000027.SZ,000027,20251209,93352680,3784476,0,0,B,66200,200,1886425,3784475,
000027.SZ,000027,20251209,93353900,3793326,0,0,B,66200,1000,1886425,3793325,
000027.SZ,000027,20251209,93354000,3794025,0,0,B,66200,100,1886425,3794024,
000027.SZ,000027,20251209,93354090,3794767,0,0,B,66200,1900,1886425,3794766,
000027.SZ,000027,20251209,93354090,3794768,0,0,B,66200,18100,1937486,3794766,
000027.SZ,000027,20251209,93354100,3794848,0,0,B,66200,1400,1937486,3794847,
000027.SZ,000027,20251209,93354150,3795254,0,0,B,66200,1300,1937486,3795253,
000027.SZ,000027,20251209,93354160,3795359,0,0,B,66200,300,1937486,3795358,
000027.SZ,000027,20251209,93354160,3795363,0,0,B,66200,100,1937486,3795362,
000027.SZ,000027,20251209,93354170,3795420,0,0,B,66200,100,1937486,3795419,
000027.SZ,000027,20251209,93354170,3795422,0,0,B,66200,100,1937486,3795421,
000027.SZ,000027,20251209,93354230,3795837,0,0,B,66200,100,1937486,3795836,
000027.SZ,000027,20251209,93354460,3797877,0,0,B,66200,3000,1937486,3797876,
000027.SZ,000027,20251209,93354460,3797952,0,0,B,66200,200,1937486,3797951,
000027.SZ,000027,20251209,93354460,3797954,0,0,B,66200,500,1937486,3797953,
000027.SZ,000027,20251209,93354470,3798029,0,0,B,66200,100,1937486,3798028,
000027.SZ,000027,20251209,93354470,3798031,0,0,B,66200,100,1937486,3798030,
000027.SZ,000027,20251209,93355010,3802408,0,0,B,66200,100,1937486,3802407,
000027.SZ,000027,20251209,93355230,3804130,0,0,B,66200,2300,1937486,3804129,
000027.SZ,000027,20251209,93355240,3804212,0,0,B,66200,100,1937486,3804211,
000027.SZ,000027,20251209,93355240,3804214,0,0,B,66200,100,1937486,3804213,
000027.SZ,000027,20251209,93355240,3804217,0,0,B,66200,100,1937486,3804216,
000027.SZ,000027,20251209,93355240,3804220,0,0,B,66200,100,1937486,3804219,
000027.SZ,000027,20251209,93355260,3804490,0,0,B,66200,1800,1937486,3804489,
000027.SZ,000027,20251209,93355260,3804491,0,0,B,66200,600,1954346,3804489,
000027.SZ,000027,20251209,93355260,3804492,0,0,B,66200,800,1954347,3804489,
000027.SZ,000027,20251209,93355260,3804493,0,0,B,66200,300,2025195,3804489,
000027.SZ,000027,20251209,93355260,3804494,0,0,B,66200,2300,2058889,3804489,
000027.SZ,000027,20251209,93355260,3804495,0,0,B,66200,1400,2084153,3804489,
000027.SZ,000027,20251209,93355260,3804496,0,0,B,66200,1300,2103074,3804489,
000027.SZ,000027,20251209,93355260,3804497,0,0,B,66200,1200,2144739,3804489,
000027.SZ,000027,20251209,93355260,3804498,0,0,B,66200,1700,2144743,3804489,
000027.SZ,000027,20251209,93355260,3804499,0,0,B,66200,20000,2170407,3804489,
000027.SZ,000027,20251209,93355260,3804500,0,0,B,66200,100,2218519,3804489,
000027.SZ,000027,20251209,93355260,3804501,0,0,B,66200,200,2220733,3804489,
000027.SZ,000027,20251209,93355260,3804502,0,0,B,66200,100,2249561,3804489,
000027.SZ,000027,20251209,93355260,3804503,0,0,B,66200,1200,2254948,3804489,
000027.SZ,000027,20251209,93355260,3804504,0,0,B,66200,500,2254959,3804489,
000027.SZ,000027,20251209,93355260,3804505,0,0,B,66200,1000,2318940,3804489,
000027.SZ,000027,20251209,93355260,3804506,0,0,B,66200,1300,2318943,3804489,
000027.SZ,000027,20251209,93355260,3804507,0,0,B,66200,1700,2319414,3804489,
000027.SZ,000027,20251209,93355260,3804508,0,0,B,66200,1300,2448660,3804489,
000027.SZ,000027,20251209,93355260,3804509,0,0,B,66200,1300,2448682,3804489,
000027.SZ,000027,20251209,93355260,3804510,0,0,B,66200,1500,2448683,3804489,
000027.SZ,000027,20251209,93355260,3804511,0,0,B,66200,1700,2543954,3804489,
000027.SZ,000027,20251209,93355260,3804512,0,0,B,66200,1900,2544542,3804489,
000027.SZ,000027,20251209,93355260,3804513,0,0,B,66200,5000,2571117,3804489,
000027.SZ,000027,20251209,93355260,3804514,0,0,B,66200,1300,2674506,3804489,
000027.SZ,000027,20251209,93355260,3804515,0,0,B,66200,1800,2674598,3804489,
000027.SZ,000027,20251209,93355260,3804516,0,0,B,66200,1200,2674599,3804489,
000027.SZ,000027,20251209,93355260,3804517,0,0,B,66200,200,2706664,3804489,
000027.SZ,000027,20251209,93355260,3804518,0,0,B,66200,1400,2706830,3804489,
000027.SZ,000027,20251209,93355260,3804519,0,0,B,66200,900,2718906,3804489,
000027.SZ,000027,20251209,93355260,3804520,0,0,B,66200,1300,2737288,3804489,
000027.SZ,000027,20251209,93355260,3804521,0,0,B,66200,1300,2806917,3804489,
000027.SZ,000027,20251209,93355260,3804522,0,0,B,66200,1200,2819468,3804489,
000027.SZ,000027,20251209,93355260,3804523,0,0,B,66200,400,2835988,3804489,
000027.SZ,000027,20251209,93355260,3804524,0,0,B,66200,1300,2836028,3804489,
000027.SZ,000027,20251209,93355260,3804525,0,0,B,66200,300,2897059,3804489,
000027.SZ,000027,20251209,93355260,3804526,0,0,B,66200,100,2917052,3804489,
000027.SZ,000027,20251209,93355260,3804527,0,0,B,66200,2100,2936679,3804489,
000027.SZ,000027,20251209,93355260,3804528,0,0,B,66200,2000,2943187,3804489,
000027.SZ,000027,20251209,93355260,3804529,0,0,B,66200,200,2967219,3804489,
000027.SZ,000027,20251209,93355260,3804530,0,0,B,66200,2300,3021604,3804489,
000027.SZ,000027,20251209,93355260,3804531,0,0,B,66200,1800,3021605,3804489,
000027.SZ,000027,20251209,93355260,3804532,0,0,B,66200,700,3021610,3804489,
000027.SZ,000027,20251209,93355260,3804533,0,0,B,66200,500,3077824,3804489,
000027.SZ,000027,20251209,93355260,3804534,0,0,B,66200,600,3083539,3804489,
000027.SZ,000027,20251209,93355260,3804535,0,0,B,66200,2100,3104283,3804489,
000027.SZ,000027,20251209,93355260,3804536,0,0,B,66200,4000,3110308,3804489,
000027.SZ,000027,20251209,93355260,3804537,0,0,B,66200,1300,3132904,3804489,
000027.SZ,000027,20251209,93355260,3804538,0,0,B,66200,1800,3159863,3804489,
000027.SZ,000027,20251209,93355260,3804539,0,0,B,66200,300,3211643,3804489,
000027.SZ,000027,20251209,93355260,3804540,0,0,B,66200,400,3236418,3804489,
000027.SZ,000027,20251209,93355260,3804541,0,0,B,66200,600,3236624,3804489,
000027.SZ,000027,20251209,93355260,3804542,0,0,B,66200,200,3288760,3804489,
000027.SZ,000027,20251209,93355260,3804543,0,0,B,66200,100,3290122,3804489,
000027.SZ,000027,20251209,93355260,3804544,0,0,B,66200,1500,3344075,3804489,
000027.SZ,000027,20251209,93355260,3804545,0,0,B,66200,1100,3344076,3804489,
000027.SZ,000027,20251209,93355260,3804546,0,0,B,66200,100,3376501,3804489,
000027.SZ,000027,20251209,93355260,3804547,0,0,B,66200,100,3430506,3804489,
000027.SZ,000027,20251209,93355260,3804548,0,0,B,66200,9000,3431280,3804489,
000027.SZ,000027,20251209,93355260,3804549,0,0,B,66200,300,3533140,3804489,
000027.SZ,000027,20251209,93355260,3804550,0,0,B,66200,200,3534637,3804489,
000027.SZ,000027,20251209,93355260,3804551,0,0,B,66200,100,3540726,3804489,
000027.SZ,000027,20251209,93355260,3804552,0,0,B,66200,2300,3547081,3804489,
000027.SZ,000027,20251209,93355270,3804797,0,0,B,66200,100,3563147,3804796,
000027.SZ,000027,20251209,93355270,3804798,0,0,B,66200,700,3568670,3804796,
000027.SZ,000027,20251209,93355270,3804799,0,0,B,66200,600,3633993,3804796,
000027.SZ,000027,20251209,93355270,3804800,0,0,B,66200,100,3634353,3804796,
000027.SZ,000027,20251209,93355270,3804801,0,0,B,66200,600,3662555,3804796,
000027.SZ,000027,20251209,93355270,3804802,0,0,B,66200,100,3694494,3804796,
000027.SZ,000027,20251209,93355270,3804803,0,0,B,66200,100,3770923,3804796,
000027.SZ,000027,20251209,93355270,3804804,0,0,B,66200,300,3788064,3804796,
000027.SZ,000027,20251209,93355280,3804815,0,0,B,66200,100,3804339,3804814,
000027.SZ,000027,20251209,93355280,3804817,0,0,B,66200,2500,3804339,3804816,
000027.SZ,000027,20251209,93355280,3804818,0,0,B,66200,100,3804764,3804816,
000027.SZ,000027,20251209,93355300,3805075,0,0,S,66200,2600,3805074,3804816,
000027.SZ,000027,20251209,93355300,3805076,0,0,S,66200,100,3805074,3804821,
000027.SZ,000027,20251209,93355300,3805095,0,0,S,66200,900,3805094,3804821,
000027.SZ,000027,20251209,93355330,3805336,0,0,S,66200,1700,3805335,3804821,
000027.SZ,000027,20251209,93355380,3805675,0,0,S,66200,2400,3805674,3804821,
000027.SZ,000027,20251209,93356280,3812475,C,0, ,0,200,0,3804823,
000027.SZ,000027,20251209,93356280,3812484,C,0, ,0,19400,0,3804821,
000027.SZ,000027,20251209,93356500,3813956,C,0, ,0,100,0,3804822,
000027.SZ,000027,20251209,93356930,3816612,0,0,B,66300,1000,53498,3816611,
000027.SZ,000027,20251209,93357240,3819101,0,0,S,66200,1000,3819100,3804824,
000027.SZ,000027,20251209,93357240,3819141,C,0, ,0,100,0,3804825,
000027.SZ,000027,20251209,93357660,3823068,C,0, ,0,100,0,3579729,
000027.SZ,000027,20251209,93357680,3823154,C,0, ,0,100,0,3804845,
000027.SZ,000027,20251209,93358230,3827700,0,0,B,66300,10900,53498,3827699,
000027.SZ,000027,20251209,93358630,3831113,0,0,B,66300,1000,53498,3831112,
000027.SZ,000027,20251209,93359190,3835307,0,0,B,66300,1000,53498,3835306,
000027.SZ,000027,20251209,93401180,3853474,0,0,B,66300,1300,53498,3853473,
000027.SZ,000027,20251209,93401390,3855602,C,0, ,0,1500,0,3805152,
000027.SZ,000027,20251209,93401850,3860314,C,0, ,0,300,0,3323043,
000027.SZ,000027,20251209,93401900,3860646,C,0, ,0,300,0,3446046,
000027.SZ,000027,20251209,93402550,3866020,0,0,B,66300,1500,53498,3866019,
000027.SZ,000027,20251209,93402770,3867735,0,0,B,66300,1000,53498,3867734,
000027.SZ,000027,20251209,93403680,3875549,0,0,B,66300,1000,53498,3875548,
000027.SZ,000027,20251209,93404220,3880321,0,0,B,66300,300,53498,3880320,
000027.SZ,000027,20251209,93405090,3886987,C,0, ,0,400,0,3472298,
000027.SZ,000027,20251209,93406060,3894266,0,0,B,66300,400,53498,3894265,
000027.SZ,000027,20251209,93406160,3895142,0,0,B,66300,100,53498,3895141,
000027.SZ,000027,20251209,93407810,3909532,0,0,B,66300,1000,53498,3909531,
000027.SZ,000027,20251209,93408080,3911810,C,0, ,0,5000,0,3689684,
000027.SZ,000027,20251209,93408080,3911811,C,0, ,0,2500,0,3607951,
000027.SZ,000027,20251209,93408720,3916351,C,0, ,0,300,0,1293907,
000027.SZ,000027,20251209,93409560,3923317,C,0, ,0,100,0,3695552,
000027.SZ,000027,20251209,93410230,3929017,0,0,B,66300,300,53498,3929016,
000027.SZ,000027,20251209,93410990,3934757,C,0, ,0,3000,0,3459855,
000027.SZ,000027,20251209,93411290,3937016,C,0, ,0,27900,3680798,0,
000027.SZ,000027,20251209,93411560,3938918,0,0,B,66300,3700,53498,3938917,
000027.SZ,000027,20251209,93412900,3948871,C,0, ,0,13800,3209684,0,
000027.SZ,000027,20251209,93413170,3951355,0,0,B,66300,300,53498,3951354,
000027.SZ,000027,20251209,93414950,3965254,C,0, ,0,100,0,3123182,
000027.SZ,000027,20251209,93418630,3993834,C,0, ,0,400,0,333410,
000027.SZ,000027,20251209,93419530,4001342,0,0,S,66200,2000,4001341,3804824,
000027.SZ,000027,20251209,93422190,4021198,0,0,B,66300,300,53498,4021197,
000027.SZ,000027,20251209,93423120,4029977,0,0,B,66300,1000,53498,4029976,
000027.SZ,000027,20251209,93425280,4046577,C,0, ,0,900,0,3804860,
000027.SZ,000027,20251209,93425300,4046710,0,0,S,66200,500,4046709,3804824,
000027.SZ,000027,20251209,93425620,4049722,0,0,B,66300,1000,53498,4049721,
000027.SZ,000027,20251209,93426860,4057931,0,0,B,66300,100,53498,4057930,
000027.SZ,000027,20251209,93426990,4058846,0,0,B,66300,100,53498,4058845,
000027.SZ,000027,20251209,93428380,4069519,C,0, ,0,30500,0,3778903,
000027.SZ,000027,20251209,93430670,4085340,C,0, ,0,5000,521044,0,
000027.SZ,000027,20251209,93430950,4087351,0,0,B,66300,2000,53498,4087350,
000027.SZ,000027,20251209,93431260,4089675,C,0, ,0,38600,0,3744567,
000027.SZ,000027,20251209,93431950,4094919,0,0,B,66300,1000,53498,4094918,
000027.SZ,000027,20251209,93432100,4096222,0,0,B,66300,4000,53498,4096221,
000027.SZ,000027,20251209,93432250,4097182,0,0,B,66300,2000,53498,4097181,
000027.SZ,000027,20251209,93432620,4100056,0,0,B,66300,2000,53498,4100055,
000027.SZ,000027,20251209,93433390,4106164,0,0,B,66300,1000,53498,4106163,
000027.SZ,000027,20251209,93433550,4107671,C,0, ,0,400,0,3770141,
000027.SZ,000027,20251209,93433750,4109508,0,0,B,66300,400,53498,4109507,
000027.SZ,000027,20251209,93434170,4112691,0,0,B,66300,1200,53498,4112690,
000027.SZ,000027,20251209,93434510,4115503,C,0, ,0,20300,53498,0,
000027.SZ,000027,20251209,93434550,4115902,C,0, ,0,40800,53501,0,
000027.SZ,000027,20251209,93435150,4120497,0,0,B,66300,1000,482597,4120496,
000027.SZ,000027,20251209,93435360,4121804,C,0, ,0,200,0,3336860,
000027.SZ,000027,20251209,93435560,4123134,0,0,B,66300,200,482597,4123133,
000027.SZ,000027,20251209,93436150,4127053,C,0, ,0,1300,3942816,0,
000027.SZ,000027,20251209,93436470,4129854,0,0,B,66300,800,482597,4129853,
000027.SZ,000027,20251209,93436470,4129855,0,0,B,66300,200,954326,4129853,
000027.SZ,000027,20251209,93437200,4135247,0,0,B,66300,400,954326,4135246,
000027.SZ,000027,20251209,93437740,4139817,0,0,B,66300,1000,954326,4139816,
000027.SZ,000027,20251209,93437810,4140321,0,0,B,66300,1000,954326,4140320,
000027.SZ,000027,20251209,93438120,4142418,0,0,B,66300,2000,954326,4142417,
000027.SZ,000027,20251209,93438570,4145538,0,0,B,66300,600,954326,4145537,
000027.SZ,000027,20251209,93439150,4149307,0,0,S,66200,1300,4149306,3804824,
000027.SZ,000027,20251209,93439900,4154820,0,0,B,66300,100,954326,4154819,
000027.SZ,000027,20251209,93440260,4157571,0,0,B,66300,500,954326,4157570,
000027.SZ,000027,20251209,93440620,4160604,0,0,B,66300,200,954326,4160603,
000027.SZ,000027,20251209,93440620,4160605,0,0,B,66300,100,1091732,4160603,
000027.SZ,000027,20251209,93440620,4160606,0,0,B,66300,100,1234617,4160603,
000027.SZ,000027,20251209,93440620,4160607,0,0,B,66300,1600,1972934,4160603,
000027.SZ,000027,20251209,93441120,4164223,0,0,B,66300,1000,1972934,4164222,
000027.SZ,000027,20251209,93442920,4178261,0,0,B,66300,2000,1972934,4178260,
000027.SZ,000027,20251209,93443230,4180768,0,0,B,66300,100,1972934,4180767,
000027.SZ,000027,20251209,93443230,4180769,0,0,B,66300,300,2004157,4180767,
000027.SZ,000027,20251209,93445480,4198339,0,0,B,66300,1700,2004157,4198338,
000027.SZ,000027,20251209,93445480,4198340,0,0,B,66300,300,3169444,4198338,
000027.SZ,000027,20251209,93446940,4209957,0,0,S,66200,400,4209956,3804824,
000027.SZ,000027,20251209,93446940,4209958,0,0,S,66200,3700,4209956,3804856,
000027.SZ,000027,20251209,93447860,4216344,0,0,B,66300,200,3169444,4216343,
000027.SZ,000027,20251209,93448300,4219551,C,0, ,0,7043,0,2801382,
000027.SZ,000027,20251209,93448540,4221882,0,0,B,66300,1000,3169444,4221881,
000027.SZ,000027,20251209,93449160,4226733,0,0,B,66300,800,3169444,4226732,
000027.SZ,000027,20251209,93449960,4233449,0,0,B,66300,1000,3169444,4233448,
000027.SZ,000027,20251209,93451160,4242427,0,0,B,66300,1600,3169444,4242426,
000027.SZ,000027,20251209,93451160,4242428,0,0,B,66300,3400,3180857,4242426,
000027.SZ,000027,20251209,93451280,4243412,0,0,B,66300,1000,3180857,4243411,
000027.SZ,000027,20251209,93452250,4251082,0,0,S,66200,7300,4251081,3804856,
000027.SZ,000027,20251209,93452250,4251083,0,0,S,66200,1100,4251081,3807123,
000027.SZ,000027,20251209,93452250,4251084,0,0,S,66200,100,4251081,3807424,
000027.SZ,000027,20251209,93452250,4251085,0,0,S,66200,600,4251081,3819178,
000027.SZ,000027,20251209,93452250,4251086,0,0,S,66200,500,4251081,3824114,
000027.SZ,000027,20251209,93452250,4251087,0,0,S,66200,100,4251081,3824277,
000027.SZ,000027,20251209,93452250,4251088,0,0,S,66200,300,4251081,3825521,
000027.SZ,000027,20251209,93452250,4251089,0,0,S,66200,1500,4251081,3825648,
000027.SZ,000027,20251209,93452250,4251090,0,0,S,66200,7700,4251081,3841342,
000027.SZ,000027,20251209,93452360,4252170,0,0,B,66300,2000,3180857,4252169,
000027.SZ,000027,20251209,93452530,4253459,0,0,B,66300,1000,3180857,4253458,
000027.SZ,000027,20251209,93453320,4259100,0,0,B,66300,2500,3180857,4259099,
000027.SZ,000027,20251209,93454080,4264169,0,0,B,66300,300,3180857,4264168,
000027.SZ,000027,20251209,93455180,4272171,0,0,B,66300,3100,3180857,4272170,
000027.SZ,000027,20251209,93455440,4274597,0,0,S,66200,300,4274596,3841342,
000027.SZ,000027,20251209,93455440,4274598,0,0,S,66200,5700,4274596,3852240,
000027.SZ,000027,20251209,93457110,4286135,0,0,B,66300,300,3180857,4286134,
000027.SZ,000027,20251209,93458180,4294404,0,0,B,66300,800,3180857,4294403,
000027.SZ,000027,20251209,93458240,4294981,0,0,B,66300,200,3180857,4294980,
000027.SZ,000027,20251209,93458270,4295245,0,0,B,66300,5400,3180857,4295244,
000027.SZ,000027,20251209,93458270,4295246,0,0,B,66300,5000,3692005,4295244,
000027.SZ,000027,20251209,93458270,4295247,0,0,B,66300,100,3820458,4295244,
000027.SZ,000027,20251209,93458270,4295248,0,0,B,66300,8700,3860470,4295244,
000027.SZ,000027,20251209,93500220,4310470,0,0,S,66200,100,4310469,3852240,
000027.SZ,000027,20251209,93500280,4311177,C,0, ,0,600,0,2576652,
000027.SZ,000027,20251209,93501170,4321245,0,0,B,66300,1800,3860470,4321244,
000027.SZ,000027,20251209,93501190,4321512,0,0,S,66200,100,4321511,3852240,
000027.SZ,000027,20251209,93501210,4321751,0,0,S,66200,100,4321750,3852240,
000027.SZ,000027,20251209,93501210,4321785,0,0,S,66200,100,4321784,3852240,
000027.SZ,000027,20251209,93501210,4321788,0,0,S,66200,100,4321787,3852240,
000027.SZ,000027,20251209,93501970,4329834,0,0,B,66300,5000,3860470,4329833,
000027.SZ,000027,20251209,93503070,4338561,0,0,B,66300,4500,3860470,4338560,
000027.SZ,000027,20251209,93503070,4338562,0,0,B,66300,100,3917843,4338560,
000027.SZ,000027,20251209,93503070,4338563,0,0,B,66300,200,3934853,4338560,
000027.SZ,000027,20251209,93503070,4338564,0,0,B,66300,2100,3967328,4338560,
000027.SZ,000027,20251209,93503980,4347992,0,0,B,66300,200,3967328,4347991,
000027.SZ,000027,20251209,93503980,4347993,0,0,B,66300,100,4082339,4347991,
000027.SZ,000027,20251209,93503980,4347994,0,0,B,66300,100,4128278,4347991,
000027.SZ,000027,20251209,93503980,4347995,0,0,B,66300,100,4138640,4347991,
000027.SZ,000027,20251209,93503980,4347996,0,0,B,66300,100,4203719,4347991,
000027.SZ,000027,20251209,93503980,4347997,0,0,B,66300,1400,4216365,4347991,
000027.SZ,000027,20251209,93503990,4348099,0,0,B,66300,800,4216365,4348098,
000027.SZ,000027,20251209,93504190,4349852,0,0,B,66300,1300,4216365,4349851,
000027.SZ,000027,20251209,93504200,4349959,0,0,B,66300,200,4216365,4349958,
000027.SZ,000027,20251209,93504200,4349961,0,0,B,66300,1000,4216365,4349960,
000027.SZ,000027,20251209,93504200,4349963,0,0,B,66300,200,4216365,4349962,
000027.SZ,000027,20251209,93504200,4349965,0,0,B,66300,800,4216365,4349964,
000027.SZ,000027,20251209,93504200,4349967,0,0,B,66300,400,4216365,4349966,
000027.SZ,000027,20251209,93504200,4349969,0,0,B,66300,900,4216365,4349968,
000027.SZ,000027,20251209,93504200,4349971,0,0,B,66300,100,4216365,4349970,
000027.SZ,000027,20251209,93504200,4349973,0,0,B,66300,900,4216365,4349972,
000027.SZ,000027,20251209,93504200,4349976,0,0,B,66300,700,4216365,4349975,
000027.SZ,000027,20251209,93504200,4349978,0,0,B,66300,1200,4216365,4349977,
000027.SZ,000027,20251209,93504200,4349980,0,0,B,66300,1000,4216365,4349979,
000027.SZ,000027,20251209,93504200,4349982,0,0,B,66300,1000,4216365,4349981,
000027.SZ,000027,20251209,93504200,4349984,0,0,B,66300,700,4216365,4349983,
000027.SZ,000027,20251209,93504200,4349986,0,0,B,66300,600,4216365,4349985,
000027.SZ,000027,20251209,93504210,4350164,0,0,B,66300,200,4216365,4350163,
000027.SZ,000027,20251209,93504210,4350166,0,0,B,66300,400,4216365,4350165,
000027.SZ,000027,20251209,93504250,4350776,0,0,B,66300,1500,4216365,4350775,
000027.SZ,000027,20251209,93504270,4351213,0,0,B,66300,400,4216365,4351212,
000027.SZ,000027,20251209,93505010,4359659,0,0,B,66300,200,4216365,4359658,
000027.SZ,000027,20251209,93505010,4359661,0,0,B,66300,100,4216365,4359660,
000027.SZ,000027,20251209,93505590,4366677,0,0,B,66300,100,4216365,4366676,
000027.SZ,000027,20251209,93505590,4366720,0,0,B,66300,200,4216365,4366719,
000027.SZ,000027,20251209,93506150,4371146,C,0, ,0,100,0,3793352,
000027.SZ,000027,20251209,93507210,4381991,0,0,B,66300,1600,4216365,4381990,
000027.SZ,000027,20251209,93507580,4386645,0,0,B,66300,300,4216365,4386644,
000027.SZ,000027,20251209,93509720,4407783,C,0, ,0,300,0,4023159,
000027.SZ,000027,20251209,93518980,4496201,0,0,B,66300,1800,4216365,4496200,
000027.SZ,000027,20251209,93518980,4496202,0,0,B,66300,100,4243407,4496200,
000027.SZ,000027,20251209,93518980,4496203,0,0,B,66300,200,4309892,4496200,
000027.SZ,000027,20251209,93518980,4496204,0,0,B,66300,200,4313274,4496200,
000027.SZ,000027,20251209,93518980,4496205,0,0,B,66300,100,4315638,4496200,
000027.SZ,000027,20251209,93518980,4496206,0,0,B,66300,600,4409794,4496200,
000027.SZ,000027,20251209,93519710,4502304,0,0,B,66300,10000,4409794,4502303,
000027.SZ,000027,20251209,93522180,4520351,0,0,B,66300,1300,4409794,4520350,
000027.SZ,000027,20251209,93523000,4527048,0,0,B,66300,1500,4409794,4527047,
000027.SZ,000027,20251209,93525730,4549003,C,0, ,0,2000,0,2075610,
000027.SZ,000027,20251209,93526550,4554505,0,0,B,66300,400,4409794,4554504,
000027.SZ,000027,20251209,93526550,4554506,0,0,B,66300,500,4461563,4554504,
000027.SZ,000027,20251209,93526550,4554507,0,0,B,66300,100,4461983,4554504,
000027.SZ,000027,20251209,93526550,4554508,0,0,B,66300,100,4461984,4554504,
000027.SZ,000027,20251209,93526550,4554509,0,0,B,66300,100,4461988,4554504,
000027.SZ,000027,20251209,93526550,4554510,0,0,B,66300,100,4461993,4554504,
000027.SZ,000027,20251209,93526550,4554511,0,0,B,66300,100,4462000,4554504,
000027.SZ,000027,20251209,93526550,4554512,0,0,B,66300,100,4462004,4554504,
000027.SZ,000027,20251209,93526550,4554513,0,0,B,66300,100,4462012,4554504,
000027.SZ,000027,20251209,93526550,4554514,0,0,B,66300,100,4462119,4554504,
000027.SZ,000027,20251209,93526550,4554515,0,0,B,66300,100,4462184,4554504,
000027.SZ,000027,20251209,93526550,4554516,0,0,B,66300,100,4462253,4554504,
000027.SZ,000027,20251209,93526550,4554517,0,0,B,66300,100,4469626,4554504,
000027.SZ,000027,20251209,93526550,4554518,0,0,B,66300,100,4469850,4554504,
000027.SZ,000027,20251209,93526550,4554519,0,0,B,66300,7000,4473709,4554504,
000027.SZ,000027,20251209,93526550,4554520,0,0,B,66300,100,4488923,4554504,
000027.SZ,000027,20251209,93526550,4554521,0,0,B,66300,100,4488958,4554504,
000027.SZ,000027,20251209,93526550,4554522,0,0,B,66300,100,4489683,4554504,
000027.SZ,000027,20251209,93526550,4554562,0,0,S,66300,100,4554561,4554504,
000027.SZ,000027,20251209,93526550,4554564,0,0,S,66300,1100,4554563,4554504,
000027.SZ,000027,20251209,93526550,4554566,0,0,S,66300,600,4554565,4554504,
000027.SZ,000027,20251209,93526550,4554568,0,0,S,66300,1100,4554567,4554504,
000027.SZ,000027,20251209,93526550,4554570,0,0,S,66300,800,4554569,4554504,
000027.SZ,000027,20251209,93526550,4554572,0,0,S,66300,800,4554571,4554504,
000027.SZ,000027,20251209,93526560,4554598,0,0,S,66300,6100,4554597,4554504,
000027.SZ,000027,20251209,93526560,4554599,0,0,S,66300,100,4554597,4554594,
000027.SZ,000027,20251209,93526560,4554629,0,0,S,66200,1900,4554628,3852240,
000027.SZ,000027,20251209,93526570,4554669,0,0,S,66200,1300,4554668,3852240,
000027.SZ,000027,20251209,93527130,4558697,C,0, ,0,500,4554600,0,
000027.SZ,000027,20251209,93528230,4567661,0,0,B,66300,300,4554597,4567660,
000027.SZ,000027,20251209,93528230,4567662,0,0,B,66300,100,4558744,4567660,
000027.SZ,000027,20251209,93528230,4567663,0,0,B,66300,100,4558750,4567660,
000027.SZ,000027,20251209,93528230,4567664,0,0,B,66300,100,4558880,4567660,
000027.SZ,000027,20251209,93528230,4567665,0,0,B,66300,100,4562114,4567660,
000027.SZ,000027,20251209,93528230,4567666,0,0,B,66400,1700,184430,4567660,
000027.SZ,000027,20251209,93528980,4573427,0,0,S,66200,100,4573426,3852240,
000027.SZ,000027,20251209,93532080,4598074,0,0,S,66200,200,4598073,3852240,
000027.SZ,000027,20251209,93537900,4647496,0,0,B,66300,1000,4567792,4647495,
000027.SZ,000027,20251209,93537900,4647571,0,0,B,66300,900,4567792,4647570,
000027.SZ,000027,20251209,93537900,4647573,0,0,B,66300,800,4567792,4647572,
000027.SZ,000027,20251209,93539230,4658439,0,0,B,66300,1000,4567792,4658438,
000027.SZ,000027,20251209,93540170,4666874,0,0,B,66300,500,4567792,4666873,
000027.SZ,000027,20251209,93540180,4666975,0,0,B,66300,300,4567792,4666974,
000027.SZ,000027,20251209,93540270,4668061,0,0,B,66300,2000,4567792,4668060,
000027.SZ,000027,20251209,93540380,4669670,0,0,B,66300,1000,4567792,4669669,
000027.SZ,000027,20251209,93541660,4683092,0,0,B,66300,1000,4567792,4683091,
000027.SZ,000027,20251209,93542880,4694034,0,0,B,66300,1000,4567792,4694033,
000027.SZ,000027,20251209,93543230,4697043,0,0,B,66300,500,4567792,4697042,
000027.SZ,000027,20251209,93544220,4705305,0,0,B,66300,2000,4567792,4705304,
000027.SZ,000027,20251209,93544620,4709119,0,0,B,66300,1000,4567792,4709118,
000027.SZ,000027,20251209,93547380,4737375,0,0,B,66300,1000,4567792,4737374,
000027.SZ,000027,20251209,93547400,4737735,0,0,B,66300,100,4567792,4737734,
000027.SZ,000027,20251209,93548800,4752056,0,0,B,66300,4000,4567792,4752055,
000027.SZ,000027,20251209,93549030,4755208,0,0,B,66300,1000,4567792,4755207,
000027.SZ,000027,20251209,93549220,4757516,0,0,B,66300,300,4567792,4757515,
000027.SZ,000027,20251209,93549220,4757517,0,0,B,66300,100,4567815,4757515,
000027.SZ,000027,20251209,93549220,4757518,0,0,B,66300,100,4567816,4757515,
000027.SZ,000027,20251209,93549360,4759686,0,0,B,66300,100,4567817,4759685,
000027.SZ,000027,20251209,93549360,4759687,0,0,B,66300,100,4567820,4759685,
000027.SZ,000027,20251209,93549360,4759688,0,0,B,66300,100,4567821,4759685,
000027.SZ,000027,20251209,93549360,4759689,0,0,B,66300,100,4567823,4759685,
000027.SZ,000027,20251209,93549360,4759690,0,0,B,66300,100,4567827,4759685,
000027.SZ,000027,20251209,93549360,4759691,0,0,B,66300,100,4567828,4759685,
000027.SZ,000027,20251209,93549360,4759692,0,0,B,66300,200,4567829,4759685,
000027.SZ,000027,20251209,93549360,4759693,0,0,B,66300,100,4567830,4759685,
000027.SZ,000027,20251209,93549360,4759694,0,0,B,66300,200,4567832,4759685,
000027.SZ,000027,20251209,93549360,4759695,0,0,B,66300,100,4567833,4759685,
000027.SZ,000027,20251209,93549360,4759696,0,0,B,66300,100,4567834,4759685,
000027.SZ,000027,20251209,93549360,4759697,0,0,B,66300,100,4567835,4759685,
000027.SZ,000027,20251209,93549360,4759698,0,0,B,66300,100,4567839,4759685,
000027.SZ,000027,20251209,93549360,4759699,0,0,B,66300,100,4567840,4759685,
000027.SZ,000027,20251209,93549360,4759700,0,0,B,66300,100,4567842,4759685,
000027.SZ,000027,20251209,93549360,4759701,0,0,B,66300,100,4567843,4759685,
000027.SZ,000027,20251209,93549360,4759702,0,0,B,66300,100,4567877,4759685,
000027.SZ,000027,20251209,93549360,4759703,0,0,B,66300,3100,4567937,4759685,
000027.SZ,000027,20251209,93549400,4760226,C,0, ,0,15900,4567937,0,
000027.SZ,000027,20251209,93549480,4760928,0,0,B,66300,100,4567978,4760927,
000027.SZ,000027,20251209,93549480,4760929,0,0,B,66300,100,4636725,4760927,
000027.SZ,000027,20251209,93549480,4760930,0,0,B,66300,500,4687420,4760927,
000027.SZ,000027,20251209,93549480,4760931,0,0,B,66300,100,4688126,4760927,
000027.SZ,000027,20251209,93549480,4760932,0,0,B,66400,1200,184430,4760927,
000027.SZ,000027,20251209,93550140,4767195,0,0,S,66300,800,4767194,4767096,
000027.SZ,000027,20251209,93550150,4767254,0,0,S,66300,900,4767253,4767096,
000027.SZ,000027,20251209,93550210,4767686,0,0,B,66400,1000,184430,4767685,
000027.SZ,000027,20251209,93550320,4768957,0,0,B,66400,1000,184430,4768956,
000027.SZ,000027,20251209,93550320,4768986,0,0,B,66400,1000,184430,4768985,
000027.SZ,000027,20251209,93550710,4771771,0,0,S,66300,300,4771770,4767096,
000027.SZ,000027,20251209,93551330,4777167,0,0,B,66300,19300,4771770,4777166,
000027.SZ,000027,20251209,93551950,4782281,0,0,B,66300,4000,4771770,4782280,
000027.SZ,000027,20251209,93551970,4782466,0,0,B,66300,2000,4771770,4782465,
000027.SZ,000027,20251209,93552040,4782964,0,0,B,66300,1000,4771770,4782963,
000027.SZ,000027,20251209,93552170,4783951,0,0,B,66300,1600,4771770,4783950,
000027.SZ,000027,20251209,93552290,4785268,0,0,B,66300,5000,4771770,4785267,
000027.SZ,000027,20251209,93552290,4785285,0,0,B,66300,1000,4771770,4785284,
000027.SZ,000027,20251209,93552310,4785578,0,0,B,66300,100,4771770,4785577,
000027.SZ,000027,20251209,93554340,4801179,C,0, ,0,700,0,2831806,
000027.SZ,000027,20251209,93554890,4806362,0,0,B,66300,2000,4771770,4806361,
000027.SZ,000027,20251209,93555250,4809218,0,0,B,66300,3100,4771770,4809217,
000027.SZ,000027,20251209,93557750,4828829,0,0,S,66200,1500,4828828,3852240,
000027.SZ,000027,20251209,93558250,4833420,0,0,B,66300,500,4771770,4833419,
000027.SZ,000027,20251209,93558620,4836957,0,0,B,66300,1000,4771770,4836956,
000027.SZ,000027,20251209,93559010,4839932,0,0,B,66300,2000,4771770,4839931,
000027.SZ,000027,20251209,93559230,4841469,0,0,B,66300,1000,4771770,4841468,
000027.SZ,000027,20251209,93559970,4848088,0,0,B,66300,1000,4771770,4848087,
000027.SZ,000027,20251209,93600310,4851523,0,0,B,66300,100,4771770,4851522,
000027.SZ,000027,20251209,93600380,4852360,0,0,B,66300,5000,4771770,4852359,
000027.SZ,000027,20251209,93600390,4852468,0,0,B,66300,100,4771770,4852467,
000027.SZ,000027,20251209,93600390,4852472,0,0,B,66300,200,4771770,4852471,
000027.SZ,000027,20251209,93600390,4852474,0,0,B,66300,100,4771770,4852473,
000027.SZ,000027,20251209,93600390,4852476,0,0,B,66300,100,4771770,4852475,
000027.SZ,000027,20251209,93600390,4852478,0,0,B,66300,1600,4771770,4852477,
000027.SZ,000027,20251209,93600390,4852481,0,0,B,66300,200,4771770,4852480,
000027.SZ,000027,20251209,93600390,4852483,0,0,B,66300,500,4771770,4852482,
000027.SZ,000027,20251209,93600390,4852485,0,0,B,66300,100,4771770,4852484,
000027.SZ,000027,20251209,93600400,4852489,0,0,B,66300,100,4771770,4852488,
000027.SZ,000027,20251209,93600400,4852491,0,0,B,66300,100,4771770,4852490,
000027.SZ,000027,20251209,93600400,4852493,0,0,B,66300,100,4771770,4852492,
000027.SZ,000027,20251209,93600400,4852509,0,0,B,66300,100,4771770,4852508,
000027.SZ,000027,20251209,93600400,4852515,0,0,B,66300,400,4771770,4852514,
000027.SZ,000027,20251209,93600400,4852589,0,0,B,66300,800,4771770,4852588,
000027.SZ,000027,20251209,93600400,4852591,0,0,B,66300,100,4771770,4852590,
000027.SZ,000027,20251209,93601190,4864566,0,0,B,66300,600,4771770,4864565,
000027.SZ,000027,20251209,93601220,4864963,0,0,S,66200,100,4864962,3852240,
000027.SZ,000027,20251209,93601230,4865012,0,0,S,66200,100,4865011,3852240,
000027.SZ,000027,20251209,93604240,4896307,0,0,B,66300,900,4771770,4896306,
000027.SZ,000027,20251209,93604260,4896425,0,0,B,66300,100,4771770,4896424,
000027.SZ,000027,20251209,93604260,4896428,0,0,B,66300,100,4771770,4896427,
000027.SZ,000027,20251209,93604260,4896439,0,0,B,66300,100,4771770,4896438,
000027.SZ,000027,20251209,93604260,4896441,0,0,B,66300,100,4771770,4896440,
000027.SZ,000027,20251209,93604310,4897258,0,0,B,66300,600,4771770,4897257,
000027.SZ,000027,20251209,93606040,4911136,0,0,S,66200,2500,4911135,3852240,
000027.SZ,000027,20251209,93606520,4915725,0,0,S,66200,500,4915724,3852240,
000027.SZ,000027,20251209,93607290,4923281,0,0,B,66300,500,4771770,4923280,
000027.SZ,000027,20251209,93607540,4925688,0,0,B,66300,4200,4771770,4925687,
000027.SZ,000027,20251209,93607680,4926745,0,0,B,66300,4900,4771770,4926744,
000027.SZ,000027,20251209,93610220,4949449,0,0,B,66300,800,4771770,4949448,
000027.SZ,000027,20251209,93611150,4959877,0,0,B,66300,1000,4771770,4959876,
000027.SZ,000027,20251209,93611560,4963879,C,0, ,0,10000,4790858,0,
000027.SZ,000027,20251209,93614420,4990038,C,0, ,0,300,0,4678105,
000027.SZ,000027,20251209,93614830,4993887,0,0,B,66300,2500,4771770,4993886,
000027.SZ,000027,20251209,93615370,4998882,0,0,B,66300,1600,4771770,4998881,
000027.SZ,000027,20251209,93616220,5008018,0,0,B,66300,500,4771770,5008017,
000027.SZ,000027,20251209,93616330,5009339,0,0,B,66300,2600,4771770,5009338,
000027.SZ,000027,20251209,93616330,5009340,0,0,B,66300,1400,4772533,5009338,
000027.SZ,000027,20251209,93616810,5013203,0,0,B,66300,4500,4772533,5013202,
000027.SZ,000027,20251209,93616810,5013248,0,0,B,66300,2100,4772533,5013247,
000027.SZ,000027,20251209,93616810,5013249,0,0,B,66300,100,4774811,5013247,
000027.SZ,000027,20251209,93616810,5013250,0,0,B,66300,100,4776445,5013247,
000027.SZ,000027,20251209,93616810,5013251,0,0,B,66300,500,4790951,5013247,
000027.SZ,000027,20251209,93616810,5013252,0,0,B,66300,1800,4808149,5013247,
000027.SZ,000027,20251209,93616810,5013289,0,0,B,66300,2400,4808149,5013288,
000027.SZ,000027,20251209,93617360,5017902,0,0,B,66300,900,4808149,5017901,
000027.SZ,000027,20251209,93619190,5033640,0,0,S,66200,7800,5033639,3852240,
000027.SZ,000027,20251209,93619190,5033641,0,0,S,66200,2200,5033639,3854926,
000027.SZ,000027,20251209,93619210,5033969,0,0,B,66300,1600,4808149,5033968,
000027.SZ,000027,20251209,93619280,5035237,0,0,B,66300,6100,4808149,5035236,
000027.SZ,000027,20251209,93619660,5039401,0,0,B,66300,300,4808149,5039400,
000027.SZ,000027,20251209,93622210,5059659,0,0,B,66300,1600,4808149,5059658,
000027.SZ,000027,20251209,93622220,5059740,0,0,B,66300,200,4808149,5059739,
000027.SZ,000027,20251209,93622920,5065112,C,0, ,0,100,2685803,0,
000027.SZ,000027,20251209,93623950,5072886,C,0, ,0,61100,4293247,0,
000027.SZ,000027,20251209,93624020,5073346,C,0, ,0,2000,0,3166721,
000027.SZ,000027,20251209,93624660,5078264,0,0,S,66200,100,5078263,3854926,
000027.SZ,000027,20251209,93630120,5118062,0,0,B,66300,2000,4808149,5118061,
000027.SZ,000027,20251209,93631210,5126169,0,0,B,66300,1000,4808149,5126168,
000027.SZ,000027,20251209,93632380,5135529,0,0,B,66300,1000,4808149,5135528,
000027.SZ,000027,20251209,93633440,5142674,0,0,B,66300,1000,4808149,5142673,
000027.SZ,000027,20251209,93634040,5147228,0,0,S,66200,5000,5147227,3854926,
000027.SZ,000027,20251209,93634920,5153940,C,0, ,0,600,1197528,0,
000027.SZ,000027,20251209,93635120,5155224,0,0,B,66300,2000,4808149,5155223,
000027.SZ,000027,20251209,93636630,5166027,0,0,B,66300,2000,4808149,5166026,
000027.SZ,000027,20251209,93637690,5174923,0,0,B,66300,2100,4808149,5174922,
000027.SZ,000027,20251209,93638120,5178254,0,0,B,66300,2000,4808149,5178253,
000027.SZ,000027,20251209,93639480,5186988,0,0,B,66300,2000,4808149,5186987,
000027.SZ,000027,20251209,93639490,5187024,0,0,B,66300,200,4808149,5187023,
000027.SZ,000027,20251209,93643200,5217865,0,0,S,66200,1000,5217864,3854926,
000027.SZ,000027,20251209,93643540,5221149,0,0,B,66300,1000,4808149,5221148,
000027.SZ,000027,20251209,93643620,5221911,0,0,B,66300,2000,4808149,5221910,
000027.SZ,000027,20251209,93644490,5227431,0,0,B,66300,2000,4808149,5227430,
000027.SZ,000027,20251209,93644620,5228187,0,0,B,66300,2000,4808149,5228186,
000027.SZ,000027,20251209,93645610,5235401,0,0,B,66300,1000,4808149,5235400,
000027.SZ,000027,20251209,93648000,5253045,0,0,S,66200,800,5253044,3854926,
000027.SZ,000027,20251209,93651310,5276361,0,0,B,66300,2400,4808149,5276360,
000027.SZ,000027,20251209,93653500,5293550,0,0,B,66300,1000,4808149,5293549,
000027.SZ,000027,20251209,93653630,5294248,0,0,B,66300,1000,4808149,5294247,
000027.SZ,000027,20251209,93654630,5301438,0,0,B,66300,1000,4808149,5301437,
000027.SZ,000027,20251209,93654890,5303554,0,0,B,66300,1000,4808149,5303553,
000027.SZ,000027,20251209,93655890,5311104,0,0,B,66300,1000,4808149,5311103,
000027.SZ,000027,20251209,93656320,5314555,C,0, ,0,100,5080266,0,
000027.SZ,000027,20251209,93657540,5322766,0,0,B,66300,1000,4808149,5322765,
000027.SZ,000027,20251209,93658640,5332316,0,0,B,66300,4000,4808149,5332315,
000027.SZ,000027,20251209,93658710,5332832,0,0,B,66300,1000,4808149,5332831,
000027.SZ,000027,20251209,93659980,5341164,0,0,B,66300,1000,4808149,5341163,
000027.SZ,000027,20251209,93700800,5349436,0,0,B,66300,200,4808149,5349435,
000027.SZ,000027,20251209,93701240,5353376,C,0, ,0,2000,4826337,0,
000027.SZ,000027,20251209,93701330,5354811,0,0,B,66300,1000,4808149,5354810,
000027.SZ,000027,20251209,93702390,5365013,0,0,B,66300,1000,4808149,5365012,
000027.SZ,000027,20251209,93702460,5365649,0,0,S,66200,100,5365648,3854926,
000027.SZ,000027,20251209,93703410,5374541,0,0,B,66300,1000,4808149,5374540,
000027.SZ,000027,20251209,93704460,5384764,0,0,B,66300,1000,4808149,5384763,
000027.SZ,000027,20251209,93704860,5388948,0,0,B,66300,1000,4808149,5388947,
000027.SZ,000027,20251209,93704900,5389189,0,0,S,66200,500,5389188,3854926,
000027.SZ,000027,20251209,93705620,5394545,0,0,B,66300,2000,4808149,5394544,
000027.SZ,000027,20251209,93708160,5415752,0,0,B,66300,200,4824169,5415751,
000027.SZ,000027,20251209,93708160,5415753,0,0,B,66300,100,4825254,5415751,
000027.SZ,000027,20251209,93708160,5415754,0,0,B,66300,100,4971748,5415751,
000027.SZ,000027,20251209,93708160,5415755,0,0,B,66300,200,4980480,5415751,
000027.SZ,000027,20251209,93708160,5415756,0,0,B,66300,100,4991079,5415751,
000027.SZ,000027,20251209,93708160,5415757,0,0,B,66300,300,5009197,5415751,
000027.SZ,000027,20251209,93708880,5420564,0,0,B,66300,2000,5009197,5420563,
000027.SZ,000027,20251209,93709570,5425985,0,0,B,66300,3800,5009197,5425984,
000027.SZ,000027,20251209,93710670,5435087,0,0,B,66300,1000,5009197,5435086,
000027.SZ,000027,20251209,93712210,5445996,0,0,B,66300,1000,5009197,5445995,
000027.SZ,000027,20251209,93713120,5453467,0,0,B,66300,1900,5009197,5453466,
000027.SZ,000027,20251209,93713120,5453468,0,0,B,66300,100,5032523,5453466,
000027.SZ,000027,20251209,93713450,5456370,C,0, ,0,3400,5032523,0,
000027.SZ,000027,20251209,93713660,5458144,0,0,B,66300,300,5078844,5458143,
000027.SZ,000027,20251209,93713660,5458145,0,0,B,66300,700,5097057,5458143,
000027.SZ,000027,20251209,93714730,5467967,0,0,B,66300,200,5097057,5467966,
000027.SZ,000027,20251209,93714730,5467968,0,0,B,66300,100,5097849,5467966,
000027.SZ,000027,20251209,93714730,5467969,0,0,B,66300,100,5141279,5467966,
000027.SZ,000027,20251209,93714730,5467970,0,0,B,66300,100,5163089,5467966,
000027.SZ,000027,20251209,93714730,5467971,0,0,B,66300,100,5167997,5467966,
000027.SZ,000027,20251209,93714730,5467972,0,0,B,66300,100,5184827,5467966,
000027.SZ,000027,20251209,93714730,5467973,0,0,B,66300,300,5201482,5467966,
000027.SZ,000027,20251209,93715120,5470796,0,0,B,66300,300,5201482,5470795,
000027.SZ,000027,20251209,93715120,5470797,0,0,B,66300,100,5210286,5470795,
000027.SZ,000027,20251209,93715120,5470798,0,0,B,66300,100,5252836,5470795,
000027.SZ,000027,20251209,93715120,5470799,0,0,B,66300,300,5267556,5470795,
000027.SZ,000027,20251209,93715120,5470800,0,0,B,66300,100,5276432,5470795,
000027.SZ,000027,20251209,93715120,5470801,0,0,B,66300,100,5320775,5470795,
000027.SZ,000027,20251209,93715120,5470802,0,0,B,66300,200,5353729,5470795,
000027.SZ,000027,20251209,93715120,5470803,0,0,B,66300,100,5365235,5470795,
000027.SZ,000027,20251209,93715120,5470804,0,0,B,66300,100,5372150,5470795,
000027.SZ,000027,20251209,93715120,5470805,0,0,B,66300,200,5380012,5470795,
000027.SZ,000027,20251209,93715120,5470806,0,0,B,66300,100,5380187,5470795,
000027.SZ,000027,20251209,93715120,5470807,0,0,B,66300,100,5380188,5470795,
000027.SZ,000027,20251209,93715120,5470808,0,0,B,66300,100,5380192,5470795,
000027.SZ,000027,20251209,93715120,5470809,0,0,B,66300,100,5407821,5470795,
000027.SZ,000027,20251209,93715600,5474733,0,0,B,66300,100,5407821,5474732,
000027.SZ,000027,20251209,93715600,5474734,0,0,B,66300,200,5408091,5474732,
000027.SZ,000027,20251209,93715600,5474735,0,0,B,66300,100,5445441,5474732,
000027.SZ,000027,20251209,93715600,5474736,0,0,B,66300,2600,5462416,5474732,
000027.SZ,000027,20251209,93715730,5475959,0,0,B,66300,2000,5462416,5475958,
000027.SZ,000027,20251209,93715830,5476755,0,0,B,66300,4400,5462416,5476754,
000027.SZ,000027,20251209,93715830,5476756,0,0,B,66400,600,184430,5476754,
000027.SZ,000027,20251209,93716420,5481841,0,0,B,66400,1000,184430,5481840,
000027.SZ,000027,20251209,93716840,5485175,0,0,B,66400,2000,184430,5485174,
000027.SZ,000027,20251209,93717170,5487618,C,0, ,0,100,5329969,0,
000027.SZ,000027,20251209,93717220,5487930,0,0,S,66300,100,5487929,5487699,
000027.SZ,000027,20251209,93717240,5488164,0,0,S,66300,200,5488163,5487699,
000027.SZ,000027,20251209,93717240,5488171,0,0,S,66300,500,5488170,5487699,
000027.SZ,000027,20251209,93717240,5488178,0,0,S,66300,200,5488177,5487699,
000027.SZ,000027,20251209,93717700,5491563,0,0,B,66300,1000,5489003,5491562,
000027.SZ,000027,20251209,93718840,5500064,0,0,B,66300,1500,5489003,5500063,
000027.SZ,000027,20251209,93718920,5500792,0,0,B,66300,1000,5489003,5500791,
000027.SZ,000027,20251209,93720090,5509318,0,0,B,66300,100,5489003,5509317,
000027.SZ,000027,20251209,93720590,5513291,0,0,S,66200,3400,5513290,3854926,
000027.SZ,000027,20251209,93721040,5516278,0,0,B,66300,400,5489003,5516277,
000027.SZ,000027,20251209,93721400,5519308,0,0,B,66300,1000,5489003,5519307,
000027.SZ,000027,20251209,93723010,5531137,0,0,B,66300,1000,5489003,5531136,
000027.SZ,000027,20251209,93723370,5534618,C,0, ,0,100,5502640,0,
000027.SZ,000027,20251209,93724310,5540972,0,0,B,66300,1000,5499425,5540971,
000027.SZ,000027,20251209,93726370,5558394,0,0,B,66300,1000,5499425,5558393,
000027.SZ,000027,20251209,93728630,5574940,0,0,B,66300,1000,5499425,5574939,
000027.SZ,000027,20251209,93731670,5596701,C,0, ,0,1700,0,2988398,
000027.SZ,000027,20251209,93732670,5603732,C,0, ,0,5000,0,4851202,
000027.SZ,000027,20251209,93733270,5607636,0,0,B,66300,100,5499425,5607635,
000027.SZ,000027,20251209,93734330,5616258,0,0,B,66300,1900,5499425,5616257,
000027.SZ,000027,20251209,93734330,5616259,0,0,B,66300,100,5502586,5616257,
000027.SZ,000027,20251209,93736090,5628794,0,0,B,66300,100,5502586,5628793,
000027.SZ,000027,20251209,93736090,5628795,0,0,B,66300,4900,5522015,5628793,
000027.SZ,000027,20251209,93739140,5649307,0,0,B,66300,1000,5522015,5649306,
000027.SZ,000027,20251209,93739170,5649603,C,0, ,0,10000,0,739310,
000027.SZ,000027,20251209,93739580,5652147,0,0,B,66300,1500,5522015,5652146,
000027.SZ,000027,20251209,93741090,5663482,0,0,B,66300,5000,5522015,5663481,
000027.SZ,000027,20251209,93742360,5672865,0,0,B,66300,100,5522015,5672864,
000027.SZ,000027,20251209,93742370,5673053,0,0,B,66300,100,5522015,5673052,
000027.SZ,000027,20251209,93742930,5676919,0,0,B,66300,800,5522015,5676918,
000027.SZ,000027,20251209,93743290,5681183,0,0,B,66300,100,5522015,5681182,
000027.SZ,000027,20251209,93743310,5681336,0,0,B,66300,300,5522015,5681335,
000027.SZ,000027,20251209,93743310,5681366,0,0,B,66300,100,5522015,5681365,
000027.SZ,000027,20251209,93743310,5681371,0,0,B,66300,200,5522015,5681370,
000027.SZ,000027,20251209,93743360,5681805,0,0,B,66300,100,5522015,5681804,
000027.SZ,000027,20251209,93743370,5681921,0,0,B,66300,100,5522015,5681920,
000027.SZ,000027,20251209,93743470,5682777,0,0,B,66300,100,5522015,5682776,
000027.SZ,000027,20251209,93743730,5684767,0,0,B,66300,100,5522015,5684766,
000027.SZ,000027,20251209,93744080,5687327,0,0,B,66300,1000,5522015,5687326,
000027.SZ,000027,20251209,93744170,5687951,0,0,B,66300,100,5522015,5687950,
000027.SZ,000027,20251209,93744260,5688557,0,0,B,66300,1000,5522015,5688556,
000027.SZ,000027,20251209,93744370,5689832,0,0,B,66300,100,5522015,5689831,
000027.SZ,000027,20251209,93745380,5697062,0,0,B,66300,100,5522015,5697061,
000027.SZ,000027,20251209,93745390,5697136,0,0,B,66300,100,5522015,5697135,
000027.SZ,000027,20251209,93745730,5699456,0,0,B,66300,100,5522015,5699455,
000027.SZ,000027,20251209,93746060,5702238,0,0,S,66200,1000,5702237,3854926,
000027.SZ,000027,20251209,93746360,5704826,0,0,B,66300,100,5522015,5704825,
000027.SZ,000027,20251209,93746390,5705165,0,0,B,66300,100,5522015,5705164,
000027.SZ,000027,20251209,93746720,5707967,0,0,B,66300,1000,5522015,5707966,
000027.SZ,000027,20251209,93746730,5708081,0,0,B,66300,100,5522015,5708080,
000027.SZ,000027,20251209,93746730,5708083,0,0,B,66300,100,5522015,5708082,
000027.SZ,000027,20251209,93747490,5714183,C,0, ,0,5000,5555488,0,
000027.SZ,000027,20251209,93748330,5719697,0,0,B,66300,100,5522015,5719696,
000027.SZ,000027,20251209,93750570,5736917,0,0,B,66300,1500,5522015,5736916,
000027.SZ,000027,20251209,93750570,5736918,0,0,B,66300,100,5541845,5736916,
000027.SZ,000027,20251209,93750570,5736919,0,0,B,66300,200,5542527,5736916,
000027.SZ,000027,20251209,93750570,5736920,0,0,B,66300,100,5543964,5736916,
000027.SZ,000027,20251209,93750570,5736921,0,0,B,66300,200,5544987,5736916,
000027.SZ,000027,20251209,93750570,5736922,0,0,B,66300,100,5545484,5736916,
000027.SZ,000027,20251209,93750570,5736923,0,0,B,66300,2000,5553752,5736916,
000027.SZ,000027,20251209,93750570,5736924,0,0,B,66300,100,5564309,5736916,
000027.SZ,000027,20251209,93750570,5736925,0,0,B,66300,200,5566264,5736916,
000027.SZ,000027,20251209,93750570,5736926,0,0,B,66300,100,5566834,5736916,
000027.SZ,000027,20251209,93750570,5736927,0,0,B,66300,100,5566842,5736916,
000027.SZ,000027,20251209,93750570,5736928,0,0,B,66300,200,5567152,5736916,
000027.SZ,000027,20251209,93750570,5736929,0,0,B,66300,100,5567186,5736916,
000027.SZ,000027,20251209,93750570,5736930,0,0,B,66300,100,5569054,5736916,
000027.SZ,000027,20251209,93750570,5736931,0,0,B,66300,400,5585171,5736916,
000027.SZ,000027,20251209,93750570,5736932,0,0,B,66300,300,5590273,5736916,
000027.SZ,000027,20251209,93750570,5736933,0,0,B,66300,100,5592793,5736916,
000027.SZ,000027,20251209,93750570,5736934,0,0,B,66300,100,5596050,5736916,
000027.SZ,000027,20251209,93750570,5736935,0,0,B,66300,200,5608539,5736916,
000027.SZ,000027,20251209,93750570,5736936,0,0,B,66300,200,5609825,5736916,
000027.SZ,000027,20251209,93750570,5736937,0,0,B,66300,2500,5611616,5736916,
000027.SZ,000027,20251209,93750570,5736938,0,0,B,66300,100,5630273,5736916,
000027.SZ,000027,20251209,93750570,5736939,0,0,B,66300,300,5649389,5736916,
000027.SZ,000027,20251209,93750570,5736952,0,0,B,66300,200,5649389,5736951,
000027.SZ,000027,20251209,93750570,5736954,0,0,B,66300,200,5649389,5736953,
000027.SZ,000027,20251209,93750720,5737974,0,0,S,66200,5000,5737973,3854926,
000027.SZ,000027,20251209,93753310,5755563,0,0,B,66300,100,5649389,5755562,
000027.SZ,000027,20251209,93753320,5755652,C,0, ,0,600,0,5117481,
000027.SZ,000027,20251209,93753840,5759143,0,0,S,66200,1500,5759142,3854926,
000027.SZ,000027,20251209,93755610,5773460,C,0, ,0,1400,0,5274675,
000027.SZ,000027,20251209,93755870,5775167,0,0,B,66300,300,5649389,5775166,
000027.SZ,000027,20251209,93755870,5775168,0,0,B,66300,300,5671849,5775166,
000027.SZ,000027,20251209,93755870,5775169,0,0,B,66300,100,5673104,5775166,
000027.SZ,000027,20251209,93755870,5775170,0,0,B,66300,100,5694874,5775166,
000027.SZ,000027,20251209,93755870,5775171,0,0,B,66300,200,5700358,5775166,
000027.SZ,000027,20251209,93756310,5778297,C,0, ,0,26500,0,3825542,
000027.SZ,000027,20251209,93758350,5792104,C,0, ,0,1700,0,4851494,
000027.SZ,000027,20251209,93800720,5811066,0,0,B,66300,400,5700358,5811065,
000027.SZ,000027,20251209,93801080,5813831,0,0,B,66300,100,5730141,5813830,
000027.SZ,000027,20251209,93801380,5816697,0,0,B,66300,100,5730141,5816696,
000027.SZ,000027,20251209,93803360,5834025,0,0,S,66200,1600,5834024,3854926,
000027.SZ,000027,20251209,93803360,5834026,0,0,S,66200,3800,5834024,3857911,
000027.SZ,000027,20251209,93803360,5834027,0,0,S,66200,300,5834024,3868628,
000027.SZ,000027,20251209,93803360,5834028,0,0,S,66200,100,5834024,3876825,
000027.SZ,000027,20251209,93803360,5834029,0,0,S,66200,200,5834024,3878496,
000027.SZ,000027,20251209,93803360,5834030,0,0,S,66200,1000,5834024,3882714,
000027.SZ,000027,20251209,93803990,5838978,0,0,S,66200,100,5838977,3887204,
000027.SZ,000027,20251209,93809530,5881642,0,0,B,66300,1000,5730141,5881641,
000027.SZ,000027,20251209,93811050,5893933,0,0,B,66300,8000,5730141,5893932,
000027.SZ,000027,20251209,93815390,5928053,0,0,S,66200,500,5928052,3887204,
000027.SZ,000027,20251209,93815650,5930405,0,0,B,66300,1400,5730141,5930404,
000027.SZ,000027,20251209,93815650,5930406,0,0,B,66300,900,5741254,5930404,
000027.SZ,000027,20251209,93815650,5930407,0,0,B,66300,100,5743043,5930404,
000027.SZ,000027,20251209,93815650,5930408,0,0,B,66300,600,5874245,5930404,
000027.SZ,000027,20251209,93816110,5933863,0,0,B,66300,800,5874245,5933862,
000027.SZ,000027,20251209,93821090,5974156,0,0,S,66200,100,5974155,3887204,
000027.SZ,000027,20251209,93826480,6015649,0,0,B,66300,5000,5874245,6015648,
000027.SZ,000027,20251209,93828200,6027391,C,0, ,0,4500,0,4878164,
000027.SZ,000027,20251209,93828250,6027823,0,0,S,66200,100,6027822,3887204,
000027.SZ,000027,20251209,93832090,6054375,0,0,B,66300,1000,5874245,6054374,
000027.SZ,000027,20251209,93832410,6056351,0,0,S,66200,100,6056350,3887204,
000027.SZ,000027,20251209,93833010,6060238,0,0,B,66300,8000,5930460,6060237,
000027.SZ,000027,20251209,93837510,6092988,C,0, ,0,100,265197,0,
000027.SZ,000027,20251209,93837800,6094952,C,0, ,0,1000,0,507747,
000027.SZ,000027,20251209,93842080,6122949,C,0, ,0,1000,0,6020481,
