万得代码,交易所代码,自然日,时间,成交价,成交量,成交额,成交笔数,IOPV,成交标志,BS标志,当日累计成交量,当日成交额,最高价,最低价,开盘价,前收盘,申卖价1,申卖价2,申卖价3,申卖价4,申卖价5,申卖价6,申卖价7,申卖价8,申卖价9,申卖价10,申卖量1,申卖量2,申卖量3,申卖量4,申卖量5,申卖量6,申卖量7,申卖量8,申卖量9,申卖量10,申买价1,申买价2,申买价3,申买价4,申买价5,申买价6,申买价7,申买价8,申买价9,申买价10,申买量1,申买量2,申买量3,申买量4,申买量5,申买量6,申买量7,申买量8,申买量9,申买量10,加权平均叫卖价,加权平均叫买价,叫卖总量,叫买总量,不加权指数,品种总数,上涨品种数,下跌品种数,持平品种数,
000039.SZ,000039,20251209,81630000,0,0,0,0,0,,,0,0,0,0,0,95000,0,0,0,0,0,0,0,0,0,0,0,0,0,0,0,0,0,0,0,0,0,0,0,0,0,0,0,0,0,0,0,0,0,0,0,0,0,0,0,0,0,0,0,0,0,0,0,0,0,
000039.SZ,000039,20251209,91500000,0,0,0,0,0,,,0,0,0,0,0,95000,95000,0,0,0,0,0,0,0,0,0,5100,7300,0,0,0,0,0,0,0,0,95000,0,0,0,0,0,0,0,0,0,5100,0,0,0,0,0,0,0,0,0,0,0,0,0,0,0,0,0,0,
000039.SZ,000039,20251209,91509000,0,0,0,0,0,,,0,0,0,0,0,95000,95100,0,0,0,0,0,0,0,0,0,52500,0,0,0,0,0,0,0,0,0,95100,0,0,0,0,0,0,0,0,0,52500,2600,0,0,0,0,0,0,0,0,0,0,0,0,0,0,0,0,0,
000039.SZ,000039,20251209,91518000,0,0,0,0,0,,,0,0,0,0,0,95000,95100,0,0,0,0,0,0,0,0,0,54100,0,0,0,0,0,0,0,0,0,95100,0,0,0,0,0,0,0,0,0,54100,2000,0,0,0,0,0,0,0,0,0,0,0,0,0,0,0,0,0,
000039.SZ,000039,20251209,91527000,0,0,0,0,0,,,0,0,0,0,0,95000,95100,0,0,0,0,0,0,0,0,0,54100,0,0,0,0,0,0,0,0,0,95100,0,0,0,0,0,0,0,0,0,54100,1200,0,0,0,0,0,0,0,0,0,0,0,0,0,0,0,0,0,
000039.SZ,000039,20251209,91536000,0,0,0,0,0,,,0,0,0,0,0,95000,95100,0,0,0,0,0,0,0,0,0,54900,0,0,0,0,0,0,0,0,0,95100,0,0,0,0,0,0,0,0,0,54900,2500,0,0,0,0,0,0,0,0,0,0,0,0,0,0,0,0,0,
000039.SZ,000039,20251209,91545000,0,0,0,0,0,,,0,0,0,0,0,95000,95100,0,0,0,0,0,0,0,0,0,54950,0,0,0,0,0,0,0,0,0,95100,0,0,0,0,0,0,0,0,0,54950,10450,0,0,0,0,0,0,0,0,0,0,0,0,0,0,0,0,0,
000039.SZ,000039,20251209,91554000,0,0,0,0,0,,,0,0,0,0,0,95000,95100,0,0,0,0,0,0,0,0,0,60050,0,0,0,0,0,0,0,0,0,95100,0,0,0,0,0,0,0,0,0,60050,5350,0,0,0,0,0,0,0,0,0,0,0,0,0,0,0,0,0,
000039.SZ,000039,20251209,91612000,0,0,0,0,0,,,0,0,0,0,0,95000,95100,0,0,0,0,0,0,0,0,0,54950,0,0,0,0,0,0,0,0,0,95100,0,0,0,0,0,0,0,0,0,54950,10450,0,0,0,0,0,0,0,0,0,0,0,0,0,0,0,0,0,
000039.SZ,000039,20251209,91621000,0,0,0,0,0,,,0,0,0,0,0,95000,95100,0,0,0,0,0,0,0,0,0,54950,0,0,0,0,0,0,0,0,0,95100,0,0,0,0,0,0,0,0,0,54950,11450,0,0,0,0,0,0,0,0,0,0,0,0,0,0,0,0,0,
000039.SZ,000039,20251209,91630000,0,0,0,0,0,,,0,0,0,0,0,95000,95100,0,0,0,0,0,0,0,0,0,54950,0,0,0,0,0,0,0,0,0,95100,0,0,0,0,0,0,0,0,0,54950,12550,0,0,0,0,0,0,0,0,0,0,0,0,0,0,0,0,0,
000039.SZ,000039,20251209,91639000,0,0,0,0,0,,,0,0,0,0,0,95000,95100,0,0,0,0,0,0,0,0,0,54850,0,0,0,0,0,0,0,0,0,95100,0,0,0,0,0,0,0,0,0,54850,12650,0,0,0,0,0,0,0,0,0,0,0,0,0,0,0,0,0,
000039.SZ,000039,20251209,91648000,0,0,0,0,0,,,0,0,0,0,0,95000,95100,0,0,0,0,0,0,0,0,0,55550,0,0,0,0,0,0,0,0,0,95100,0,0,0,0,0,0,0,0,0,55550,11950,0,0,0,0,0,0,0,0,0,0,0,0,0,0,0,0,0,
000039.SZ,000039,20251209,91657000,0,0,0,0,0,,,0,0,0,0,0,95000,95000,0,0,0,0,0,0,0,0,0,78550,0,0,0,0,0,0,0,0,0,95000,0,0,0,0,0,0,0,0,0,78550,16950,0,0,0,0,0,0,0,0,0,0,0,0,0,0,0,0,0,
000039.SZ,000039,20251209,91706000,0,0,0,0,0,,,0,0,0,0,0,95000,95000,0,0,0,0,0,0,0,0,0,78550,0,0,0,0,0,0,0,0,0,95000,0,0,0,0,0,0,0,0,0,78550,20650,0,0,0,0,0,0,0,0,0,0,0,0,0,0,0,0,0,
000039.SZ,000039,20251209,91715000,0,0,0,0,0,,,0,0,0,0,0,95000,95000,0,0,0,0,0,0,0,0,0,78550,0,0,0,0,0,0,0,0,0,95000,0,0,0,0,0,0,0,0,0,78550,22450,0,0,0,0,0,0,0,0,0,0,0,0,0,0,0,0,0,
000039.SZ,000039,20251209,91724000,0,0,0,0,0,,,0,0,0,0,0,95000,95000,0,0,0,0,0,0,0,0,0,78750,0,0,0,0,0,0,0,0,0,95000,0,0,0,0,0,0,0,0,0,78750,19250,0,0,0,0,0,0,0,0,0,0,0,0,0,0,0,0,0,
000039.SZ,000039,20251209,91733000,0,0,0,0,0,,,0,0,0,0,0,95000,95000,0,0,0,0,0,0,0,0,0,79650,0,0,0,0,0,0,0,0,0,95000,0,0,0,0,0,0,0,0,0,79650,18950,0,0,0,0,0,0,0,0,0,0,0,0,0,0,0,0,0,
000039.SZ,000039,20251209,91742000,0,0,0,0,0,,,0,0,0,0,0,95000,95000,0,0,0,0,0,0,0,0,0,76950,0,0,0,0,0,0,0,0,0,95000,0,0,0,0,0,0,0,0,0,76950,22650,0,0,0,0,0,0,0,0,0,0,0,0,0,0,0,0,0,
000039.SZ,000039,20251209,91751000,0,0,0,0,0,,,0,0,0,0,0,95000,95100,0,0,0,0,0,0,0,0,0,53950,0,0,0,0,0,0,0,0,0,95100,0,0,0,0,0,0,0,0,0,53950,17050,0,0,0,0,0,0,0,0,0,0,0,0,0,0,0,0,0,
000039.SZ,000039,20251209,91800000,0,0,0,0,0,,,0,0,0,0,0,95000,95100,0,0,0,0,0,0,0,0,0,53050,0,0,0,0,0,0,0,0,0,95100,0,0,0,0,0,0,0,0,0,53050,19450,0,0,0,0,0,0,0,0,0,0,0,0,0,0,0,0,0,
000039.SZ,000039,20251209,91809000,0,0,0,0,0,,,0,0,0,0,0,95000,95200,0,0,0,0,0,0,0,0,0,83200,177150,0,0,0,0,0,0,0,0,95200,0,0,0,0,0,0,0,0,0,83200,0,0,0,0,0,0,0,0,0,0,0,0,0,0,0,0,0,0,
000039.SZ,000039,20251209,91818000,0,0,0,0,0,,,0,0,0,0,0,95000,95100,0,0,0,0,0,0,0,0,0,54350,0,0,0,0,0,0,0,0,0,95100,0,0,0,0,0,0,0,0,0,54350,26250,0,0,0,0,0,0,0,0,0,0,0,0,0,0,0,0,0,
000039.SZ,000039,20251209,91836000,0,0,0,0,0,,,0,0,0,0,0,95000,95100,0,0,0,0,0,0,0,0,0,78250,0,0,0,0,0,0,0,0,0,95100,0,0,0,0,0,0,0,0,0,78250,6750,0,0,0,0,0,0,0,0,0,0,0,0,0,0,0,0,0,
000039.SZ,000039,20251209,91845000,0,0,0,0,0,,,0,0,0,0,0,95000,95200,0,0,0,0,0,0,0,0,0,56200,204250,0,0,0,0,0,0,0,0,95200,0,0,0,0,0,0,0,0,0,56200,0,0,0,0,0,0,0,0,0,0,0,0,0,0,0,0,0,0,
000039.SZ,000039,20251209,91854000,0,0,0,0,0,,,0,0,0,0,0,95000,95200,0,0,0,0,0,0,0,0,0,56500,204450,0,0,0,0,0,0,0,0,95200,0,0,0,0,0,0,0,0,0,56500,0,0,0,0,0,0,0,0,0,0,0,0,0,0,0,0,0,0,
000039.SZ,000039,20251209,91903000,0,0,0,0,0,,,0,0,0,0,0,95000,95200,0,0,0,0,0,0,0,0,0,60900,204150,0,0,0,0,0,0,0,0,95200,0,0,0,0,0,0,0,0,0,60900,0,0,0,0,0,0,0,0,0,0,0,0,0,0,0,0,0,0,
000039.SZ,000039,20251209,91912000,0,0,0,0,0,,,0,0,0,0,0,95000,95200,0,0,0,0,0,0,0,0,0,67800,209150,0,0,0,0,0,0,0,0,95200,0,0,0,0,0,0,0,0,0,67800,0,0,0,0,0,0,0,0,0,0,0,0,0,0,0,0,0,0,
000039.SZ,000039,20251209,91921000,0,0,0,0,0,,,0,0,0,0,0,95000,95200,0,0,0,0,0,0,0,0,0,69300,208850,0,0,0,0,0,0,0,0,95200,0,0,0,0,0,0,0,0,0,69300,0,0,0,0,0,0,0,0,0,0,0,0,0,0,0,0,0,0,
000039.SZ,000039,20251209,91930000,0,0,0,0,0,,,0,0,0,0,0,95000,95200,0,0,0,0,0,0,0,0,0,71500,206750,0,0,0,0,0,0,0,0,95200,0,0,0,0,0,0,0,0,0,71500,0,0,0,0,0,0,0,0,0,0,0,0,0,0,0,0,0,0,
000039.SZ,000039,20251209,91939000,0,0,0,0,0,,,0,0,0,0,0,95000,95200,0,0,0,0,0,0,0,0,0,68400,209850,0,0,0,0,0,0,0,0,95200,0,0,0,0,0,0,0,0,0,68400,0,0,0,0,0,0,0,0,0,0,0,0,0,0,0,0,0,0,
000039.SZ,000039,20251209,91948000,0,0,0,0,0,,,0,0,0,0,0,95000,95200,0,0,0,0,0,0,0,0,0,68800,211450,0,0,0,0,0,0,0,0,95200,0,0,0,0,0,0,0,0,0,68800,0,0,0,0,0,0,0,0,0,0,0,0,0,0,0,0,0,0,
000039.SZ,000039,20251209,91957000,0,0,0,0,0,,,0,0,0,0,0,95000,95200,0,0,0,0,0,0,0,0,0,68700,211450,0,0,0,0,0,0,0,0,95200,0,0,0,0,0,0,0,0,0,68700,0,0,0,0,0,0,0,0,0,0,0,0,0,0,0,0,0,0,
000039.SZ,000039,20251209,92000000,0,0,0,0,0,,,0,0,0,0,0,95000,95200,0,0,0,0,0,0,0,0,0,68700,211550,0,0,0,0,0,0,0,0,95200,0,0,0,0,0,0,0,0,0,68700,0,0,0,0,0,0,0,0,0,0,0,0,0,0,0,0,0,0,
000039.SZ,000039,20251209,92009000,0,0,0,0,0,,,0,0,0,0,0,95000,95100,0,0,0,0,0,0,0,0,0,69550,0,0,0,0,0,0,0,0,0,95100,0,0,0,0,0,0,0,0,0,69550,29750,0,0,0,0,0,0,0,0,0,0,0,0,0,0,0,0,0,
000039.SZ,000039,20251209,92018000,0,0,0,0,0,,,0,0,0,0,0,95000,95100,0,0,0,0,0,0,0,0,0,69750,0,0,0,0,0,0,0,0,0,95100,0,0,0,0,0,0,0,0,0,69750,30450,0,0,0,0,0,0,0,0,0,0,0,0,0,0,0,0,0,
000039.SZ,000039,20251209,92027000,0,0,0,0,0,,,0,0,0,0,0,95000,95200,0,0,0,0,0,0,0,0,0,72300,210150,0,0,0,0,0,0,0,0,95200,0,0,0,0,0,0,0,0,0,72300,0,0,0,0,0,0,0,0,0,0,0,0,0,0,0,0,0,0,
000039.SZ,000039,20251209,92036000,0,0,0,0,0,,,0,0,0,0,0,95000,95100,0,0,0,0,0,0,0,0,0,75750,0,0,0,0,0,0,0,0,0,95100,0,0,0,0,0,0,0,0,0,75750,39650,0,0,0,0,0,0,0,0,0,0,0,0,0,0,0,0,0,
000039.SZ,000039,20251209,92045000,0,0,0,0,0,,,0,0,0,0,0,95000,95100,0,0,0,0,0,0,0,0,0,86850,0,0,0,0,0,0,0,0,0,95100,0,0,0,0,0,0,0,0,0,86850,34050,0,0,0,0,0,0,0,0,0,0,0,0,0,0,0,0,0,
000039.SZ,000039,20251209,92054000,0,0,0,0,0,,,0,0,0,0,0,95000,95100,0,0,0,0,0,0,0,0,0,87850,0,0,0,0,0,0,0,0,0,95100,0,0,0,0,0,0,0,0,0,87850,33050,0,0,0,0,0,0,0,0,0,0,0,0,0,0,0,0,0,
000039.SZ,000039,20251209,92103000,0,0,0,0,0,,,0,0,0,0,0,95000,95100,0,0,0,0,0,0,0,0,0,88850,0,0,0,0,0,0,0,0,0,95100,0,0,0,0,0,0,0,0,0,88850,39550,0,0,0,0,0,0,0,0,0,0,0,0,0,0,0,0,0,
000039.SZ,000039,20251209,92112000,0,0,0,0,0,,,0,0,0,0,0,95000,95100,0,0,0,0,0,0,0,0,0,97950,0,0,0,0,0,0,0,0,0,95100,0,0,0,0,0,0,0,0,0,97950,30450,0,0,0,0,0,0,0,0,0,0,0,0,0,0,0,0,0,
000039.SZ,000039,20251209,92121000,0,0,0,0,0,,,0,0,0,0,0,95000,95100,0,0,0,0,0,0,0,0,0,98350,0,0,0,0,0,0,0,0,0,95100,0,0,0,0,0,0,0,0,0,98350,37150,0,0,0,0,0,0,0,0,0,0,0,0,0,0,0,0,0,
000039.SZ,000039,20251209,92130000,0,0,0,0,0,,,0,0,0,0,0,95000,95100,0,0,0,0,0,0,0,0,0,100850,0,0,0,0,0,0,0,0,0,95100,0,0,0,0,0,0,0,0,0,100850,39250,0,0,0,0,0,0,0,0,0,0,0,0,0,0,0,0,0,
000039.SZ,000039,20251209,92139000,0,0,0,0,0,,,0,0,0,0,0,95000,95100,0,0,0,0,0,0,0,0,0,110750,0,0,0,0,0,0,0,0,0,95100,0,0,0,0,0,0,0,0,0,110750,30350,0,0,0,0,0,0,0,0,0,0,0,0,0,0,0,0,0,
000039.SZ,000039,20251209,92148000,0,0,0,0,0,,,0,0,0,0,0,95000,95100,0,0,0,0,0,0,0,0,0,113250,0,0,0,0,0,0,0,0,0,95100,0,0,0,0,0,0,0,0,0,113250,28550,0,0,0,0,0,0,0,0,0,0,0,0,0,0,0,0,0,
000039.SZ,000039,20251209,92157000,0,0,0,0,0,,,0,0,0,0,0,95000,95100,0,0,0,0,0,0,0,0,0,125350,0,0,0,0,0,0,0,0,0,95100,0,0,0,0,0,0,0,0,0,125350,100150,0,0,0,0,0,0,0,0,0,0,0,0,0,0,0,0,0,
000039.SZ,000039,20251209,92206000,0,0,0,0,0,,,0,0,0,0,0,95000,95100,0,0,0,0,0,0,0,0,0,127350,0,0,0,0,0,0,0,0,0,95100,0,0,0,0,0,0,0,0,0,127350,100250,0,0,0,0,0,0,0,0,0,0,0,0,0,0,0,0,0,
000039.SZ,000039,20251209,92215000,0,0,0,0,0,,,0,0,0,0,0,95000,95100,0,0,0,0,0,0,0,0,0,127550,0,0,0,0,0,0,0,0,0,95100,0,0,0,0,0,0,0,0,0,127550,100050,0,0,0,0,0,0,0,0,0,0,0,0,0,0,0,0,0,
000039.SZ,000039,20251209,92224000,0,0,0,0,0,,,0,0,0,0,0,95000,95100,0,0,0,0,0,0,0,0,0,129850,0,0,0,0,0,0,0,0,0,95100,0,0,0,0,0,0,0,0,0,129850,100450,0,0,0,0,0,0,0,0,0,0,0,0,0,0,0,0,0,
000039.SZ,000039,20251209,92233000,0,0,0,0,0,,,0,0,0,0,0,95000,95100,0,0,0,0,0,0,0,0,0,132750,0,0,0,0,0,0,0,0,0,95100,0,0,0,0,0,0,0,0,0,132750,99550,0,0,0,0,0,0,0,0,0,0,0,0,0,0,0,0,0,
000039.SZ,000039,20251209,92242000,0,0,0,0,0,,,0,0,0,0,0,95000,95100,0,0,0,0,0,0,0,0,0,133850,0,0,0,0,0,0,0,0,0,95100,0,0,0,0,0,0,0,0,0,133850,100550,0,0,0,0,0,0,0,0,0,0,0,0,0,0,0,0,0,
000039.SZ,000039,20251209,92251000,0,0,0,0,0,,,0,0,0,0,0,95000,95100,0,0,0,0,0,0,0,0,0,145150,0,0,0,0,0,0,0,0,0,95100,0,0,0,0,0,0,0,0,0,145150,92650,0,0,0,0,0,0,0,0,0,0,0,0,0,0,0,0,0,
000039.SZ,000039,20251209,92300000,0,0,0,0,0,,,0,0,0,0,0,95000,95100,0,0,0,0,0,0,0,0,0,146250,0,0,0,0,0,0,0,0,0,95100,0,0,0,0,0,0,0,0,0,146250,104350,0,0,0,0,0,0,0,0,0,0,0,0,0,0,0,0,0,
000039.SZ,000039,20251209,92309000,0,0,0,0,0,,,0,0,0,0,0,95000,95100,0,0,0,0,0,0,0,0,0,150250,0,0,0,0,0,0,0,0,0,95100,0,0,0,0,0,0,0,0,0,150250,102450,0,0,0,0,0,0,0,0,0,0,0,0,0,0,0,0,0,
000039.SZ,000039,20251209,92318000,0,0,0,0,0,,,0,0,0,0,0,95000,95100,0,0,0,0,0,0,0,0,0,156650,0,0,0,0,0,0,0,0,0,95100,0,0,0,0,0,0,0,0,0,156650,97950,0,0,0,0,0,0,0,0,0,0,0,0,0,0,0,0,0,
000039.SZ,000039,20251209,92327000,0,0,0,0,0,,,0,0,0,0,0,95000,95100,0,0,0,0,0,0,0,0,0,162950,0,0,0,0,0,0,0,0,0,95100,0,0,0,0,0,0,0,0,0,162950,92850,0,0,0,0,0,0,0,0,0,0,0,0,0,0,0,0,0,
000039.SZ,000039,20251209,92336000,0,0,0,0,0,,,0,0,0,0,0,95000,95100,0,0,0,0,0,0,0,0,0,168050,0,0,0,0,0,0,0,0,0,95100,0,0,0,0,0,0,0,0,0,168050,90050,0,0,0,0,0,0,0,0,0,0,0,0,0,0,0,0,0,
000039.SZ,000039,20251209,92345000,0,0,0,0,0,,,0,0,0,0,0,95000,95100,0,0,0,0,0,0,0,0,0,172550,0,0,0,0,0,0,0,0,0,95100,0,0,0,0,0,0,0,0,0,172550,85550,0,0,0,0,0,0,0,0,0,0,0,0,0,0,0,0,0,
000039.SZ,000039,20251209,92354000,0,0,0,0,0,,,0,0,0,0,0,95000,95100,0,0,0,0,0,0,0,0,0,186350,0,0,0,0,0,0,0,0,0,95100,0,0,0,0,0,0,0,0,0,186350,72850,0,0,0,0,0,0,0,0,0,0,0,0,0,0,0,0,0,
000039.SZ,000039,20251209,92403000,0,0,0,0,0,,,0,0,0,0,0,95000,95100,0,0,0,0,0,0,0,0,0,196450,0,0,0,0,0,0,0,0,0,95100,0,0,0,0,0,0,0,0,0,196450,68950,0,0,0,0,0,0,0,0,0,0,0,0,0,0,0,0,0,
000039.SZ,000039,20251209,92412000,0,0,0,0,0,,,0,0,0,0,0,95000,95100,0,0,0,0,0,0,0,0,0,261550,0,0,0,0,0,0,0,0,0,95100,0,0,0,0,0,0,0,0,0,261550,5850,0,0,0,0,0,0,0,0,0,0,0,0,0,0,0,0,0,
000039.SZ,000039,20251209,92421000,0,0,0,0,0,,,0,0,0,0,0,95000,95100,0,0,0,0,0,0,0,0,0,286150,0,0,0,0,0,0,0,0,0,95100,0,0,0,0,0,0,0,0,0,286150,50,0,0,0,0,0,0,0,0,0,0,0,0,0,0,0,0,0,
000039.SZ,000039,20251209,92430000,0,0,0,0,0,,,0,0,0,0,0,95000,95100,0,0,0,0,0,0,0,0,0,314700,3450,0,0,0,0,0,0,0,0,95100,0,0,0,0,0,0,0,0,0,314700,0,0,0,0,0,0,0,0,0,0,0,0,0,0,0,0,0,0,
000039.SZ,000039,20251209,92439000,0,0,0,0,0,,,0,0,0,0,0,95000,95100,0,0,0,0,0,0,0,0,0,337450,0,0,0,0,0,0,0,0,0,95100,0,0,0,0,0,0,0,0,0,337450,24050,0,0,0,0,0,0,0,0,0,0,0,0,0,0,0,0,0,
000039.SZ,000039,20251209,92448000,0,0,0,0,0,,,0,0,0,0,0,95000,95100,0,0,0,0,0,0,0,0,0,366800,14800,0,0,0,0,0,0,0,0,95100,0,0,0,0,0,0,0,0,0,366800,0,0,0,0,0,0,0,0,0,0,0,0,0,0,0,0,0,0,
000039.SZ,000039,20251209,92457000,0,0,0,0,0,,,0,0,0,0,0,95000,95100,0,0,0,0,0,0,0,0,0,412200,63600,0,0,0,0,0,0,0,0,95100,0,0,0,0,0,0,0,0,0,412200,0,0,0,0,0,0,0,0,0,0,0,0,0,0,0,0,0,0,
000039.SZ,000039,20251209,92500000,95100,459600,4370796,344,0,,,459600,4370796,95100,95100,95100,95000,95100,95200,95300,95400,95500,95600,95800,95900,96000,96100,71900,213000,3700,16500,7200,4000,6900,56200,47100,10000,95000,94900,94800,94700,94600,94500,94400,94300,94200,94100,39500,1200,131500,13400,3000,13400,5000,6700,1300,16800,101900,92000,6454041,1831200,0,0,0,0,0,
000039.SZ,000039,20251209,93000000,95500,566400,5394686,474,0,,,1026000,9765482,95500,94900,95100,95000,95600,95700,95800,95900,96000,96100,96200,96300,96400,96500,4000,45100,13500,56700,47100,10000,4300,8600,1000,20500,95500,95300,95200,95100,95000,94900,94800,94700,94600,94500,773800,200,5000,35500,300,18700,131500,14400,3000,13400,102200,93100,6260241,2669500,0,0,0,0,0,
000039.SZ,000039,20251209,93003000,95600,850900,8127569,745,0,,,1876900,17893051,95600,94900,95100,95000,95600,95700,95800,95900,96000,96100,96200,96300,96400,96500,217900,46600,23800,61500,69500,30000,10900,11300,6700,46700,95500,95400,95300,95200,95100,95000,94900,94800,94700,94600,80500,3500,7400,25300,141400,53900,65000,133600,21400,30000,102000,92600,7940941,2782400,0,0,0,0,0,
000039.SZ,000039,20251209,93006000,95700,443500,4242277,834,0,,,2320400,22135328,95800,94900,95100,95000,95800,95900,96000,96100,96200,96300,96400,96500,96600,96700,6400,63100,71700,30000,11900,11300,7300,52300,16000,7500,95700,95600,95500,95400,95300,95200,95100,95000,94900,94800,168600,106700,82500,3500,9200,29800,171000,159100,70400,139600,102200,93000,7907591,3313100,0,0,0,0,0,
000039.SZ,000039,20251209,93009000,95900,293200,2812137,974,0,,,2613600,24947465,96100,94900,95100,95000,96100,96200,96300,96400,96500,96600,96700,96800,96900,97000,23900,11900,11300,8100,52600,16000,7500,28000,34300,55690,95900,95800,95700,95600,95500,95400,95300,95200,95100,95000,67600,21100,146900,129100,85900,3500,9200,29800,173200,160000,102400,93100,7924141,3433600,0,0,0,0,0,
000039.SZ,000039,20251209,93012000,95900,100200,962297,1024,0,,,2713800,25909762,96200,94900,95100,95000,96200,96300,96400,96500,96600,96700,96800,96900,97000,97100,2100,11300,8600,54300,16000,7500,28000,34300,55690,3600,95900,95800,95700,95600,95500,95400,95300,95200,95100,95000,36300,73300,148800,119400,86400,3500,9200,29800,172900,160000,102400,93100,7898891,3448600,0,0,0,0,0,
000039.SZ,000039,20251209,93015000,95900,127900,1228648,1073,0,,,2841700,27138410,96300,94900,95100,95000,95900,96000,96200,96300,96400,96500,96600,96700,96800,96900,124900,4900,2800,9700,8600,54300,16000,7500,28000,34300,95800,95700,95600,95500,95400,95300,95200,95100,95000,94900,71900,78600,106800,86900,3500,9200,29800,172200,160000,70400,102300,92900,8044691,3201800,0,0,0,0,0,
000039.SZ,000039,20251209,93018000,95900,162300,1556374,1109,0,,,3004000,28694784,96300,94900,95100,95000,96000,96100,96200,96300,96400,96500,96600,96700,96800,96900,3700,500,22700,9700,8600,54300,12800,7500,28000,35300,95900,95800,95700,95600,95500,95400,95300,95200,95100,95000,45300,53200,23500,8800,85700,3500,9200,29800,209000,160000,102400,92800,7941491,3110900,0,0,0,0,0,
000039.SZ,000039,20251209,93021000,96100,55500,533009,1155,0,,,3059500,29227793,96300,94900,95100,95000,96200,96300,96400,96500,96600,96700,96800,96900,97000,97100,18500,10200,8600,54300,12800,7500,28000,38300,57690,3600,96100,96000,95900,95800,95700,95600,95500,95400,95300,95200,84400,20100,43200,54200,24000,10200,85700,3500,9200,28800,102400,92900,7936291,3211300,0,0,0,0,0,
000039.SZ,000039,20251209,93024000,96300,122800,1181075,1212,0,,,3182300,30408868,96300,94900,95100,95000,96400,96500,96600,96700,96800,96900,97000,97100,97200,97300,18600,55300,13000,7500,28000,38300,58690,3600,6800,23000,96300,96100,96000,95900,95800,95700,95600,95500,95400,95300,29000,51600,15600,52600,54200,24000,10200,87700,3500,9200,102400,92900,7920391,3206600,0,0,0,0,0,
000039.SZ,000039,20251209,93027000,96400,168000,1617063,1263,0,,,3350300,32025931,96500,94900,95100,95000,96500,96600,96700,96800,96900,97000,97100,97200,97300,97400,51400,13000,7500,28000,38300,58690,3600,6800,23200,1400,96400,96200,96100,96000,95900,95800,95700,95600,95500,95400,20100,8400,5500,12500,56400,51600,23000,10200,87700,3500,102400,92900,7897691,3154500,0,0,0,0,0,
000039.SZ,000039,20251209,93030000,96400,83900,808647,1322,0,,,3434200,32834578,96500,94900,95100,95000,96400,96500,96600,96700,96800,96900,97000,97100,97200,97300,156000,35200,13000,10800,32000,38300,58690,3600,6800,23200,96200,96100,96000,95900,95800,95700,95600,95500,95400,95300,4700,5500,16200,44400,5400,3000,33500,87700,3500,9400,102300,92800,8055991,3072700,0,0,0,0,0,
000039.SZ,000039,20251209,93033000,96400,178100,1716349,1376,0,,,3612300,34550927,96500,94900,95100,95000,96400,96500,96600,96700,96800,96900,97000,97100,97200,97300,48600,35800,13000,11000,32500,38300,59690,4300,6800,23200,96200,96100,96000,95900,95800,95700,95600,95500,95400,95300,32400,4600,17700,38100,4800,2000,33000,87700,3500,9400,102400,92800,8038691,3092300,0,0,0,0,0,
000039.SZ,000039,20251209,93036000,96300,173600,1672201,1468,0,,,3785900,36223128,96500,94900,95100,95000,96300,96400,96500,96600,96700,96800,96900,97000,97100,97200,163100,20100,41000,13000,11000,30600,38300,59690,4300,6800,96100,96000,95900,95800,95700,95600,95500,95400,95300,95200,2400,19200,38100,4800,2000,29400,87700,3500,9400,22100,102300,92800,8196991,3069200,0,0,0,0,0,
000039.SZ,000039,20251209,93039000,96200,100400,965238,1561,0,,,3886300,37188366,96500,94900,95100,95000,96200,96300,96400,96500,96600,96700,96800,96900,97000,97100,29900,132900,37100,41300,12800,11000,41700,38300,59690,9400,96100,96000,95900,95800,95700,95600,95500,95400,95300,95200,1100,19300,16500,4800,1500,28200,87700,3500,9400,21500,102200,92800,8280991,3052100,0,0,0,0,0,
000039.SZ,000039,20251209,93042000,96100,110700,1064702,1640,0,,,3997000,38253068,96500,94900,95100,95000,96100,96200,96300,96400,96500,96600,96700,96800,96900,97000,21100,42300,150700,37700,42300,12800,11000,43700,41300,59690,96000,95900,95800,95700,95600,95500,95400,95300,95200,95100,18700,4300,22800,1500,28200,87700,3500,9400,21500,189100,102200,92800,8343741,3056200,0,0,0,0,0,
000039.SZ,000039,20251209,93045000,96000,175500,1687391,1711,0,,,4172500,39940459,96500,94900,95100,95000,96100,96200,96300,96400,96500,96600,96700,96800,96900,97000,41600,25200,153000,52700,42400,13400,11000,43700,41300,59690,95900,95800,95700,95600,95500,95400,95300,95200,95100,95000,9300,22800,1500,28200,80100,3500,7600,22000,188000,161400,102100,92700,8383341,3032400,0,0,0,0,0,
000039.SZ,000039,20251209,93048000,96400,453700,4364351,1913,0,,,4626200,44304810,96500,94900,95100,95000,96500,96600,96700,96800,96900,97000,97100,97200,97300,97400,42300,13400,11000,44700,40800,60690,12150,6900,23200,1600,96300,96100,96000,95900,95800,95700,95600,95500,95400,95300,35000,6000,43900,35600,22800,31600,28000,80400,3500,7600,102300,92900,8139541,3171800,0,0,0,0,0,
000039.SZ,000039,20251209,93051000,96300,37900,365259,1943,0,,,4664100,44670069,96500,94900,95100,95000,96500,96600,96700,96800,96900,97000,97100,97200,97300,97400,38600,13400,11000,44700,41200,60590,13150,6900,23200,1600,96300,96200,96100,96000,95900,95800,95700,95600,95500,95400,21400,25500,4000,46000,35800,22800,32100,26200,80400,3500,102400,92900,8116841,3190300,0,0,0,0,0,
000039.SZ,000039,20251209,93054000,96300,61000,588603,1986,0,,,4725100,45258672,96600,94900,95100,95000,96400,96500,96600,96700,96800,96900,97000,97100,97200,97300,7700,11200,11400,11000,53400,41700,63190,14150,7000,23200,96300,96200,96100,96000,95900,95800,95700,95600,95500,95400,21000,26500,4400,44400,34400,22600,32100,28200,79800,3500,102400,92900,8085641,3159800,0,0,0,0,0,
000039.SZ,000039,20251209,93057000,96500,110400,1064874,2048,0,,,4835500,46323546,96600,94900,95100,95000,96400,96500,96600,96700,96800,96900,97000,97100,97200,97300,7600,3500,23000,35100,54800,42700,63690,14150,7000,23200,96300,96200,96100,96000,95900,95800,95700,95600,95500,95400,20000,36400,12600,46600,19700,23600,32100,28200,79800,3500,102300,92900,8159941,3168200,0,0,0,0,0,
000039.SZ,000039,20251209,93100000,96400,146200,1410552,2117,0,,,4981700,47734098,96700,94900,95100,95000,96500,96700,96800,96900,97000,97100,97200,97300,97400,97500,1800,7400,56800,47700,66690,14150,7000,23200,1600,64350,96400,96300,96200,96100,96000,95900,95800,95700,95600,95500,4000,17400,31000,12000,45000,23300,23600,32100,28200,79800,102400,92900,8139991,3175100,0,0,0,0,0,
000039.SZ,000039,20251209,93103000,96400,49700,479313,2206,0,,,5031400,48213411,96700,94900,95100,95000,96500,96600,96700,96800,96900,97000,97100,97200,97300,97400,20200,1400,7200,56800,47700,66990,14150,7000,23200,1600,96400,96300,96200,96100,96000,95900,95800,95700,95600,95500,2800,37000,31000,10500,45300,22800,23600,34400,28800,79800,102400,92900,8192191,3193000,0,0,0,0,0,
000039.SZ,000039,20251209,93106000,96500,74100,714317,2267,0,,,5105500,48927728,96700,94900,95100,95000,96500,96600,96700,96800,96900,97000,97100,97200,97300,97400,17000,3900,10200,58800,47700,69990,14150,7000,23200,1600,96400,96300,96200,96100,96000,95900,95800,95700,95600,95500,1200,34900,32000,10500,52200,23000,25600,34400,28800,79300,102300,92900,8216791,3211400,0,0,0,0,0,
000039.SZ,000039,20251209,93109000,96400,42400,408771,2316,0,,,5147900,49336499,96700,94900,95100,95000,96400,96500,96600,96700,96800,96900,97000,97100,97200,97300,22300,83700,7300,51900,59800,48700,80990,14150,7000,23200,96300,96200,96100,96000,95900,95800,95700,95600,95500,95400,21900,32800,10500,57200,23000,25600,34400,28800,79300,3500,102300,92900,8381691,3201500,0,0,0,0,0,
000039.SZ,000039,20251209,93112000,96300,190800,1840784,2406,0,,,5338700,51177283,96700,94900,95100,95000,96400,96500,96600,96700,96800,96900,97000,97100,97200,97300,500,700,6300,44500,62400,49700,84090,17850,7000,23200,96300,96200,96100,96000,95900,95800,95700,95600,95500,95400,11300,37200,10500,58300,23000,25600,34400,28800,79300,3500,102300,92900,8297591,3197400,0,0,0,0,0,
000039.SZ,000039,20251209,93115000,96200,66100,636901,2458,0,,,5404800,51814184,96700,94900,95100,95000,96300,96400,96500,96600,96700,96800,96900,97000,97100,97200,2400,21200,11200,6700,45000,57300,49500,77990,17850,7000,96200,96100,96000,95900,95800,95700,95600,95500,95400,95300,34300,10500,60100,23000,25600,34400,28800,80300,3500,5000,102100,92900,8724591,3166400,0,0,0,0,0,
000039.SZ,000039,20251209,93118000,96200,152000,1460868,2529,0,,,5556800,53275052,96700,94900,95100,95000,96200,96300,96400,96500,96600,96700,96800,96900,97000,97100,75200,78000,36900,11400,8800,44800,58300,51600,77990,23850,96000,95900,95800,95700,95600,95500,95400,95300,95200,95100,100,14600,25600,34400,28800,80300,3500,5000,21800,184700,102000,92800,8934641,3047200,0,0,0,0,0,
000039.SZ,000039,20251209,93121000,96000,93800,901538,2578,0,,,5650600,54176590,96700,94900,95100,95000,96000,96200,96300,96400,96500,96600,96700,96800,96900,97000,3100,41000,103300,48000,17000,20000,45800,58300,51600,77990,95900,95800,95700,95600,95500,95400,95300,95200,95100,95000,5100,34300,34400,5300,80500,3500,4400,21800,184900,147900,102000,92700,8996141,3028100,0,0,0,0,0,
000039.SZ,000039,20251209,93124000,95900,142200,1365047,2609,0,,,5792800,55541637,96700,94900,95100,95000,95900,96000,96200,96300,96400,96500,96600,96700,96800,96900,13300,82300,53900,60200,47800,20500,39200,45800,58300,51600,95800,95700,95600,95500,95400,95300,95200,95100,95000,94900,31200,34400,5300,80500,3500,4400,21800,184900,152400,69200,101900,92700,9081841,3022000,0,0,0,0,0,
000039.SZ,000039,20251209,93127000,95900,22200,212847,2627,0,,,5815000,55754484,96700,94900,95100,95000,95900,96000,96100,96200,96300,96400,96500,96600,96700,96800,47200,87400,2000,41100,70100,47800,27100,39200,45800,55300,95800,95700,95600,95500,95400,95300,95200,95100,95000,94900,33300,34400,6700,80500,3500,4200,21800,184900,152400,69200,101900,92700,9148691,3024500,0,0,0,0,0,
000039.SZ,000039,20251209,93130000,95800,124500,1192891,2686,0,,,5939500,56947375,96700,94900,95100,95000,95800,95900,96000,96100,96200,96300,96400,96500,96600,96700,17600,3000,98800,2000,32200,79200,45500,26200,41300,45800,95600,95500,95400,95300,95200,95100,95000,94900,94800,94700,6100,80500,3500,4200,21800,184900,152400,69200,14000,20400,101900,92700,9169291,2974700,0,0,0,0,0,
000039.SZ,000039,20251209,93133000,95800,77800,744462,2738,0,,,6017300,57691837,96700,94900,95100,95000,95800,95900,96000,96100,96200,96300,96400,96500,96600,96700,16400,26700,99600,3100,32200,76900,46500,24400,43400,45800,95600,95500,95400,95300,95200,95100,95000,94900,94800,94700,32400,80200,38200,4200,21800,184900,154400,69200,14000,20400,101900,92700,9222391,3037400,0,0,0,0,0,
000039.SZ,000039,20251209,93136000,96000,125800,1206205,2863,0,,,6143100,58898042,96700,94900,95100,95000,96000,96100,96200,96300,96400,96500,96600,96700,96800,96900,51000,6100,26300,68400,27700,24900,43400,44800,56700,56600,95800,95700,95600,95500,95400,95300,95200,95100,95000,94900,1300,1000,32500,80200,38200,4200,24800,184900,164400,66200,102000,92700,9125191,3050400,0,0,0,0,0,
000039.SZ,000039,20251209,93139000,96100,283700,2728344,3000,0,,,6426800,61626386,96700,94900,95100,95000,96500,96600,96700,96800,96900,97000,97100,97200,97300,97400,18400,38300,44800,55600,56600,84640,23850,10800,23900,6500,96100,96000,95900,95800,95700,95600,95500,95400,95300,95200,700,13100,73700,11700,33400,40400,80200,40800,4200,24800,102100,92900,8948591,3193200,0,0,0,0,0,
000039.SZ,000039,20251209,93142000,96400,72600,700007,3026,0,,,6499400,62326393,96700,94900,95100,95000,96600,96700,96800,96900,97000,97100,97200,97300,97400,97500,41700,44800,56100,56600,84640,23850,10800,23900,6500,74750,96400,96300,96100,96000,95900,95800,95700,95600,95500,95400,35000,20600,4400,11900,74700,15900,42500,41200,80200,6100,102200,92900,9381591,3230900,0,0,0,0,0,
000039.SZ,000039,20251209,93145000,96500,65800,634632,3054,0,,,6565200,62961025,96700,94900,95100,95000,96500,96600,96700,96800,96900,97000,97100,97200,97300,97400,700,42100,45300,56100,56600,84940,23850,10800,23900,6500,96400,96300,96200,96100,96000,95900,95800,95700,95600,95500,1700,20600,6200,4400,14900,74700,14500,42500,41200,80200,102100,92900,9577991,3208100,0,0,0,0,0,
000039.SZ,000039,20251209,93148000,96400,52700,507867,3087,0,,,6617900,63468892,96700,94900,95100,95000,96400,96500,96600,96700,96800,96900,97000,97100,97200,97300,500,44200,39700,45300,56100,57100,85940,23850,10800,23900,96200,96100,96000,95900,95800,95700,95600,95500,95400,95300,2600,6400,11900,87100,30700,42600,41200,80200,8600,4200,102100,92900,9638091,3209200,0,0,0,0,0,
000039.SZ,000039,20251209,93151000,96500,47400,457033,3126,0,,,6665300,63925925,96700,94900,95100,95000,96400,96500,96600,96700,96800,96900,97000,97100,97200,97300,200,51700,50700,45300,56600,57100,85940,23850,10800,23900,96200,96100,96000,95900,95800,95700,95600,95500,95400,95300,1600,2000,20400,74400,28700,42600,41200,80200,8600,4200,102100,92900,9645691,3204300,0,0,0,0,0,
000039.SZ,000039,20251209,93154000,96500,188900,1824407,3192,0,,,6854200,65750332,96800,94900,95100,95000,96600,96700,96800,96900,97000,97100,97200,97300,97400,97500,600,47000,51900,57600,85940,23850,10800,23900,6500,74750,96500,96400,96300,96200,96100,96000,95900,95800,95700,95600,10500,32300,1000,9100,6000,21000,74400,29100,32600,41200,102100,92900,9546641,3243500,0,0,0,0,0,
000039.SZ,000039,20251209,93157000,96400,185700,1788622,3297,0,,,7039900,67538954,96800,94900,95100,95000,96700,96800,96900,97000,97100,97200,97300,97400,97500,97600,39800,52000,57600,88140,23850,10800,23900,6500,74750,16900,96400,96300,96200,96100,96000,95900,95800,95700,95600,95500,29800,18800,5300,2400,48300,13400,29100,32600,38800,80200,102200,92900,9684141,3207500,0,0,0,0,0,
000039.SZ,000039,20251209,93200000,96400,53400,514929,3322,0,,,7093300,68053883,96800,94900,95100,95000,96500,96600,96700,96800,96900,97000,97100,97200,97300,97400,12930,20000,29800,56600,59100,89240,23850,11800,23900,6500,96400,96300,96200,96100,96000,95900,95800,95700,95600,95500,100,18800,25900,2400,48800,13400,28500,32600,39000,80200,102100,92900,9725271,3203500,0,0,0,0,0,
000039.SZ,000039,20251209,93203000,96400,60200,580328,3366,0,,,7153500,68634211,96800,94900,95100,95000,96400,96500,96600,96700,96800,96900,97000,97100,97200,97300,2600,11600,36100,27700,59000,60400,89240,23850,11800,23900,96200,96100,96000,95900,95800,95700,95600,95500,95400,95300,25900,22200,49800,13500,39500,32200,39000,80200,6200,3900,102100,92900,9821241,3211100,0,0,0,0,0,
000039.SZ,000039,20251209,93206000,96200,95100,913722,3402,0,,,7248600,69547933,96800,94900,95100,95000,96200,96300,96400,96500,96600,96700,96800,96900,97000,97100,4400,5000,31200,44300,43200,29300,62900,59900,94240,23850,96000,95900,95800,95700,95600,95500,95400,95300,95200,95100,2900,13500,40500,32100,39000,80200,6200,3900,23600,181100,102100,92800,9920441,3115100,0,0,0,0,0,
000039.SZ,000039,20251209,93209000,96000,32700,314084,3429,0,,,7281300,69862017,96800,94900,95100,95000,96000,96100,96200,96300,96400,96500,96600,96700,96800,96900,500,34700,433100,7300,22500,57100,47000,35000,62900,59900,95900,95800,95700,95600,95500,95400,95300,95200,95100,95000,1700,40500,32100,39000,81300,6200,17900,23600,181300,199500,101800,92800,10418841,3117400,0,0,0,0,0,
000039.SZ,000039,20251209,93212000,95700,106100,1016014,3477,0,,,7387400,70878031,96800,94900,95100,95000,95700,95900,96000,96100,96200,96300,96400,96500,96600,96700,8600,57400,20300,16100,456600,7200,51200,51100,40400,35000,95600,95500,95400,95300,95200,95100,95000,94900,94800,94700,33800,81300,6200,17900,24200,181300,201500,48500,14000,20400,101700,92700,10542641,3043300,0,0,0,0,0,
000039.SZ,000039,20251209,93215000,95900,320000,3068442,3628,0,,,7707400,73946473,96800,94900,95100,95000,95900,96100,96200,96300,96400,96500,96600,96700,96800,96900,43800,12200,414100,46400,54800,50400,30100,14300,63600,59000,95600,95500,95400,95300,95200,95100,95000,94900,94800,94700,33300,91100,6200,17900,24200,181300,201500,48500,14000,20400,101800,92700,10496241,3055800,0,0,0,0,0,
000039.SZ,000039,20251209,93218000,95900,34300,328447,3652,0,,,7741700,74274920,96800,94900,95100,95000,95900,96000,96100,96200,96300,96400,96500,96600,96700,96800,234168,1100,2300,415400,46400,58600,51800,30100,14300,68000,95700,95600,95500,95400,95300,95200,95100,95000,94900,94800,5200,15700,77700,6200,17900,40000,181300,201500,48500,14000,101700,92700,10794609,3046100,0,0,0,0,0,
000039.SZ,000039,20251209,93221000,95700,8700,83261,3664,0,,,7750400,74358181,96800,94900,95100,95000,95700,95800,95900,96000,96100,96200,96300,96400,96500,96600,1700,11400,234568,46200,2700,413100,46400,52000,42400,33100,95600,95500,95400,95300,95200,95100,95000,94900,94800,94700,14700,77700,7200,17900,40000,181300,201700,48500,14000,20400,101700,92700,10921059,3037100,0,0,0,0,0,
000039.SZ,000039,20251209,93224000,95900,43000,411852,3709,0,,,7793400,74770033,96800,94900,95100,95000,95900,96000,96100,96200,96300,96400,96500,96600,96700,96800,220668,39800,2700,415400,46400,57700,35500,32100,14300,68000,95600,95500,95400,95300,95200,95100,95000,94900,94800,94700,400,77700,7200,13900,40000,181100,201700,48500,14000,20400,101700,92700,10882559,3018600,0,0,0,0,0,
000039.SZ,000039,20251209,93227000,95600,60500,579231,3749,0,,,7853900,75349264,96800,94900,95100,95000,95900,96000,96100,96200,96300,96400,96500,96600,96700,96800,228168,42500,3700,415400,46500,57500,36500,32100,14300,68000,95700,95600,95500,95400,95300,95200,95100,95000,94900,94800,100,3500,78100,28900,14100,24200,181100,204700,48500,14000,101700,92700,10911059,3034100,0,0,0,0,0,
000039.SZ,000039,20251209,93230000,95700,72200,690025,3780,0,,,7926100,76039289,96800,94900,95100,95000,95800,95900,96000,96100,96200,96300,96400,96500,96600,96700,10600,214768,41800,2600,417100,46600,70600,46900,32100,14300,95700,95600,95500,95400,95300,95200,95100,95000,94900,94800,700,1000,41000,28900,15100,24200,181100,199200,48500,14000,101700,92700,10971259,3004900,0,0,0,0,0,
000039.SZ,000039,20251209,93233000,95700,230400,2207795,3829,0,,,8156500,78247084,96800,94900,95100,95000,95900,96000,96100,96200,96300,96400,96500,96600,96700,96800,85968,43000,3600,417100,46600,95700,49200,31100,14800,68000,95700,95500,95400,95300,95200,95100,95000,94900,94800,94700,1600,38100,7700,16100,24200,180800,202200,48500,14000,20400,101700,92700,10916659,3004500,0,0,0,0,0,
000039.SZ,000039,20251209,93236000,95800,36500,349683,3854,0,,,8193000,78596767,96800,94900,95100,95000,95900,96000,96100,96200,96300,96400,96500,96600,96700,96800,97468,43000,4400,417100,46600,95300,49000,31100,34800,68000,95700,95600,95500,95400,95300,95200,95100,95000,94900,94800,19700,22500,41900,7600,16100,30200,180800,202200,48500,14000,101700,92700,11017559,3051600,0,0,0,0,0,
000039.SZ,000039,20251209,93239000,95800,100300,960930,3895,0,,,8293300,79557697,96800,94900,95100,95000,95800,95900,96000,96100,96200,96300,96400,96500,96600,96700,8700,49768,43000,8500,418100,46700,94300,49000,31100,34800,95600,95500,95400,95300,95200,95100,95000,94900,94800,94700,17000,43000,8600,16100,30200,180800,202200,51600,14000,20400,101700,92700,11116159,3033100,0,0,0,0,0,
000039.SZ,000039,20251209,93242000,95900,114768,1099468,3927,0,,,8408068,80657165,96800,94900,95100,95000,96000,96100,96200,96300,96400,96500,96600,96700,96800,96900,43000,8500,418100,46700,94300,49000,34300,34800,71600,64000,95900,95800,95700,95600,95500,95400,95300,95200,95100,95000,20932,20400,2300,21600,43000,9400,16100,36400,179800,203700,101700,92800,11115791,3090532,0,0,0,0,0,
000039.SZ,000039,20251209,93245000,95900,169400,1623430,3983,0,,,8577468,82280595,96800,94900,95100,95000,96000,96100,96200,96300,96400,96500,96600,96700,96800,96900,800,10300,417100,46700,94300,56100,43100,34800,70400,64000,95900,95800,95700,95600,95500,95400,95300,95200,95100,95000,21600,1300,10400,298000,48800,8400,24800,36400,179800,226600,101800,93000,11101091,3398100,0,0,0,0,0,
000039.SZ,000039,20251209,93248000,95900,32200,308841,4005,0,,,8609668,82589436,96800,94900,95100,95000,96000,96100,96200,96300,96400,96500,96600,96700,96800,96900,12400,10800,417100,46700,94300,60300,43100,34800,70500,65400,95900,95800,95700,95600,95500,95400,95300,95200,95100,95000,8100,3100,5900,221900,48800,9400,24800,35400,179000,226600,101700,92900,11124491,3261300,0,0,0,0,0,
000039.SZ,000039,20251209,93251000,96000,34900,335036,4020,0,,,8644568,82924472,96800,94900,95100,95000,96100,96200,96300,96400,96500,96600,96700,96800,96900,97000,32700,417100,46700,141000,60300,44100,34800,71000,71000,112640,96000,95900,95800,95700,95600,95500,95400,95300,95200,95100,75800,10200,3100,9800,216400,48800,10400,24800,35400,179000,101700,93000,11165191,3339500,0,0,0,0,0,
000039.SZ,000039,20251209,93254000,96000,253700,2439945,4057,0,,,8898268,85364417,96800,94900,95100,95000,96200,96300,96400,96500,96600,96700,96800,96900,97000,97100,213700,46700,140500,69300,45200,34800,72200,71000,112740,24650,96000,95900,95800,95700,95600,95500,95400,95300,95200,95100,65000,9200,5100,10300,241000,45500,10400,24800,35600,179000,101800,93000,11069791,3352800,0,0,0,0,0,
000039.SZ,000039,20251209,93257000,96000,26500,254406,4067,0,,,8924768,85618823,96800,94900,95100,95000,96100,96200,96300,96400,96500,96600,96700,96800,96900,97000,4400,251000,41600,137500,68800,45200,34800,72200,69800,112740,96000,95900,95800,95700,95600,95500,95400,95300,95200,95100,43000,7600,5100,12500,240000,45500,10400,24800,35600,184500,101800,93000,11134591,3350300,0,0,0,0,0,
000039.SZ,000039,20251209,93300000,96000,74100,711204,4103,0,,,8998868,86330027,96800,94900,95100,95000,96000,96100,96200,96300,96400,96500,96600,96700,96800,96900,23500,48200,251800,41600,137100,68800,45200,34800,71700,70800,95800,95700,95600,95500,95400,95300,95200,95100,95000,94900,6500,14700,243000,46200,10400,24800,35600,179500,238200,52200,101800,93000,11218391,3304700,0,0,0,0,0,
000039.SZ,000039,20251209,93303000,96000,104000,996392,4175,0,,,9102868,87326419,96800,94900,95100,95000,96000,96100,96200,96300,96400,96500,96600,96700,96800,96900,64400,46200,251800,41600,139500,68800,45200,34800,71700,70800,95700,95600,95500,95400,95300,95200,95100,95000,94900,94800,5000,174300,46200,10400,24800,35600,179500,238200,52200,14000,101800,92900,11343691,3222100,0,0,0,0,0,
000039.SZ,000039,20251209,93306000,95600,166200,1589182,4212,0,,,9269068,88915601,96800,94900,95100,95000,95600,95700,95800,95900,96000,96100,96200,96300,96400,96500,16400,1400,5200,1600,60700,54300,254300,41600,140300,69800,95500,95400,95300,95200,95100,95000,94900,94800,94700,94600,72800,10400,24800,35600,179100,238200,52200,14000,21700,29800,101800,92800,11415891,3069000,0,0,0,0,0,
000039.SZ,000039,20251209,93309000,95500,44200,422181,4235,0,,,9313268,89337782,96800,94900,95100,95000,95600,95700,95800,95900,96000,96100,96200,96300,96400,96500,24500,8000,5200,6600,67600,54100,214700,43600,140300,71400,95500,95400,95300,95200,95100,95000,94900,94800,94700,94600,37200,35900,26800,35600,179100,238200,52500,14000,21700,29800,101800,92700,11410091,3061900,0,0,0,0,0,
000039.SZ,000039,20251209,93312000,95500,18000,171986,4255,0,,,9331268,89509768,96800,94900,95100,95000,95600,95700,95800,95900,96000,96100,96200,96300,96400,96500,20100,8000,13000,5800,73000,64100,214700,43600,141800,69400,95500,95400,95300,95200,95100,95000,94900,94800,94700,94600,26600,36900,27300,35600,179100,238200,52500,14000,21700,29800,101700,92700,11455691,3052800,0,0,0,0,0,
000039.SZ,000039,20251209,93315000,95500,51800,494712,4273,0,,,9383068,90004480,96800,94900,95100,95000,95500,95600,95700,95800,95900,96000,96100,96200,96300,96400,23500,16600,8000,13000,5800,38000,63900,213700,43600,141800,95400,95300,95200,95100,95000,94900,94800,94700,94600,94500,34600,27300,33600,179100,238200,52500,14000,21700,30400,42400,101800,92700,11439391,3018400,0,0,0,0,0,
000039.SZ,000039,20251209,93318000,95500,109400,1044682,4315,0,,,9492468,91049162,96800,94900,95100,95000,95600,95700,95800,95900,96000,96100,96200,96300,96400,96500,9900,8000,10200,5800,58300,63900,213700,43600,140700,69400,95500,95400,95300,95200,95100,95000,94900,94800,94700,94600,19600,19100,27300,37500,179100,239200,52500,14000,21700,30400,101800,92700,11422691,3026600,0,0,0,0,0,
000039.SZ,000039,20251209,93321000,95400,35500,338959,4339,0,,,9527968,91388121,96800,94900,95100,95000,95600,95700,95800,95900,96000,96100,96200,96300,96400,96500,11900,8000,10600,5800,57400,63900,213700,43700,140700,69500,95500,95400,95300,95200,95100,95000,94900,94800,94700,94600,400,12500,27300,38000,179500,240300,52500,14000,21700,30400,101800,92700,11433391,3002800,0,0,0,0,0,
000039.SZ,000039,20251209,93324000,95400,18000,171808,4353,0,,,9545968,91559929,96800,94900,95100,95000,95500,95600,95700,95800,95900,96000,96100,96200,96300,96400,7100,20400,8000,11600,5800,56400,63900,213700,43700,135600,95400,95300,95200,95100,95000,94900,94800,94700,94600,94500,2600,27300,39000,180500,240300,52500,14100,21700,30400,40100,101800,92700,11468441,2993500,0,0,0,0,0,
000039.SZ,000039,20251209,93327000,95500,90500,864942,4389,0,,,9636468,92424871,96800,94900,95100,95000,95700,95800,95900,96000,96100,96200,96300,96400,96500,96600,15100,9200,5800,56400,63900,213700,43700,125600,69800,44600,95500,95400,95300,95200,95100,95000,94900,94800,94700,94600,5300,2700,30100,42600,180500,241600,52500,14100,21700,30400,101800,92700,11443741,3007800,0,0,0,0,0,
000039.SZ,000039,20251209,93330000,95500,25300,241574,4409,0,,,9661768,92666445,96800,94900,95100,95000,95700,95800,95900,96000,96100,96200,96300,96400,96500,96600,28500,9200,5800,56600,62100,212500,43700,78900,69800,35300,95500,95400,95300,95200,95100,95000,94900,94800,94700,94600,5100,8100,33100,42600,177900,241100,52500,15100,21700,30400,101800,92700,11407541,2999900,0,0,0,0,0,
000039.SZ,000039,20251209,93333000,95500,35800,341784,4445,0,,,9697568,93008229,96800,94900,95100,95000,95600,95700,95800,95900,96000,96100,96200,96300,96400,96500,300,28500,9300,5800,56600,58800,212400,44000,78900,70800,95500,95400,95300,95200,95100,95000,94900,94800,94700,94600,53800,22100,47200,43500,177900,242200,47400,15100,21700,30400,101800,92800,11417521,3073600,0,0,0,0,0,
000039.SZ,000039,20251209,93336000,95700,70700,676668,4491,0,,,9768268,93684897,96800,94900,95100,95000,96000,96100,96200,96300,96400,96500,96600,96700,96800,96900,37800,57300,212400,44000,78900,70800,32300,36500,81300,65200,95700,95600,95500,95400,95300,95200,95100,95000,94900,94800,6200,41200,52100,22900,48200,52300,176400,242600,47400,15100,101800,92800,11367721,3130000,0,0,0,0,0,
000039.SZ,000039,20251209,93339000,95700,23700,226961,4516,0,,,9791968,93911858,96800,94900,95100,95000,96000,96100,96200,96300,96400,96500,96600,96700,96800,96900,81100,57300,212400,49000,77800,71000,32300,36500,85300,64200,95700,95600,95500,95400,95300,95200,95100,95000,94900,94800,96900,38800,52500,22900,48200,52300,176700,244900,47400,15100,101800,92900,11465421,3221300,0,0,0,0,0,
000039.SZ,000039,20251209,93342000,95700,28100,269052,4527,0,,,9820068,94180910,96800,94900,95100,95000,95900,96000,96100,96200,96300,96400,96500,96600,96700,96800,400,164200,57300,212100,49000,77800,71400,32300,36500,85400,95700,95600,95500,95400,95300,95200,95100,95000,94900,94800,94600,39100,53100,26700,48200,52300,176700,244900,47400,15100,101700,92900,11564521,3223700,0,0,0,0,0,
000039.SZ,000039,20251209,93345000,95800,10000,95797,4540,0,,,9830068,94276707,96800,94900,95100,95000,95900,96000,96100,96200,96300,96400,96500,96600,96700,96800,5100,164600,60900,210100,49000,77800,71400,32300,36500,85500,95700,95600,95500,95400,95300,95200,95100,95000,94900,94800,92600,39100,59400,27600,58200,52300,176700,244900,47400,15100,101700,92900,11575621,3249800,0,0,0,0,0,
000039.SZ,000039,20251209,93348000,95800,123600,1185737,4575,0,,,9953668,95462444,96800,94900,95100,95000,96000,96100,96200,96300,96400,96500,96600,96700,96800,96900,110100,60900,180100,49000,77800,71600,32300,36500,86300,63700,95900,95800,95700,95600,95500,95400,95300,95200,95100,95000,104200,70300,27300,38800,59400,30600,56400,52300,176700,246100,101800,93000,11559321,3370400,0,0,0,0,0,
000039.SZ,000039,20251209,93351000,96100,185700,1784164,4618,0,,,10139368,97246608,96800,94900,95100,95000,96200,96300,96400,96500,96600,96700,96800,96900,97000,97100,156900,49000,77800,72000,32500,36700,86300,62700,118040,23050,96100,96000,95900,95800,95700,95600,95500,95400,95300,95200,101100,900,12600,76500,52200,39000,63100,30600,45400,58300,101900,93000,11385921,3413900,0,0,0,0,0,
000039.SZ,000039,20251209,93354000,96100,57400,552027,4634,0,,,10196768,97798635,96800,94900,95100,95000,96200,96300,96400,96500,96600,96700,96800,96900,97000,97100,116100,49000,77800,74000,32500,36700,86300,63300,118040,23050,96100,96000,95900,95800,95700,95600,95500,95400,95300,95200,114600,2000,12600,77000,53500,41000,63300,30600,45400,58300,101900,93000,11350421,3429800,0,0,0,0,0,
000039.SZ,000039,20251209,93357000,96200,46200,444155,4647,0,,,10242968,98242790,96800,94900,95100,95000,96200,96300,96400,96500,96600,96700,96800,96900,97000,97100,74800,49000,77800,74000,29300,36700,87800,63300,118040,23050,96100,96000,95900,95800,95700,95600,95500,95400,95300,95200,86800,2000,15800,77200,53500,41000,61300,10000,47400,58300,101900,93000,11314521,3392400,0,0,0,0,0,
000039.SZ,000039,20251209,93400000,96100,32900,316373,4657,0,,,10275868,98559163,96800,94900,95100,95000,96200,96300,96400,96500,96600,96700,96800,96900,97000,97100,54900,49000,72100,74000,30300,36700,87800,63300,117040,23050,96100,96000,95900,95800,95700,95600,95500,95400,95300,95200,76000,2000,15800,74200,48700,41000,62400,10000,47400,59300,101900,93000,11293021,3375600,0,0,0,0,0,
000039.SZ,000039,20251209,93403000,96200,102700,987517,4702,0,,,10378568,99546680,96800,94900,95100,95000,96300,96400,96500,96600,96700,96800,96900,97000,97100,97200,48700,72100,74000,26500,36700,86200,63300,117040,23050,22100,96200,96100,96000,95900,95800,95700,95600,95500,95400,95300,4900,30200,21000,15800,3900,48700,41000,62400,10000,49000,102000,92900,11240821,3294300,0,0,0,0,0,
000039.SZ,000039,20251209,93406000,96500,182500,1758932,4814,0,,,10561068,101305612,96800,94900,95100,95000,96500,96600,96700,96800,96900,97000,97100,97200,97300,97400,41900,27000,38300,86200,64300,117040,23050,22100,23900,10400,96400,96300,96200,96100,96000,95900,95800,95700,95600,95500,2000,39300,33100,26200,21200,15800,4900,48700,41000,72400,102000,93000,11094721,3367500,0,0,0,0,0,
000039.SZ,000039,20251209,93409000,96400,27700,267151,4833,0,,,10588768,101572763,96800,94900,95100,95000,96500,96600,96700,96800,96900,97000,97100,97200,97300,97400,25400,27000,38300,86500,64300,113140,23050,22100,23900,10400,96400,96300,96200,96100,96000,95900,95800,95700,95600,95500,10200,37300,38700,25200,22000,15800,6000,30700,41000,77300,102000,93000,11079921,3371500,0,0,0,0,0,
000039.SZ,000039,20251209,93412000,96500,18000,173637,4849,0,,,10606768,101746400,96800,94900,95100,95000,96500,96600,96700,96800,96900,97000,97100,97200,97300,97400,15300,31000,38300,85000,64300,113140,23050,22100,23900,10400,96400,96300,96200,96100,96000,95900,95800,95700,95600,95500,8000,38600,38200,27200,22000,15800,6000,30700,41000,86200,102000,93000,11076121,3384800,0,0,0,0,0,
000039.SZ,000039,20251209,93415000,96600,474800,4590404,4928,0,,,11081568,106336804,96800,94900,95100,95000,96800,96900,97000,97100,97200,97300,97400,97500,97600,97700,84800,64300,113140,23050,22100,23900,10400,71750,24300,174200,96600,96500,96400,96300,96200,96100,96000,95900,95800,95700,6900,7900,5700,36000,38200,25400,22000,15800,6100,30700,102100,93000,10988821,3387800,0,0,0,0,0,
000039.SZ,000039,20251209,93418000,96800,61600,595265,4963,0,,,11143168,106932069,96800,94900,95100,95000,96800,96900,97000,97100,97200,97300,97400,97500,97600,97700,59400,65300,111940,23050,22100,23900,10400,71750,24300,174200,96600,96500,96400,96300,96200,96100,96000,95900,95800,95700,2000,50100,8100,36000,16600,6300,24100,15800,6100,30700,102100,93000,10975421,3394800,0,0,0,0,0,
000039.SZ,000039,20251209,93421000,96600,39300,380334,5005,0,,,11182468,107312403,96800,94900,95100,95000,96800,96900,97000,97100,97200,97300,97400,97500,97600,97700,37900,65300,109940,17250,22100,23900,10400,71750,29300,174200,96600,96500,96400,96300,96200,96100,96000,95900,95800,95700,12000,52700,18600,36000,11800,6400,34200,15800,7100,30700,102100,93000,10975821,3386500,0,0,0,0,0,
000039.SZ,000039,20251209,93424000,97200,345400,3347303,5206,0,,,11527868,110659706,97200,94900,95100,95000,97200,97300,97400,97500,97600,97700,97800,97900,98000,98100,13600,23900,10400,71750,29300,172400,147600,124000,649050,5900,96800,96700,96600,96500,96400,96300,96200,96100,96000,95900,900,1600,7900,59500,20800,36200,11800,6400,34000,14500,102200,93000,10786531,3409800,0,0,0,0,0,
000039.SZ,000039,20251209,93427000,97200,119600,1161026,5254,0,,,11647468,111820732,97400,94900,95100,95000,97200,97300,97400,97500,97600,97700,97800,97900,98000,98100,4500,700,25400,73750,29300,172400,147600,121000,656550,5900,96800,96700,96600,96500,96400,96300,96200,96100,96000,95900,38300,19700,11800,54700,16700,36100,10500,6400,36000,14500,102200,93100,10809631,3468900,0,0,0,0,0,
000039.SZ,000039,20251209,93430000,97100,89100,864887,5308,0,,,11736568,112685619,97400,94900,95100,95000,97100,97200,97300,97400,97500,97600,97700,97800,97900,98000,4400,89700,1600,25400,73750,31300,172400,147600,121000,655550,96800,96700,96600,96500,96400,96300,96200,96100,96000,95900,56800,19700,12800,55100,16700,35300,10000,5300,26000,14500,102200,93100,10942331,3476800,0,0,0,0,0,
000039.SZ,000039,20251209,93433000,97100,67800,658182,5382,0,,,11804368,113343801,97400,94900,95100,95000,97100,97200,97300,97400,97500,97600,97700,97800,97900,98000,8900,80700,2100,28400,73250,31300,172400,144600,121000,655550,96900,96800,96700,96600,96500,96400,96300,96200,96100,96000,5000,57700,1900,9300,52600,16700,35300,7200,5300,24100,102200,93100,10940631,3456200,0,0,0,0,0,
000039.SZ,000039,20251209,93436000,96800,129600,1256176,5461,0,,,11933968,114599977,97400,94900,95100,95000,97100,97200,97300,97400,97500,97600,97700,97800,97900,98000,39900,61800,7400,28400,69250,31300,167800,145200,121000,655550,96800,96700,96600,96500,96400,96300,96200,96100,96000,95900,2900,2100,9300,52600,16700,35300,7200,5300,24300,14500,102200,93000,10945831,3394200,0,0,0,0,0,
000039.SZ,000039,20251209,93439000,97100,123700,1200569,5550,0,,,12057668,115800546,97400,94900,95100,95000,97100,97200,97300,97400,97500,97600,97700,97800,97900,98000,2800,73900,7400,28500,69250,31300,167800,144400,114500,291150,96800,96700,96600,96500,96400,96300,96200,96100,96000,95900,2000,20600,9300,56200,16700,35300,6800,5300,24400,14500,102400,93000,10559231,3396100,0,0,0,0,0,
000039.SZ,000039,20251209,93442000,96900,43900,426054,5594,0,,,12101568,116226600,97400,94900,95100,95000,96900,97000,97100,97200,97300,97400,97500,97600,97700,97800,600,21600,33100,78700,20400,28600,69250,27800,167800,148400,96800,96700,96600,96500,96400,96300,96200,96100,96000,95900,2900,21400,9300,59600,16700,35300,6800,5300,23400,14500,102300,93100,10739931,3515300,0,0,0,0,0,
000039.SZ,000039,20251209,93445000,96900,111800,1084704,5655,0,,,12213368,117311304,97400,94900,95100,95000,97200,97300,97400,97500,97600,97700,97800,97900,98000,98100,128600,23400,28600,69250,29800,167800,150200,118800,317350,2900,96900,96800,96700,96600,96500,96400,96300,96200,96100,96000,3700,800,22400,9700,63200,19700,35300,6800,5300,25700,102300,93100,10767931,3523400,0,0,0,0,0,
000039.SZ,000039,20251209,93448000,96700,92100,892015,5698,0,,,12305468,118203319,97400,94900,95100,95000,96800,96900,97000,97100,97200,97300,97400,97500,97600,97700,18800,20000,600,6500,133700,23400,29800,70750,30100,167800,96700,96600,96500,96400,96300,96200,96100,96000,95900,95800,1000,9700,60100,19700,35300,5700,5300,30700,14500,14600,102300,93100,10858831,3507400,0,0,0,0,0,
000039.SZ,000039,20251209,93451000,97000,92200,893511,5759,0,,,12397668,119096830,97400,94900,95100,95000,97000,97100,97200,97300,97400,97500,97600,97700,97800,97900,4900,132138,137500,23900,113200,69550,35900,167800,150200,122800,96800,96700,96600,96500,96400,96300,96200,96100,96000,95900,10600,39600,15700,60100,19700,35300,5700,5300,36500,2800,102200,93200,11077669,3560200,0,0,0,0,0,
000039.SZ,000039,20251209,93454000,96700,97700,945417,5790,0,,,12495368,120042247,97400,94900,95100,95000,96700,96800,96900,97000,97100,97200,97300,97400,97500,97600,2300,18100,11900,14800,95700,145600,23900,113200,66750,35900,96600,96500,96400,96300,96200,96100,96000,95900,95800,95700,10600,64000,22200,35600,5700,5300,39000,2500,14600,30700,102200,93100,11115981,3513900,0,0,0,0,0,
000039.SZ,000039,20251209,93457000,96800,70400,681066,5841,0,,,12565768,120723313,97400,94900,95100,95000,96800,96900,97000,97100,97200,97300,97400,97500,97600,97700,11600,17600,54300,79700,144600,23400,121800,66750,35900,167800,96600,96500,96400,96300,96200,96100,96000,95900,95800,95700,5000,54900,22700,35600,5700,5300,39800,2500,14600,30700,102200,93100,11164881,3498500,0,0,0,0,0,
000039.SZ,000039,20251209,93500000,96700,89600,866119,5883,0,,,12655368,121589432,97400,94900,95100,95000,96700,96800,96900,97000,97100,97200,97300,97400,97500,97600,1700,700,14400,59000,80700,152100,24100,125000,69250,36900,96600,96500,96400,96300,96200,96100,96000,95900,95800,95700,17200,54900,12200,35600,14300,12500,43200,2500,14600,30900,102200,93100,11199881,3522000,0,0,0,0,0,
000039.SZ,000039,20251209,93503000,96800,74600,721730,5938,0,,,12729968,122311162,97400,94900,95100,95000,96800,96900,97000,97100,97200,97300,97400,97500,97600,97700,1200,50510,72800,81700,155600,24100,125400,69850,36900,167800,96700,96600,96500,96400,96300,96200,96100,96000,95900,95800,500,37900,56100,12200,36300,14300,12500,44100,2500,14600,102100,93100,11316991,3543200,0,0,0,0,0,
000039.SZ,000039,20251209,93506000,96800,35200,340637,5973,0,,,12765168,122651799,97400,94900,95100,95000,96800,96900,97000,97100,97200,97300,97400,97500,97600,97700,43900,9000,74700,97700,155100,23700,125400,68750,36900,167800,96700,96600,96500,96400,96300,96200,96100,96000,95900,95800,37200,26100,58800,12200,36300,14300,13600,44400,2500,14600,102100,93200,11360781,3579500,0,0,0,0,0,
000039.SZ,000039,20251209,93509000,96800,44200,427664,6012,0,,,12809368,123079463,97400,94900,95100,95000,96800,96900,97000,97100,97200,97300,97400,97500,97600,97700,12300,9800,74700,101800,160100,23700,151100,68750,34900,167800,96700,96600,96500,96400,96300,96200,96100,96000,95900,95800,54000,29300,59000,12200,38200,14800,13800,44400,2500,14600,102100,93200,11376181,3589200,0,0,0,0,0,
000039.SZ,000039,20251209,93512000,96800,144200,1393957,6090,0,,,12953568,124473420,97400,94900,95100,95000,96800,96900,97000,97100,97200,97300,97400,97500,97600,97700,2600,9200,77400,102100,160100,24900,151100,68950,94900,167800,96500,96400,96300,96200,96100,96000,95900,95800,95700,95600,42800,12200,42500,14800,13800,44600,2500,14600,30900,3300,102100,93100,11525431,3496900,0,0,0,0,0,
000039.SZ,000039,20251209,93515000,96500,112900,1090453,6167,0,,,13066468,125563873,97400,94900,95100,95000,96500,96600,96700,96800,96900,97000,97100,97200,97300,97400,72100,42000,10300,77648,10200,78200,68100,156700,24900,88000,96300,96200,96100,96000,95900,95800,95700,95600,95500,95400,42500,15000,18800,44600,2500,14600,30900,3300,96800,6200,102100,93000,11589879,3439200,0,0,0,0,0,
000039.SZ,000039,20251209,93518000,96400,68000,655342,6198,0,,,13134468,126219215,97400,94900,95100,95000,96300,96400,96500,96600,96700,96800,96900,97000,97100,97200,300,13700,52400,42000,13300,31700,10600,78500,80200,156700,96200,96100,96000,95900,95800,95700,95600,95500,95400,95300,15000,18800,48300,2500,14600,30900,3300,96800,6200,33700,102000,93000,11955331,3403400,0,0,0,0,0,
000039.SZ,000039,20251209,93521000,96300,32800,315812,6224,0,,,13167268,126535027,97400,94900,95100,95000,96300,96400,96500,96600,96700,96800,96900,97000,97100,97200,20900,1500,56400,42000,13300,90200,10800,77500,80200,159700,96200,96100,96000,95900,95800,95700,95600,95500,95400,95300,9000,21800,49600,2800,16600,30900,3300,96800,6200,33700,102000,93000,12111431,3403200,0,0,0,0,0,
000039.SZ,000039,20251209,93524000,96200,116700,1124659,6257,0,,,13283968,127659686,97400,94900,95100,95000,96300,96400,96500,96600,96700,96800,96900,97000,97100,97200,9700,1900,56200,46600,13900,89600,11100,78800,80400,157700,96200,96100,96000,95900,95800,95700,95600,95500,95400,95300,19200,21800,49600,2800,16600,30900,3300,96800,19700,33700,102000,93000,12142329,3425900,0,0,0,0,0,
000039.SZ,000039,20251209,93527000,96400,50500,486313,6289,0,,,13334468,128145999,97400,94900,95100,95000,96500,96600,96700,96800,96900,97000,97100,97200,97300,97400,51800,46600,13900,89600,10100,110700,78200,157700,28100,65800,96400,96300,96200,96100,96000,95900,95800,95700,95600,95500,3400,98700,26100,21800,48600,5400,16600,30900,3300,96800,102000,93100,12180829,3538700,0,0,0,0,0,
000039.SZ,000039,20251209,93530000,96300,65100,626987,6306,0,,,13399568,128772986,97400,94900,95100,95000,96500,96600,96700,96800,96900,97000,97100,97200,97300,97400,48800,46600,13900,99700,10100,81300,78200,156400,28100,65800,96300,96200,96100,96000,95900,95800,95700,95600,95500,95400,68400,26100,21800,48200,5400,16600,30900,3300,96800,19700,102000,93100,12193229,3507100,0,0,0,0,0,
000039.SZ,000039,20251209,93533000,96400,3100,29901,6314,0,,,13402668,128802887,97400,94900,95100,95000,96400,96500,96600,96700,96800,96900,97000,97100,97200,97300,7500,65000,46600,13900,97700,12800,82900,78200,155600,28100,96300,96200,96100,96000,95900,95800,95700,95600,95500,95400,95200,28700,23600,64900,5400,24200,30900,3300,99700,19700,102000,93100,12265681,3563700,0,0,0,0,0,
000039.SZ,000039,20251209,93536000,96300,55500,535010,6338,0,,,13458168,129337897,97400,94900,95100,95000,96400,96500,96600,96700,96800,96900,97000,97100,97200,97300,900,59200,46600,13700,98200,12800,83900,79800,152200,28100,96300,96200,96100,96000,95900,95800,95700,95600,95500,95400,106600,38700,26100,64900,5800,24200,30900,3300,99700,19700,102000,93200,12332981,3593700,0,0,0,0,0,
000039.SZ,000039,20251209,93539000,96500,25000,240960,6361,0,,,13483168,129578857,97400,94900,95100,95000,96500,96600,96700,96800,96900,97000,97100,97200,97300,97400,56700,47300,16700,98800,12800,84200,79800,152100,28100,68900,96400,96300,96200,96100,96000,95900,95800,95700,95600,95500,5600,101700,74100,26900,64900,6100,24200,30900,3300,110000,102000,93200,12346781,3636400,0,0,0,0,0,
000039.SZ,000039,20251209,93542000,96400,4600,44351,6369,0,,,13487768,129623208,97400,94900,95100,95000,96500,96600,96700,96800,96900,97000,97100,97200,97300,97400,60800,47400,16700,98800,12800,99700,99800,153100,31400,68900,96400,96300,96200,96100,96000,95900,95800,95700,95600,95500,105100,109900,77200,28000,67700,11100,24200,30900,3300,111000,101900,93300,12453941,3762600,0,0,0,0,0,
000039.SZ,000039,20251209,93545000,96400,59800,576522,6388,0,,,13547568,130199730,97400,94900,95100,95000,96500,96600,96700,96800,96900,97000,97100,97200,97300,97400,57400,47400,16700,102900,12800,101600,98700,153100,34400,69900,96400,96300,96200,96100,96000,95900,95800,95700,95600,95500,94300,109500,77200,28000,91500,12100,26200,30900,3300,128800,101900,93300,12538941,3795000,0,0,0,0,0,
000039.SZ,000039,20251209,93548000,96500,91300,880717,6433,0,,,13638868,131080447,97400,94900,95100,95000,96600,96700,96800,96900,97000,97100,97200,97300,97400,97500,51700,16700,33700,12800,102600,98700,152400,34700,69900,78550,96500,96400,96300,96200,96100,96000,95900,95800,95700,95600,57600,23000,146400,82200,28000,96500,12100,26200,30900,3300,102000,93300,12448741,3828300,0,0,0,0,0,
000039.SZ,000039,20251209,93551000,96500,23500,226798,6440,0,,,13662368,131307245,97400,94900,95100,95000,96600,96700,96800,96900,97000,97100,97200,97300,97400,97500,42900,16700,33700,12800,105700,98700,152400,34700,69900,78550,96500,96400,96300,96200,96100,96000,95900,95800,95700,95600,43500,33500,144700,82200,28000,92100,14100,26200,30900,2800,102000,93300,12500241,3812200,0,0,0,0,0,
000039.SZ,000039,20251209,93554000,96500,56500,545763,6457,0,,,13718868,131853008,97400,94900,95100,95000,96600,96700,96800,96900,97000,97100,97200,97300,97400,97500,2000,26500,31200,13300,106200,101100,159800,35300,69900,80550,96500,96400,96300,96200,96100,96000,95900,95800,95700,95600,65000,35400,145600,84500,28000,93100,14100,26200,30900,2800,102000,93400,12560541,3838900,0,0,0,0,0,
000039.SZ,000039,20251209,93557000,96600,22300,215308,6473,0,,,13741168,132068316,97400,94900,95100,95000,96600,96700,96800,96900,97000,97100,97200,97300,97400,97500,58600,23700,31300,12300,107200,101100,159800,37300,69900,81250,96500,96400,96300,96200,96100,96000,95900,95800,95700,95600,58400,36000,146000,84500,28000,93100,14100,26200,30900,2800,101900,93300,12631141,3833300,0,0,0,0,0,
000039.SZ,000039,20251209,93600000,96500,71700,691905,6516,0,,,13812868,132760221,97400,94900,95100,95000,96500,96600,96700,96800,96900,97000,97100,97200,97300,97400,65300,73800,23700,27200,12300,109200,101100,159800,37300,70000,96400,96300,96200,96100,96000,95900,95800,95700,95600,95500,43000,145100,84500,28000,95800,14100,27000,30900,2800,107400,101900,93300,12780441,3772000,0,0,0,0,0,
000039.SZ,000039,20251209,93603000,96500,39400,380089,6540,0,,,13852268,133140310,97400,94900,95100,95000,96500,96600,96700,96800,96900,97000,97100,97200,97300,97400,13300,82900,23700,27200,13549,110200,101100,159800,37300,71100,96400,96300,96200,96100,96000,95900,95800,95700,95600,95500,33000,140600,111500,36000,98100,14100,27000,30900,2800,107400,101900,93300,12745490,3796000,0,0,0,0,0,
000039.SZ,000039,20251209,93606000,96500,129600,1251166,6597,0,,,13981868,134391476,97400,94900,95100,95000,96600,96700,96800,96900,97000,97100,97200,97300,97400,97500,45700,23800,29600,14549,110200,104300,159800,37300,69500,84250,96500,96400,96300,96200,96100,96000,95900,95800,95700,95600,8500,44800,143700,107200,36000,102400,14100,28500,30300,2800,101900,93300,12722990,3819400,0,0,0,0,0,
000039.SZ,000039,20251209,93609000,96500,68500,661410,6645,0,,,14050368,135052886,97400,94900,95100,95000,96700,96800,96900,97000,97100,97200,97300,97400,97500,97600,17500,29700,15549,114000,106800,159800,37300,71100,82250,120000,96500,96400,96300,96200,96100,96000,95900,95800,95700,95600,41000,29300,143400,107200,36000,102500,14100,30000,30300,2800,102000,93300,12700490,3839300,0,0,0,0,0,
000039.SZ,000039,20251209,93612000,96500,22500,217136,6662,0,,,14072868,135270022,97400,94900,95100,95000,96700,96800,96900,97000,97100,97200,97300,97400,97500,97600,19600,27400,38349,113900,106800,159800,37300,71100,82250,120000,96500,96400,96300,96200,96100,96000,95900,95800,95700,95600,23500,29800,143400,109400,40300,102500,14100,30500,30300,2800,102000,93300,12771290,3831800,0,0,0,0,0,
000039.SZ,000039,20251209,93615000,96600,61300,591761,6696,0,,,14134168,135861783,97400,94900,95100,95000,96700,96800,96900,97000,97100,97200,97300,97400,97500,97600,32300,27400,42149,113900,106800,159800,47300,71100,87250,120000,96600,96500,96400,96300,96200,96100,96000,95900,95800,95700,4100,14600,31100,143400,109400,40300,101900,14100,30500,30500,101900,93300,12815890,3820200,0,0,0,0,0,
000039.SZ,000039,20251209,93618000,96600,33200,320732,6712,0,,,14167368,136182515,97400,94900,95100,95000,96700,96800,96900,97000,97100,97200,97300,97400,97500,97600,14900,29400,42349,164000,106800,159800,47300,71100,87250,121700,96600,96500,96400,96300,96200,96100,96000,95900,95800,95700,76200,31100,34100,145200,107000,40300,102500,14100,30500,30500,101900,93400,12850190,3911300,0,0,0,0,0,
000039.SZ,000039,20251209,93621000,96500,139800,1349842,6745,0,,,14307168,137532357,97400,94900,95100,95000,96500,96600,96700,96800,96900,97000,97100,97200,97300,97400,11100,9100,26900,29400,45349,264000,106800,159800,47300,71100,96400,96300,96200,96100,96000,95900,95800,95700,95600,95500,34200,124800,107000,40300,102500,14100,33000,30500,2800,107600,101900,93300,13003390,3786800,0,0,0,0,0,
000039.SZ,000039,20251209,93624000,96600,85100,822332,6792,0,,,14392268,138354689,97400,94900,95100,95000,96600,96700,96800,96900,97000,97100,97200,97300,97400,97500,33900,107300,31500,46049,264500,106800,159800,47300,70000,87250,96400,96300,96200,96100,96000,95900,95800,95700,95600,95500,34700,121600,107000,40200,104500,14100,33000,30500,2800,108600,101800,93300,13137390,3787600,0,0,0,0,0,
000039.SZ,000039,20251209,93627000,96500,61400,592559,6813,0,,,14453668,138947248,97400,94900,95100,95000,96600,96700,96800,96900,97000,97100,97200,97300,97400,97500,49500,91800,29700,46249,264500,106800,159800,47300,70000,87550,96500,96400,96300,96200,96100,96000,95900,95800,95700,95600,102500,36300,121800,102200,40200,104500,14100,33000,30500,2800,101800,93400,13177490,3887000,0,0,0,0,0,
000039.SZ,000039,20251209,93630000,96600,4400,42484,6819,0,,,14458068,138989732,97400,94900,95100,95000,96600,96700,96800,96900,97000,97100,97200,97300,97400,97500,67400,91800,29700,46349,264600,107000,159800,47950,70000,87550,96500,96400,96300,96200,96100,96000,95900,95800,95700,95600,101000,40000,126200,103800,42200,105500,14100,25400,31500,3500,101800,93400,13264740,3893300,0,0,0,0,0,
000039.SZ,000039,20251209,93633000,96500,22200,214284,6834,0,,,14480268,139204016,97400,94900,95100,95000,96600,96700,96800,96900,97000,97100,97200,97300,97400,97500,113200,83500,38800,46349,265800,107000,159800,47950,70000,87550,96500,96400,96300,96200,96100,96000,95900,95800,95700,95600,89900,48000,125600,103800,43700,107600,14100,25400,31500,3500,101800,93400,13348040,3895100,0,0,0,0,0,
000039.SZ,000039,20251209,93636000,96600,60100,580501,6857,0,,,14540368,139784517,97400,94900,95100,95000,96600,96700,96800,96900,97000,97100,97200,97300,97400,97500,62400,83500,38800,44549,267200,107000,159800,47950,70000,87550,96500,96400,96300,96200,96100,96000,95900,95800,95700,95600,89100,47200,125600,103800,42800,108800,14100,25400,31500,3500,101800,93400,13304640,3893800,0,0,0,0,0,
000039.SZ,000039,20251209,93639000,96500,24500,236576,6875,0,,,14564868,140021093,97400,94900,95100,95000,96600,96700,96800,96900,97000,97100,97200,97300,97400,97500,58600,90500,38800,44549,267200,106500,159800,47950,70000,86550,96500,96400,96300,96200,96100,96000,95900,95800,95700,95600,81300,47200,124600,103800,44800,108800,16100,25400,31500,3500,101800,93400,13329740,3891000,0,0,0,0,0,
000039.SZ,000039,20251209,93642000,96500,92400,892140,6909,0,,,14657268,140913233,97400,94900,95100,95000,96600,96700,96800,96900,97000,97100,97200,97300,97400,97500,46500,87900,39200,45549,269700,106500,159800,47950,70000,86550,96500,96400,96300,96200,96100,96000,95900,95800,95700,95600,47400,52200,134600,103800,44800,110000,16100,25400,31500,3500,101800,93400,13328540,3913100,0,0,0,0,0,
000039.SZ,000039,20251209,93645000,96500,24900,240341,6917,0,,,14682168,141153574,97400,94900,95100,95000,96600,96700,96800,96900,97000,97100,97200,97300,97400,97500,41400,87900,39200,45549,269700,103300,159800,47950,70000,86650,96500,96400,96300,96200,96100,96000,95900,95800,95700,95600,33200,52200,133800,103800,44600,110000,16100,25400,31500,3500,101800,93400,13334640,3892800,0,0,0,0,0,
000039.SZ,000039,20251209,93648000,96600,79600,768256,6973,0,,,14761768,141921830,97400,94900,95100,95000,96600,96700,96800,96900,97000,97100,97200,97300,97400,97500,51000,87900,39200,46749,270100,103300,154800,39950,73000,86650,96400,96300,96200,96100,96000,95900,95800,95700,95600,95500,41200,133800,103800,44600,111000,16300,25400,31500,3500,105700,101800,93300,13346240,3855800,0,0,0,0,0,
000039.SZ,000039,20251209,93651000,96500,25100,242096,6995,0,,,14786868,142163926,97400,94900,95100,95000,96500,96600,96700,96800,96900,97000,97100,97200,97300,97400,45900,56800,87900,39200,46749,271100,103300,154800,39950,73000,96400,96300,96200,96100,96000,95900,95800,95700,95600,95500,39300,133100,103800,44600,111000,16300,25400,31500,3500,105700,101800,93300,13408990,3858200,0,0,0,0,0,
000039.SZ,000039,20251209,93654000,96500,68700,663045,7033,0,,,14855568,142826971,97400,94900,95100,95000,96500,96600,96700,96800,96900,97000,97100,97200,97300,97400,6400,45900,92400,39200,47749,271400,103300,155800,39950,73000,96400,96300,96200,96100,96000,95900,95800,95700,95600,95500,31300,133100,103800,43200,111000,16300,25400,31500,3500,105700,101800,93300,13421290,3848800,0,0,0,0,0,
000039.SZ,000039,20251209,93657000,96400,9000,86809,7049,0,,,14864568,142913780,97400,94900,95100,95000,96500,96600,96700,96800,96900,97000,97100,97200,97300,97400,2700,47900,92400,40100,47749,272600,108300,155800,39450,121700,96400,96300,96200,96100,96000,95900,95800,95700,95600,95500,85200,130900,105000,43200,130800,16300,25400,31500,3500,105700,101800,93400,13497290,3921500,0,0,0,0,0,
000039.SZ,000039,20251209,93700000,96400,13200,127393,7070,0,,,14877768,143041173,97400,94900,95100,95000,96500,96600,96700,96800,96900,97000,97100,97200,97300,97400,6000,46500,92400,41000,47749,272700,108300,155800,38250,131700,96400,96300,96200,96100,96000,95900,95800,95700,95600,95500,87000,134300,105000,42400,132000,16300,25400,31500,3500,105700,101800,93400,13540140,3927100,0,0,0,0,0,
000039.SZ,000039,20251209,93703000,96400,11400,109997,7082,0,,,14889168,143151170,97400,94900,95100,95000,96500,96600,96700,96800,96900,97000,97100,97200,97300,97400,2900,46100,92400,32000,61049,272100,108300,155800,38250,131700,96400,96300,96200,96100,96000,95900,95800,95700,95600,95500,86800,133900,108500,42400,133200,16300,25400,31500,3500,105700,101800,93400,13587140,3949200,0,0,0,0,0,
000039.SZ,000039,20251209,93706000,96400,26500,255645,7112,0,,,14915668,143406815,97400,94900,95100,95000,96600,96700,96800,96900,97000,97100,97200,97300,97400,97500,44900,20200,33000,61049,272100,108300,155800,38250,135000,88150,96400,96300,96200,96100,96000,95900,95800,95700,95600,95500,78100,133900,108500,42400,133200,16300,25400,31500,3500,104700,101800,93400,13527440,3939800,0,0,0,0,0,
000039.SZ,000039,20251209,93709000,96400,38500,371288,7141,0,,,14954168,143778103,97400,94900,95100,95000,96500,96600,96700,96800,96900,97000,97100,97200,97300,97400,95700,48200,28600,33000,70949,272600,108300,155800,38250,135000,96400,96300,96200,96100,96000,95900,95800,95700,95600,95500,92300,134400,108500,198800,133700,16300,25400,31500,3500,104700,101800,93500,13649840,4112500,0,0,0,0,0,
000039.SZ,000039,20251209,93712000,96500,33600,324188,7156,0,,,14987768,144102291,97400,94900,95100,95000,96500,96600,96700,96800,96900,97000,97100,97200,97300,97400,89800,48700,28600,36600,70949,272600,108300,155800,38250,135000,96400,96300,96200,96100,96000,95900,95800,95700,95600,95500,92800,134400,108500,198800,142300,16300,25400,31500,3500,104700,101700,93500,13759240,4117800,0,0,0,0,0,
000039.SZ,000039,20251209,93715000,96500,40000,385621,7176,0,,,15027768,144487912,97400,94900,95100,95000,96500,96600,96700,96800,96900,97000,97100,97200,97300,97400,92700,43800,28600,36600,76349,277600,108300,155800,38250,135000,96400,96300,96200,96100,96000,95900,95800,95700,95600,95500,67500,134500,109000,198800,142300,16300,25400,31500,3500,104700,101700,93500,13772640,4091800,0,0,0,0,0,
000039.SZ,000039,20251209,93718000,96400,11100,107040,7189,0,,,15038868,144594952,97400,94900,95100,95000,96500,96600,96700,96800,96900,97000,97100,97200,97300,97400,94200,41700,28600,36600,76349,283100,108300,155800,38250,135100,96400,96300,96200,96100,96000,95900,95800,95700,95600,95500,62100,135200,109000,198800,142800,16300,25400,31500,3500,104700,101700,93500,13892150,4090800,0,0,0,0,0,
000039.SZ,000039,20251209,93721000,96500,78000,751951,7235,0,,,15116868,145346903,97400,94900,95100,95000,96500,96600,96700,96800,96900,97000,97100,97200,97300,97400,92500,43800,23400,36600,81549,282000,109300,155800,38250,135100,96300,96200,96100,96000,95900,95800,95700,95600,95500,95400,135200,109000,197700,142800,16300,25400,31500,3500,104700,19400,101700,93400,13899650,4029900,0,0,0,0,0,
000039.SZ,000039,20251209,93724000,96400,186500,1796006,7300,0,,,15303368,147142909,97400,94900,95100,95000,96400,96500,96600,96700,96800,96900,97000,97100,97200,97300,5100,82700,44800,23400,34600,81549,282000,109300,154800,38250,96200,96100,96000,95900,95800,95700,95600,95500,95400,95300,50900,197700,147900,16300,25400,31500,3400,104700,19400,29100,101700,93300,13907594,3841200,0,0,0,0,0,
000039.SZ,000039,20251209,93727000,96200,86100,828267,7360,0,,,15389468,147971176,97400,94900,95100,95000,96200,96300,96400,96500,96600,96700,96800,96900,97000,97100,1500,2000,5900,95200,51800,24400,34600,81649,282100,109300,96100,96000,95900,95800,95700,95600,95500,95400,95300,95200,177000,145100,16300,25400,32500,3400,104700,19400,29100,72000,101700,93200,13938394,3768500,0,0,0,0,0,
000039.SZ,000039,20251209,93730000,96300,6000,57705,7369,0,,,15395468,148028881,97400,94900,95100,95000,96300,96400,96500,96600,96700,96800,96900,97000,97100,97200,2300,5900,170700,51200,24400,34600,82149,282100,109300,139400,96100,96000,95900,95800,95700,95600,95500,95400,95300,95200,174000,145100,16300,25400,32500,3400,104700,19400,29100,72000,101700,93200,14030794,3783000,0,0,0,0,0,
000039.SZ,000039,20251209,93733000,96200,20000,192557,7397,0,,,15415468,148221438,97400,94900,95100,95000,96400,96500,96600,96700,96800,96900,97000,97100,97200,97300,28900,170500,51200,23500,44600,77149,182100,109300,139400,38250,96100,96000,95900,95800,95700,95600,95500,95400,95300,95200,174000,145100,16300,25400,32500,3400,104700,19400,29100,72000,101700,93200,13965794,3785900,0,0,0,0,0,
000039.SZ,000039,20251209,93736000,96100,263800,2534395,7466,0,,,15679268,150755833,97400,94900,95100,95000,96100,96300,96400,96500,96600,96700,96800,96900,97000,97100,23800,29400,89700,171400,54200,23500,45300,77149,181200,71000,96000,95900,95800,95700,95600,95500,95400,95300,95200,95100,61600,16300,25300,12800,3400,104700,19400,29100,72300,192300,101700,93000,14055094,3513900,0,0,0,0,0,
000039.SZ,000039,20251209,93739000,95900,105200,1009855,7558,0,,,15784468,151765688,97400,94900,95100,95000,95900,96000,96100,96200,96300,96400,96500,96600,96700,96800,37700,700,9600,20100,30300,97300,174900,54200,23500,45300,95800,95700,95600,95500,95400,95300,95200,95100,95000,94900,25300,12800,3400,104700,19400,29100,72300,192300,427300,81400,101600,92900,14095394,3436000,0,0,0,0,0,
000039.SZ,000039,20251209,93742000,95900,13200,126486,7572,0,,,15797668,151892174,97400,94900,95100,95000,95900,96000,96100,96200,96300,96400,96500,96600,96700,96800,35600,700,9700,20100,30300,98300,174400,53900,23500,45300,95800,95700,95600,95500,95400,95300,95200,95100,95000,94900,17700,12800,3800,104700,19400,29100,72300,192300,427300,81400,101600,92900,14104494,3425500,0,0,0,0,0,
000039.SZ,000039,20251209,93745000,95800,158600,1521468,7652,0,,,15956268,153413642,97400,94900,95100,95000,95900,96000,96100,96200,96300,96400,96500,96600,96700,96800,500,2800,3000,1000,16800,98300,173900,53900,23200,37200,95700,95600,95500,95400,95300,95200,95100,95000,94900,94800,3100,5400,104900,18300,29100,72300,192300,428400,81400,12900,101600,92900,14340994,3401800,0,0,0,0,0,
000039.SZ,000039,20251209,93748000,95900,11400,109146,7669,0,,,15967668,153522788,97400,94900,95100,95000,95900,96000,96100,96200,96300,96400,96500,96600,96700,96800,1000,2800,3000,8000,16900,99100,172800,53900,23200,33100,95700,95600,95500,95400,95300,95200,95100,95000,94900,94800,700,5300,103800,18300,29100,72300,192300,428400,81400,12900,101600,92900,14343894,3398200,0,0,0,0,0,
000039.SZ,000039,20251209,93751000,95800,25000,239368,7700,0,,,15992668,153762156,97400,94900,95100,95000,95900,96000,96100,96200,96300,96400,96500,96600,96700,96800,1700,2100,3000,8000,16900,99100,173000,53900,23200,33100,95700,95600,95500,95400,95300,95200,95100,95000,94900,94800,22100,59700,104800,18300,29100,73900,191700,429400,81400,12900,101600,93000,14335794,3477500,0,0,0,0,0,
000039.SZ,000039,20251209,93754000,95900,7200,69023,7711,0,,,15999868,153831179,97400,94900,95100,95000,96000,96100,96200,96300,96400,96500,96600,96700,96800,96900,1200,3000,8000,12200,99100,99100,53400,23200,38100,72549,95900,95800,95700,95600,95500,95400,95300,95200,95100,95000,9700,2600,18400,59700,106000,18300,29100,73900,191700,429400,101700,93000,14617594,3490500,0,0,0,0,0,
000039.SZ,000039,20251209,93757000,95800,109700,1050339,7786,0,,,16109568,154881518,97400,94900,95100,95000,95900,96000,96100,96200,96300,96400,96500,96600,96700,96800,32900,600,100,39900,12200,99100,99100,53900,23200,26400,95800,95700,95600,95500,95400,95300,95200,95100,95000,94900,400,263800,66000,106000,18300,29100,73900,191700,429400,81400,101700,93100,14706894,3735800,0,0,0,0,0,
000039.SZ,000039,20251209,93800000,95800,89300,855554,7815,0,,,16198868,155737072,97400,94900,95100,95000,95900,96000,96100,96200,96300,96400,96500,96600,96700,96800,500,1700,100,39900,16200,99100,99100,53500,23200,26000,95800,95700,95600,95500,95400,95300,95200,95100,95000,94900,1900,153500,81000,109100,18300,29100,73900,191700,429400,82000,101700,93100,14691254,3646300,0,0,0,0,0,
000039.SZ,000039,20251209,93803000,95800,29900,286650,7855,0,,,16228768,156023722,97400,94900,95100,95000,96100,96200,96300,96400,96500,96600,96700,96800,96900,97000,1900,93448,16100,99100,107000,53500,23200,26000,74549,187600,95800,95700,95600,95500,95400,95300,95200,95100,95000,94900,16700,154100,91100,110600,19300,29100,73900,191700,425400,82000,101700,93100,14776002,3674300,0,0,0,0,0,
000039.SZ,000039,20251209,93806000,96100,27400,262819,7883,0,,,16256168,156286541,97400,94900,95100,95000,96100,96200,96300,96400,96500,96600,96700,96800,96900,97000,11700,93448,16100,99100,106000,55000,23200,26000,69449,187200,95900,95800,95700,95600,95500,95400,95300,95200,95100,95000,1100,48100,154200,91100,111600,19300,30100,73900,191700,426500,101700,93100,14783702,3710000,0,0,0,0,0,
000039.SZ,000039,20251209,93809000,96000,50400,483194,7931,0,,,16306568,156769735,97400,94900,95100,95000,96000,96100,96200,96300,96400,96500,96600,96700,96800,96900,500,13700,93448,16100,99600,106000,55000,23200,26700,68449,95800,95700,95600,95500,95400,95300,95200,95100,95000,94900,33100,154700,102900,121600,22700,30100,73900,191500,425200,82000,101700,93100,14791402,3718100,0,0,0,0,0,
000039.SZ,000039,20251209,93812000,96000,55800,535256,7972,0,,,16362368,157304991,97400,94900,95100,95000,96000,96100,96200,96300,96400,96500,96600,96700,96800,96900,1500,9700,89848,16100,99600,102500,56400,23200,26700,69549,95900,95800,95700,95600,95500,95400,95300,95200,95100,95000,5600,10900,154500,104900,121600,22700,30100,73900,191500,425200,101700,93100,14787802,3704600,0,0,0,0,0,
000039.SZ,000039,20251209,93815000,96000,20500,196672,7991,0,,,16382868,157501663,97400,94900,95100,95000,96100,96200,96300,96400,96500,96600,96700,96800,96900,97000,5800,89848,16100,99600,105500,56400,23200,26700,69549,188200,96000,95900,95800,95700,95600,95500,95400,95300,95200,95100,1200,12600,25500,165200,106900,121600,22700,30100,73900,191500,101700,93200,14800302,3741100,0,0,0,0,0,
000039.SZ,000039,20251209,93818000,96000,15600,149768,8005,0,,,16398468,157651431,97400,94900,95100,95000,96100,96200,96300,96400,96500,96600,96700,96800,96900,97000,1500,89848,16100,99600,105500,56400,23200,26700,70549,188100,95900,95800,95700,95600,95500,95400,95300,95200,95100,95000,14800,25700,175100,104400,131700,22900,32100,73900,191500,426500,101700,93200,14862902,3762800,0,0,0,0,0,
000039.SZ,000039,20251209,93821000,96000,40600,389626,8022,0,,,16439068,158041057,97400,94900,95100,95000,96000,96100,96200,96300,96400,96500,96600,96700,96800,96900,57100,6500,89848,16100,99600,105500,56400,23200,27700,70549,95800,95700,95600,95500,95400,95300,95200,95100,95000,94900,37500,174900,106200,120100,22900,32100,83900,191500,426300,82500,101700,93200,14936702,3757000,0,0,0,0,0,
000039.SZ,000039,20251209,93824000,96000,54800,525938,8033,0,,,16493868,158566995,97400,94900,95100,95000,96000,96100,96200,96300,96400,96500,96600,96700,96800,96900,25700,6500,89848,16100,99600,105500,56400,23200,27700,70549,95900,95800,95700,95600,95500,95400,95300,95200,95100,95000,3100,53600,167000,113400,120100,22900,32100,83900,191500,426300,101700,93200,14912202,3755400,0,0,0,0,0,
000039.SZ,000039,20251209,93827000,95900,6400,61429,8041,0,,,16500268,158628424,97400,94900,95100,95000,96000,96100,96200,96300,96400,96500,96600,96700,96800,96900,23300,6500,89848,16100,93400,106400,56400,23200,27700,70549,95900,95800,95700,95600,95500,95400,95300,95200,95100,95000,1000,58100,167000,113400,120000,22900,32100,83900,203800,423300,101700,93200,14916502,3747100,0,0,0,0,0,
000039.SZ,000039,20251209,93830000,95800,93900,899568,8080,0,,,16594168,159527992,97400,94900,95100,95000,95800,95900,96000,96100,96200,96300,96400,96500,96600,96700,700,400,24400,6700,90648,16100,94200,106800,58200,15700,95700,95600,95500,95400,95300,95200,95100,95000,94900,94800,139100,113400,120100,22900,31600,83900,203800,424300,62300,12900,101700,93100,14934002,3656400,0,0,0,0,0,
000039.SZ,000039,20251209,93833000,95800,6500,62294,8089,0,,,16600668,159590286,97400,94900,95100,95000,95800,95900,96000,96100,96200,96300,96400,96500,96600,96700,12200,37000,35000,6600,53600,16100,94200,106800,58200,15700,95700,95600,95500,95400,95300,95200,95100,95000,94900,94800,119900,113900,119900,22900,31600,83900,206700,424300,62300,12900,101700,93100,14971254,3642800,0,0,0,0,0,
000039.SZ,000039,20251209,93836000,95800,18100,173311,8108,0,,,16618768,159763597,97400,94900,95100,95000,95800,95900,96000,96100,96200,96300,96400,96500,96600,96700,5300,41000,34500,6600,53600,17100,94200,106800,53700,15700,95700,95600,95500,95400,95300,95200,95100,95000,94900,94800,122900,114900,118900,23800,31600,84200,206700,424400,62300,12900,101700,93100,14971054,3647700,0,0,0,0,0,
000039.SZ,000039,20251209,93839000,95800,71900,688497,8152,0,,,16690668,160452094,97400,94900,95100,95000,95800,95900,96000,96100,96200,96300,96400,96500,96600,96700,4300,33600,40500,7000,53600,17100,94200,107200,53700,15700,95700,95600,95500,95400,95300,95200,95100,95000,94900,94800,91400,114900,119100,23800,31600,84200,206700,424400,62300,12900,101700,93100,14971854,3606400,0,0,0,0,0,
000039.SZ,000039,20251209,93842000,95800,32100,307688,8168,0,,,16722768,160759782,97400,94900,95100,95000,95900,96000,96100,96200,96300,96400,96500,96600,96700,96800,15700,29000,7000,53600,20700,94200,112700,53700,15700,26700,95800,95700,95600,95500,95400,95300,95200,95100,95000,94900,54600,91400,117000,123600,24400,31600,84200,206700,424900,62800,101700,93100,14959554,3669700,0,0,0,0,0,
000039.SZ,000039,20251209,93845000,95800,69200,662866,8206,0,,,16791968,161422648,97400,94900,95100,95000,95800,95900,96000,96100,96200,96300,96400,96500,96600,96700,15500,155048,20800,6000,53600,20700,94600,112700,54000,15700,95700,95600,95500,95400,95300,95200,95100,95000,94900,94800,90400,127700,122600,24400,31600,83700,207700,424900,62800,12900,101600,93100,15334602,3624300,0,0,0,0,0,
000039.SZ,000039,20251209,93848000,95800,27600,264325,8228,0,,,16819568,161686973,97400,94900,95100,95000,95800,95900,96000,96100,96200,96300,96400,96500,96600,96700,20900,43848,20700,5100,53600,20700,95200,112700,54300,15700,95700,95600,95500,95400,95300,95200,95100,95000,94900,94800,83200,127700,122600,24400,31600,83700,207700,424900,62800,16900,101600,93100,15287902,3622900,0,0,0,0,0,
000039.SZ,000039,20251209,93851000,95800,20400,195321,8245,0,,,16839968,161882294,97400,94900,95100,95000,95800,95900,96000,96100,96200,96300,96400,96500,96600,96700,21700,43848,23000,3500,56600,20700,90200,112700,53800,15700,95700,95600,95500,95400,95300,95200,95100,95000,94900,94800,73100,128200,119600,24400,31600,83700,207700,427400,62800,16900,101600,93100,15299902,3612800,0,0,0,0,0,
000039.SZ,000039,20251209,93854000,95700,187400,1792381,8346,0,,,17027368,163674675,97400,94900,95100,95000,95700,95800,95900,96000,96100,96200,96300,96400,96500,96600,19200,35800,15500,26000,3500,56600,20700,90200,112700,53800,95600,95500,95400,95300,95200,95100,95000,94900,94800,94700,24200,119600,24400,51700,83700,207700,427400,62800,16900,8900,101600,92900,15620854,3456100,0,0,0,0,0,
000039.SZ,000039,20251209,93857000,95600,86600,829038,8378,0,,,17113968,164503713,97400,94900,95100,95000,95700,95800,95900,96000,96100,96200,96300,96400,96500,96600,5800,200,44348,26000,6000,46500,20700,90200,112700,53800,95600,95500,95400,95300,95200,95100,95000,94900,94800,94700,14500,119600,24400,51700,83700,207700,427000,62800,16900,8900,101600,92900,15608602,3447300,0,0,0,0,0,
000039.SZ,000039,20251209,93900000,95600,14700,140567,8392,0,,,17128668,164644280,97400,94900,95100,95000,95700,95800,95900,96000,96100,96200,96300,96400,96500,96600,8300,6000,44348,26000,8000,46500,20700,90200,112700,53800,95600,95500,95400,95300,95200,95100,95000,94900,94800,94700,5400,118500,24400,51700,83700,205700,427000,63600,16900,8900,101600,92900,15613802,3436000,0,0,0,0,0,
000039.SZ,000039,20251209,93903000,95600,6800,65008,8403,0,,,17135468,164709288,97400,94900,95100,95000,95600,95700,95800,95900,96000,96100,96200,96300,96400,96500,2500,8300,6000,33348,38500,9000,46500,20700,89600,112700,95500,95400,95300,95200,95100,95000,94900,94800,94700,94600,120100,25400,57400,85900,205700,429000,63600,16900,8900,10200,101600,92900,15640902,3433100,0,0,0,0,0,
000039.SZ,000039,20251209,93906000,95600,54700,523800,8430,0,,,17190168,165233088,97400,94900,95100,95000,95800,95900,96000,96100,96200,96300,96400,96500,96600,96700,18700,14800,38500,9000,46500,20700,89600,113000,53800,15700,95600,95500,95400,95300,95200,95100,95000,94900,94800,94700,9400,124100,25400,57400,85900,205700,429000,63600,16900,8900,101600,92900,15624854,3449200,0,0,0,0,0,
000039.SZ,000039,20251209,93909000,95600,16400,156794,8449,0,,,17206568,165389882,97400,94900,95100,95000,95800,95900,96000,96100,96200,96300,96400,96500,96600,96700,18700,14800,39300,9000,46500,20700,89600,113000,53800,15700,95600,95500,95400,95300,95200,95100,95000,94900,94800,94700,2800,124800,27400,56400,95900,205700,427700,63600,17000,8900,101600,93000,15653754,3456300,0,0,0,0,0,
000039.SZ,000039,20251209,93912000,95800,46000,440464,8483,0,,,17252568,165830346,97400,94900,95100,95000,96000,96100,96200,96300,96400,96500,96600,96700,96800,96900,37900,9000,46500,20700,89600,113000,53800,15700,28200,69649,95900,95800,95700,95600,95500,95400,95300,95200,95100,95000,50000,35400,54300,5000,120900,27600,57500,97500,205700,430700,101600,93100,15629054,3600200,0,0,0,0,0,
000039.SZ,000039,20251209,93915000,96000,55600,533212,8503,0,,,17308168,166363558,97400,94900,95100,95000,96000,96100,96200,96300,96400,96500,96600,96700,96800,96900,34900,9000,46800,20700,89600,113700,53800,15700,28200,70649,95800,95700,95600,95500,95400,95300,95200,95100,95000,94900,33200,54300,15800,120900,27600,57500,98700,206700,430600,63600,101600,93000,15629354,3560900,0,0,0,0,0,
000039.SZ,000039,20251209,93918000,96000,65300,626236,8512,0,,,17373468,166989794,97400,94900,95100,95000,96000,96100,96200,96300,96400,96500,96600,96700,96800,96900,33900,9000,46800,20700,89600,113700,53800,15700,28200,62649,95800,95600,95500,95400,95300,95200,95100,95000,94900,94800,36800,51000,121000,28600,57500,98700,206700,432600,63600,17000,101700,93000,15630054,3548500,0,0,0,0,0,
000039.SZ,000039,20251209,93921000,95800,3500,33545,8518,0,,,17376968,167023339,97400,94900,95100,95000,96000,96100,96200,96300,96400,96500,96600,96700,96800,96900,59648,9000,46800,20700,89600,114200,52300,16700,28200,53449,95800,95600,95500,95400,95300,95200,95100,95000,94900,94800,36200,52300,122700,28600,57900,98700,206700,432600,63600,17000,101600,93000,15648402,3521800,0,0,0,0,0,
000039.SZ,000039,20251209,93924000,96000,3000,28792,8525,0,,,17379968,167052131,97400,94900,95100,95000,96000,96100,96200,96300,96400,96500,96600,96700,96800,96900,44200,21400,46800,20700,90600,114200,52300,16700,28200,53449,95800,95600,95500,95400,95300,95200,95100,95000,94900,94800,6100,58000,123000,30000,57900,98700,206700,432600,63600,17000,101600,93000,15670554,3499100,0,0,0,0,0,
000039.SZ,000039,20251209,93927000,95800,7000,67073,8535,0,,,17386968,167119204,97400,94900,95100,95000,95900,96000,96100,96200,96300,96400,96500,96600,96700,96800,400,48500,21400,46800,20700,90600,114200,52300,16700,28200,95800,95700,95600,95500,95400,95300,95200,95100,95000,94900,3000,42400,60000,133200,30000,57900,98700,206700,432600,63600,101600,93000,15699854,3548500,0,0,0,0,0,
000039.SZ,000039,20251209,93930000,95800,77900,747718,8574,0,,,17464868,167866922,97400,94900,95100,95000,95900,96000,96100,96200,96300,96400,96500,96600,96700,96800,3100,5900,50148,54800,20700,90600,114200,52300,16700,28200,95800,95700,95600,95500,95400,95300,95200,95100,95000,94900,1300,43600,102100,134200,30000,57900,108700,206700,432600,63600,101600,93100,15717402,3596100,0,0,0,0,0,
000039.SZ,000039,20251209,93933000,95800,10200,97810,8587,0,,,17475068,167964732,97400,94900,95100,95000,95900,96000,96100,96200,96300,96400,96500,96600,96700,96800,6400,7600,50148,54800,20700,90600,114200,52300,17200,23200,95800,95700,95600,95500,95400,95300,95200,95100,95000,94900,7900,52500,105100,136800,30000,58500,98700,207700,432600,63600,101600,93100,15713102,3608800,0,0,0,0,0,
000039.SZ,000039,20251209,93936000,95800,21600,206955,8610,0,,,17496668,168171687,97400,94900,95100,95000,95900,96000,96100,96200,96300,96400,96500,96600,96700,96800,11400,27600,50148,54800,20700,90600,114200,52300,17200,22700,95800,95700,95600,95500,95400,95300,95200,95100,95000,94900,900,52300,106100,147800,30000,58500,98700,207700,432600,63600,101600,93100,15751002,3613800,0,0,0,0,0,
000039.SZ,000039,20251209,93939000,95900,14400,138069,8633,0,,,17511068,168309756,97400,94900,95100,95000,96000,96100,96200,96300,96400,96500,96600,96700,96800,96900,29200,50448,54800,20700,90600,118700,51900,17200,22700,57649,95900,95800,95700,95600,95500,95400,95300,95200,95100,95000,8800,11800,62500,108200,147800,30000,58500,98700,207700,434600,101600,93100,15759602,3646800,0,0,0,0,0,
000039.SZ,000039,20251209,93942000,96000,52400,502123,8648,0,,,17563468,168811879,97400,94900,95100,95000,96000,96100,96200,96300,96400,96500,96600,96700,96800,96900,27700,50448,54800,20700,90600,118700,51900,17200,22800,57649,95900,95800,95700,95600,95500,95400,95300,95200,95100,95000,20600,38000,54000,107700,129800,30000,58500,98700,207800,434600,101600,93100,15761402,3659000,0,0,0,0,0,
000039.SZ,000039,20251209,93945000,95900,15600,149618,8661,0,,,17579068,168961497,97400,94900,95100,95000,96000,96100,96200,96300,96400,96500,96600,96700,96800,96900,57400,51448,54800,20700,90200,151600,51900,17200,23300,57649,95900,95800,95700,95600,95500,95400,95300,95200,95100,95000,7900,34700,54000,123600,124900,30100,58500,98700,207800,432600,101600,93100,15828102,3657900,0,0,0,0,0,
000039.SZ,000039,20251209,93948000,95900,38100,365385,8680,0,,,17617168,169326882,97400,94900,95100,95000,96000,96100,96200,96300,96400,96500,96600,96700,96800,96900,44100,51448,54800,20700,90200,145500,51900,17200,23300,57649,95800,95700,95600,95500,95400,95300,95200,95100,95000,94900,82200,55000,125400,130900,30100,58500,99200,186100,433600,66700,101600,93100,15814802,3687100,0,0,0,0,0,
000039.SZ,000039,20251209,93951000,96000,4700,45086,8688,0,,,17621868,169371968,97400,94900,95100,95000,96000,96100,96200,96300,96400,96500,96600,96700,96800,96900,44900,51448,54800,20700,90200,145500,51900,17200,23300,57649,95900,95800,95700,95600,95500,95400,95300,95200,95100,95000,3700,99400,68500,119600,131200,29100,58500,99200,190600,433600,101600,93200,15820602,3719500,0,0,0,0,0,
000039.SZ,000039,20251209,93954000,95900,4800,46032,8696,0,,,17626668,169418000,97400,94900,95100,95000,95900,96000,96100,96200,96300,96400,96500,96600,96700,96800,2900,47900,51448,54800,20700,90200,114600,51900,17200,23300,95800,95700,95600,95500,95400,95300,95200,95100,95000,94900,100500,69800,121700,126700,29100,58500,99200,190600,433600,66700,101600,93200,15833102,3716200,0,0,0,0,0,
000039.SZ,000039,20251209,93957000,95900,5200,49868,8706,0,,,17631868,169467868,97400,94900,95100,95000,96000,96100,96200,96300,96400,96500,96600,96700,96800,96900,51000,50448,54800,20700,90200,115900,51900,17200,23300,58249,95900,95800,95700,95600,95500,95400,95300,95200,95100,95000,9500,108600,69800,121700,126700,29100,58500,99200,190600,433600,101600,93200,15851802,3733800,0,0,0,0,0,
000039.SZ,000039,20251209,94000000,95900,26600,255015,8724,0,,,17658468,169722883,97400,94900,95100,95000,95900,96000,96100,96200,96300,96400,96500,96600,96700,96800,9500,53400,50448,54800,20700,90200,115900,51900,17200,23300,95800,95700,95600,95500,95400,95300,95200,95100,95000,94900,104100,72900,119900,126700,29100,58500,99200,190600,434700,66700,101600,93200,15884702,3727000,0,0,0,0,0,
000039.SZ,000039,20251209,94003000,95900,20300,194673,8747,0,,,17678768,169917556,97400,94900,95100,95000,95900,96000,96100,96200,96300,96400,96500,96600,96700,96800,500,56300,49948,54800,20700,90200,115900,51900,18200,23300,95800,95700,95600,95500,95400,95300,95200,95100,95000,94900,106200,72800,120900,126700,29100,58500,109400,190600,438400,68700,101600,93200,15878302,3745900,0,0,0,0,0,
000039.SZ,000039,20251209,94006000,96000,20700,198474,8769,0,,,17699468,170116030,97400,94900,95100,95000,96000,96100,96200,96300,96400,96500,96600,96700,96800,96900,54800,49948,63600,19700,90200,116900,51900,18200,23300,58249,95900,95800,95700,95600,95500,95400,95300,95200,95100,95000,500,100600,73000,122600,126700,29100,58500,104400,194200,436400,101600,93200,15949602,3742100,0,0,0,0,0,
000039.SZ,000039,20251209,94009000,95900,16100,154459,8790,0,,,17715568,170270489,97400,94900,95100,95000,95900,96000,96100,96200,96300,96400,96500,96600,96700,96800,4600,53200,49948,63600,19700,90200,117200,31900,18200,23300,95800,95700,95600,95500,95400,95300,95200,95100,95000,94900,97400,75000,137600,126700,29100,58500,104400,195200,436400,68700,101600,93200,15941102,3755400,0,0,0,0,0,
000039.SZ,000039,20251209,94012000,95900,15300,146702,8808,0,,,17730868,170417191,97400,94900,95100,95000,96000,96100,96200,96300,96400,96500,96600,96700,96800,96900,52800,50448,63600,19700,90200,117200,31900,18200,23300,58249,95900,95800,95700,95600,95500,95400,95300,95200,95100,95000,3100,95000,75500,137600,125700,29100,58500,104400,195200,435300,101600,93200,15931602,3754500,0,0,0,0,0,
000039.SZ,000039,20251209,94015000,95800,28900,276910,8826,0,,,17759768,170694101,97400,94900,95100,95000,95900,96000,96100,96200,96300,96400,96500,96600,96700,96800,6100,59400,50448,63600,19700,89200,117200,31900,18200,23300,95800,95700,95600,95500,95400,95300,95200,95100,95000,94900,68500,75500,135600,125700,29100,58500,108400,195200,435300,69200,101600,93200,15951302,3727400,0,0,0,0,0,
000039.SZ,000039,20251209,94018000,95900,29700,284823,8844,0,,,17789468,170978924,97400,94900,95100,95000,96000,96100,96200,96300,96400,96500,96600,96700,96800,96900,58000,38048,63600,21700,89200,117200,31900,18200,24800,58249,95900,95800,95700,95600,95500,95400,95300,95200,95100,95000,43800,81400,75500,135600,125700,29100,58500,108400,195200,437300,101600,93200,15935802,3786200,0,0,0,0,0,
000039.SZ,000039,20251209,94021000,95900,46600,446888,8864,0,,,17836068,171425812,97400,94900,95100,95000,95900,96000,96100,96200,96300,96400,96500,96600,96700,96800,6000,60500,38048,63600,21700,89200,117200,31900,18200,24800,95800,95700,95600,95500,95400,95300,95200,95100,95000,94900,95100,76000,135600,126000,36000,58500,108400,195200,447300,69300,101600,93200,15939102,3774900,0,0,0,0,0,
000039.SZ,000039,20251209,94024000,95900,11900,114119,8877,0,,,17847968,171539931,97400,94900,95100,95000,95900,96000,96100,96200,96300,96400,96500,96600,96700,96800,12100,59600,41048,64700,21700,89200,117200,33900,20200,24800,95800,95700,95600,95500,95400,95300,95200,95100,95000,94900,97000,86100,135600,125700,36000,58500,108400,195200,447300,69300,101600,93200,15962902,3791100,0,0,0,0,0,
000039.SZ,000039,20251209,94027000,95800,12400,118866,8886,0,,,17860368,171658797,97400,94900,95100,95000,95900,96000,96100,96200,96300,96400,96500,96600,96700,96800,13800,60800,41648,64700,21700,89200,117200,33900,20200,24800,95800,95700,95600,95500,95400,95300,95200,95100,95000,94900,101200,67100,135600,125700,36000,58500,108400,195200,447500,74300,101600,93200,15983302,3786500,0,0,0,0,0,
000039.SZ,000039,20251209,94030000,95800,1300,12454,8887,0,,,17861668,171671251,97400,94900,95100,95000,95900,96000,96100,96200,96300,96400,96500,96600,96700,96800,15400,63400,41648,64700,21700,89200,117200,33900,20200,26800,95800,95700,95600,95500,95400,95300,95200,95100,95000,94900,111400,67100,140600,126200,36000,58500,105400,195200,450500,74300,101600,93200,15995802,3802200,0,0,0,0,0,
000039.SZ,000039,20251209,94033000,95900,12700,121670,8893,0,,,17874368,171792921,97400,94900,95100,95000,95900,96000,96100,96200,96300,96400,96500,96600,96700,96800,19800,63100,41648,64700,21700,89200,117200,33900,20200,26800,95800,95700,95600,95500,95400,95300,95200,95100,95000,94900,110600,68500,130600,126200,36000,59500,105400,195200,450500,74300,101600,93200,16003302,3793300,0,0,0,0,0,
000039.SZ,000039,20251209,94036000,95800,19500,186833,8909,0,,,17893868,171979754,97400,94900,95100,95000,95900,96000,96100,96200,96300,96400,96500,96600,96700,96800,18200,63900,41648,64700,23700,89200,117200,33900,20200,27300,95800,95700,95600,95500,95400,95300,95200,95100,95000,94900,94000,68500,134700,126200,36000,57900,105400,195200,450500,74300,101600,93200,16009002,3779200,0,0,0,0,0,
000039.SZ,000039,20251209,94039000,95800,57000,546212,8953,0,,,17950868,172525966,97400,94900,95100,95000,95900,96000,96100,96200,96300,96400,96500,96600,96700,96800,4700,63900,13300,64700,23700,89200,117700,33900,20200,27300,95800,95700,95600,95500,95400,95300,95200,95100,95000,94900,53200,68400,134700,125900,36000,57900,105400,195200,451500,74300,101600,93200,15971854,3739900,0,0,0,0,0,
000039.SZ,000039,20251209,94042000,95900,8000,76646,8961,0,,,17958868,172602612,97400,94900,95100,95000,95900,96000,96100,96200,96300,96400,96500,96600,96700,96800,11500,64000,13300,64700,23700,89200,117700,33900,20200,27300,95800,95700,95600,95500,95400,95300,95200,95100,95000,94900,51300,79000,134700,126600,36000,57900,115400,202300,451500,74300,101600,93200,15992254,3766000,0,0,0,0,0,
000039.SZ,000039,20251209,94045000,95900,57800,553761,8994,0,,,18016668,173156373,97400,94900,95100,95000,95900,96000,96100,96200,96300,96400,96500,96600,96700,96800,41848,64500,10300,64700,23700,89200,137300,33900,20200,27300,95800,95700,95600,95500,95400,95300,95200,95100,95000,94900,4200,79600,135700,126600,36000,57900,115400,202300,451500,74300,101600,93100,16051902,3720000,0,0,0,0,0,
000039.SZ,000039,20251209,94048000,95800,30800,295286,9015,0,,,18047468,173451659,97400,94900,95100,95000,95800,95900,96000,96100,96200,96300,96400,96500,96600,96700,800,19848,70300,10300,64700,23700,89200,137300,33900,20200,95700,95600,95500,95400,95300,95200,95100,95000,94900,94800,87600,135700,126600,36000,57900,115400,202300,454900,74300,17000,101600,93100,16188702,3727400,0,0,0,0,0,
000039.SZ,000039,20251209,94051000,95900,36448,349497,9038,0,,,18083916,173801156,97400,94900,95100,95000,96000,96100,96200,96300,96400,96500,96600,96700,96800,96900,82300,10300,64700,23700,89200,137300,33900,20200,27300,58749,95900,95800,95700,95600,95500,95400,95300,95200,95100,95000,26852,300,88700,135700,130100,36000,57900,115400,202300,454900,101600,93200,16202454,3759152,0,0,0,0,0,
000039.SZ,000039,20251209,94054000,95900,7500,71925,9049,0,,,18091416,173873081,97400,94900,95100,95000,96000,96100,96200,96300,96400,96500,96600,96700,96800,96900,83900,10300,64700,23700,89200,137300,33900,20200,27300,58749,95900,95800,95700,95600,95500,95400,95300,95200,95100,95000,19352,4100,88800,134800,130700,36000,57900,115400,204300,454900,101600,93200,16205054,3757252,0,0,0,0,0,
000039.SZ,000039,20251209,94057000,95900,28452,272837,9072,0,,,18119868,174145918,97400,94900,95100,95000,95900,96000,96100,96200,96300,96400,96500,96600,96700,96800,28248,91200,12300,64700,23700,87000,143300,33900,20200,27300,95800,95700,95600,95500,95400,95300,95200,95100,95000,94900,4100,94200,134800,130700,36000,57900,115400,204300,454900,69300,101600,93100,16250002,3757400,0,0,0,0,0,
000039.SZ,000039,20251209,94100000,95800,24400,233578,9084,0,,,18144268,174379496,97400,94900,95100,95000,95800,95900,96000,96100,96200,96300,96400,96500,96600,96700,38200,38648,95200,18600,64700,23700,89800,143300,33900,20200,95700,95600,95500,95400,95300,95200,95100,95000,94900,94800,78400,134800,130700,36000,58500,115400,204300,456400,69300,17100,101600,93100,16323002,3739600,0,0,0,0,0,
000039.SZ,000039,20251209,94103000,95800,13200,126456,9088,0,,,18157468,174505952,97400,94900,95100,95000,95800,95900,96000,96100,96200,96300,96400,96500,96600,96700,25200,50748,117400,18600,64700,23700,89800,143300,33900,20200,95700,95600,95500,95400,95300,95200,95100,95000,94900,94800,78300,147100,130700,36000,58500,115400,207100,456400,69300,17400,101500,93100,16352002,3754900,0,0,0,0,0,
000039.SZ,000039,20251209,94106000,95800,10100,96726,9099,0,,,18167568,174602678,97400,94900,95100,95000,95800,95900,96000,96100,96200,96300,96400,96500,96600,96700,19400,50748,116700,18600,64700,23700,89800,143300,33900,20200,95700,95600,95500,95400,95300,95200,95100,95000,94900,94800,77400,147100,130700,36000,58500,115400,207100,457400,69300,17400,101500,93100,16344202,3757000,0,0,0,0,0,
000039.SZ,000039,20251209,94109000,95800,30500,292143,9115,0,,,18198068,174894821,97400,94900,95100,95000,95900,96000,96100,96200,96300,96400,96500,96600,96700,96800,53048,116600,18600,64700,23700,89800,142800,33900,20200,27300,95800,95700,95600,95500,95400,95300,95200,95100,95000,94900,6300,75200,147100,130700,36000,58500,115400,207100,458000,69300,101500,93100,16341602,3761000,0,0,0,0,0,
