万得代码,交易所代码,自然日,时间,成交价,成交量,成交额,成交笔数,IOPV,成交标志,BS标志,当日累计成交量,当日成交额,最高价,最低价,开盘价,前收盘,申卖价1,申卖价2,申卖价3,申卖价4,申卖价5,申卖价6,申卖价7,申卖价8,申卖价9,申卖价10,申卖量1,申卖量2,申卖量3,申卖量4,申卖量5,申卖量6,申卖量7,申卖量8,申卖量9,申卖量10,申买价1,申买价2,申买价3,申买价4,申买价5,申买价6,申买价7,申买价8,申买价9,申买价10,申买量1,申买量2,申买量3,申买量4,申买量5,申买量6,申买量7,申买量8,申买量9,申买量10,加权平均叫卖价,加权平均叫买价,叫卖总量,叫买总量,不加权指数,品种总数,上涨品种数,下跌品种数,持平品种数,
000059.SZ,000059,20251209,81615000,0,0,0,0,0,,,0,0,0,0,0,51300,0,0,0,0,0,0,0,0,0,0,0,0,0,0,0,0,0,0,0,0,0,0,0,0,0,0,0,0,0,0,0,0,0,0,0,0,0,0,0,0,0,0,0,0,0,0,0,0,0,
000059.SZ,000059,20251209,91500000,0,0,0,0,0,,,0,0,0,0,0,51300,0,0,0,0,0,0,0,0,0,0,0,0,0,0,0,0,0,0,0,0,0,0,0,0,0,0,0,0,0,0,0,0,0,0,0,0,0,0,0,0,0,0,0,0,0,0,0,0,0,
000059.SZ,000059,20251209,91509000,0,0,0,0,0,,,0,0,0,0,0,51300,51500,0,0,0,0,0,0,0,0,0,1500,0,0,0,0,0,0,0,0,0,51500,0,0,0,0,0,0,0,0,0,1500,1500,0,0,0,0,0,0,0,0,0,0,0,0,0,0,0,0,0,
000059.SZ,000059,20251209,91518000,0,0,0,0,0,,,0,0,0,0,0,51300,51500,0,0,0,0,0,0,0,0,0,3000,1100,0,0,0,0,0,0,0,0,51500,0,0,0,0,0,0,0,0,0,3000,0,0,0,0,0,0,0,0,0,0,0,0,0,0,0,0,0,0,
000059.SZ,000059,20251209,91527000,0,0,0,0,0,,,0,0,0,0,0,51300,51500,0,0,0,0,0,0,0,0,0,3000,1700,0,0,0,0,0,0,0,0,51500,0,0,0,0,0,0,0,0,0,3000,0,0,0,0,0,0,0,0,0,0,0,0,0,0,0,0,0,0,
000059.SZ,000059,20251209,91639000,0,0,0,0,0,,,0,0,0,0,0,51300,51500,0,0,0,0,0,0,0,0,0,4700,0,0,0,0,0,0,0,0,0,51500,0,0,0,0,0,0,0,0,0,4700,48300,0,0,0,0,0,0,0,0,0,0,0,0,0,0,0,0,0,
000059.SZ,000059,20251209,91648000,0,0,0,0,0,,,0,0,0,0,0,51300,51500,0,0,0,0,0,0,0,0,0,4900,0,0,0,0,0,0,0,0,0,51500,0,0,0,0,0,0,0,0,0,4900,48100,0,0,0,0,0,0,0,0,0,0,0,0,0,0,0,0,0,
000059.SZ,000059,20251209,91957000,0,0,0,0,0,,,0,0,0,0,0,51300,51500,0,0,0,0,0,0,0,0,0,5000,0,0,0,0,0,0,0,0,0,51500,0,0,0,0,0,0,0,0,0,5000,48000,0,0,0,0,0,0,0,0,0,0,0,0,0,0,0,0,0,
000059.SZ,000059,20251209,92000000,0,0,0,0,0,,,0,0,0,0,0,51300,51500,0,0,0,0,0,0,0,0,0,7200,0,0,0,0,0,0,0,0,0,51500,0,0,0,0,0,0,0,0,0,7200,45800,0,0,0,0,0,0,0,0,0,0,0,0,0,0,0,0,0,
000059.SZ,000059,20251209,92009000,0,0,0,0,0,,,0,0,0,0,0,51300,51500,0,0,0,0,0,0,0,0,0,7500,0,0,0,0,0,0,0,0,0,51500,0,0,0,0,0,0,0,0,0,7500,46200,0,0,0,0,0,0,0,0,0,0,0,0,0,0,0,0,0,
000059.SZ,000059,20251209,92103000,0,0,0,0,0,,,0,0,0,0,0,51300,51500,0,0,0,0,0,0,0,0,0,23700,0,0,0,0,0,0,0,0,0,51500,0,0,0,0,0,0,0,0,0,23700,30000,0,0,0,0,0,0,0,0,0,0,0,0,0,0,0,0,0,
000059.SZ,000059,20251209,92112000,0,0,0,0,0,,,0,0,0,0,0,51300,51500,0,0,0,0,0,0,0,0,0,23700,0,0,0,0,0,0,0,0,0,51500,0,0,0,0,0,0,0,0,0,23700,31700,0,0,0,0,0,0,0,0,0,0,0,0,0,0,0,0,0,
000059.SZ,000059,20251209,92121000,0,0,0,0,0,,,0,0,0,0,0,51300,51500,0,0,0,0,0,0,0,0,0,24200,0,0,0,0,0,0,0,0,0,51500,0,0,0,0,0,0,0,0,0,24200,31200,0,0,0,0,0,0,0,0,0,0,0,0,0,0,0,0,0,
000059.SZ,000059,20251209,92139000,0,0,0,0,0,,,0,0,0,0,0,51300,51500,0,0,0,0,0,0,0,0,0,38200,0,0,0,0,0,0,0,0,0,51500,0,0,0,0,0,0,0,0,0,38200,17200,0,0,0,0,0,0,0,0,0,0,0,0,0,0,0,0,0,
000059.SZ,000059,20251209,92148000,0,0,0,0,0,,,0,0,0,0,0,51300,51500,0,0,0,0,0,0,0,0,0,38200,0,0,0,0,0,0,0,0,0,51500,0,0,0,0,0,0,0,0,0,38200,18700,0,0,0,0,0,0,0,0,0,0,0,0,0,0,0,0,0,
000059.SZ,000059,20251209,92215000,0,0,0,0,0,,,0,0,0,0,0,51300,51500,0,0,0,0,0,0,0,0,0,38800,0,0,0,0,0,0,0,0,0,51500,0,0,0,0,0,0,0,0,0,38800,18100,0,0,0,0,0,0,0,0,0,0,0,0,0,0,0,0,0,
000059.SZ,000059,20251209,92318000,0,0,0,0,0,,,0,0,0,0,0,51300,51500,0,0,0,0,0,0,0,0,0,39500,0,0,0,0,0,0,0,0,0,51500,0,0,0,0,0,0,0,0,0,39500,17400,0,0,0,0,0,0,0,0,0,0,0,0,0,0,0,0,0,
000059.SZ,000059,20251209,92354000,0,0,0,0,0,,,0,0,0,0,0,51300,51500,0,0,0,0,0,0,0,0,0,39600,0,0,0,0,0,0,0,0,0,51500,0,0,0,0,0,0,0,0,0,39600,17300,0,0,0,0,0,0,0,0,0,0,0,0,0,0,0,0,0,
000059.SZ,000059,20251209,92403000,0,0,0,0,0,,,0,0,0,0,0,51300,51500,0,0,0,0,0,0,0,0,0,39600,0,0,0,0,0,0,0,0,0,51500,0,0,0,0,0,0,0,0,0,39600,17400,0,0,0,0,0,0,0,0,0,0,0,0,0,0,0,0,0,
000059.SZ,000059,20251209,92439000,0,0,0,0,0,,,0,0,0,0,0,51300,51500,0,0,0,0,0,0,0,0,0,44800,0,0,0,0,0,0,0,0,0,51500,0,0,0,0,0,0,0,0,0,44800,12300,0,0,0,0,0,0,0,0,0,0,0,0,0,0,0,0,0,
000059.SZ,000059,20251209,92448000,0,0,0,0,0,,,0,0,0,0,0,51300,51500,0,0,0,0,0,0,0,0,0,44800,0,0,0,0,0,0,0,0,0,51500,0,0,0,0,0,0,0,0,0,44800,12900,0,0,0,0,0,0,0,0,0,0,0,0,0,0,0,0,0,
000059.SZ,000059,20251209,92457000,0,0,0,0,0,,,0,0,0,0,0,51300,51500,0,0,0,0,0,0,0,0,0,56300,0,0,0,0,0,0,0,0,0,51500,0,0,0,0,0,0,0,0,0,56300,6100,0,0,0,0,0,0,0,0,0,0,0,0,0,0,0,0,0,
000059.SZ,000059,20251209,92500000,51500,79800,410970,61,0,,,79800,410970,51500,51500,51500,51300,51600,51700,51800,51900,52000,52100,52200,52300,52400,52500,48200,64000,77900,51900,150200,113800,56000,47500,43500,91200,51500,51400,51300,51200,51100,51000,50900,50800,50700,50600,2200,50000,74200,103600,36900,66700,46300,133800,68500,34000,53800,50500,1622700,952800,0,0,0,0,0,
000059.SZ,000059,20251209,93000000,51400,39000,200502,65,0,,,118800,611472,51500,51400,51500,51300,51500,51600,51700,51800,51900,52000,52100,52200,52300,52400,1500,51100,64000,77900,73900,160200,118800,61000,52500,78500,51400,51300,51200,51100,51000,50900,50800,50700,50600,50500,15200,74200,103600,36900,66700,46300,137400,68500,34000,84900,53700,50500,1726100,919400,0,0,0,0,0,
000059.SZ,000059,20251209,93003000,51400,124600,642012,117,0,,,243400,1253484,51600,51400,51500,51300,51400,51500,51600,51700,51800,51900,52000,52100,52200,52300,18200,11000,13200,80700,98100,140801,203200,130800,81000,87500,51300,51200,51100,51000,50900,50800,50700,50600,50500,50400,107900,113600,147000,85700,56000,142500,70000,39600,97400,20800,53600,50600,2103801,1114600,0,0,0,0,0,
000059.SZ,000059,20251209,93006000,51400,12200,62670,130,0,,,255600,1316154,51600,51300,51500,51300,51400,51500,51600,51700,51800,51900,52000,52100,52200,52300,5500,11300,13200,80700,98100,146801,205200,130800,81000,87500,51300,51200,51100,51000,50900,50800,50700,50600,50500,50400,131300,113600,146900,85700,56000,147500,70000,39600,104400,20800,53600,50600,2110401,1152900,0,0,0,0,0,
000059.SZ,000059,20251209,93009000,51400,2300,11822,139,0,,,257900,1327976,51600,51300,51500,51300,51400,51500,51600,51700,51800,51900,52000,52100,52200,52300,14100,12500,17000,80500,98100,146801,205200,130800,81000,87500,51300,51200,51100,51000,50900,50800,50700,50600,50500,50400,131500,113600,146900,85700,56000,147500,70000,39600,104400,20800,53600,50600,2124001,1153100,0,0,0,0,0,
000059.SZ,000059,20251209,93012000,51400,21500,110481,173,0,,,279400,1438457,51600,51300,51500,51300,51400,51500,51600,51700,51800,51900,52000,52100,52200,52300,2600,12500,17000,80500,98100,146801,205200,130800,81000,87500,51300,51200,51100,51000,50900,50800,50700,50600,50500,50400,128800,113600,146900,86000,56000,147500,70000,39600,104400,20800,53600,50600,2112501,1150700,0,0,0,0,0,
000059.SZ,000059,20251209,93015000,51400,2800,14392,180,0,,,282200,1452849,51600,51300,51500,51300,51400,51500,51600,51700,51800,51900,52000,52100,52200,52300,1300,12500,17000,80500,98100,146801,205200,130800,81000,87500,51300,51200,51100,51000,50900,50800,50700,50600,50500,50400,138800,113600,146900,86000,56000,147500,70000,39600,104400,20800,53600,50600,2111201,1160700,0,0,0,0,0,
000059.SZ,000059,20251209,93018000,51400,1200,6168,185,0,,,283400,1459017,51600,51300,51500,51300,51400,51500,51600,51700,51800,51900,52000,52100,52200,52300,2400,12500,17000,81500,98100,146801,205200,130800,81000,87500,51300,51200,51100,51000,50900,50800,50700,50600,50500,50400,139500,113600,146900,86000,56000,147500,70000,39600,104400,20800,53600,50600,2113301,1161400,0,0,0,0,0,
000059.SZ,000059,20251209,93021000,51400,0,0,185,0,,,283400,1459017,51600,51300,51500,51300,51400,51500,51600,51700,51800,51900,52000,52100,52200,52300,13300,12500,17000,81500,98100,146801,205200,130800,81000,87500,51300,51200,51100,51000,50900,50800,50700,50600,50500,50400,139800,142200,146900,86000,56000,147500,70000,39600,104400,20800,53600,50600,2124201,1190300,0,0,0,0,0,
000059.SZ,000059,20251209,93024000,51300,3300,16932,189,0,,,286700,1475949,51600,51300,51500,51300,51400,51500,51600,51700,51800,51900,52000,52100,52200,52300,13800,12500,17000,81500,98100,146801,205200,130800,81000,87500,51300,51200,51100,51000,50900,50800,50700,50600,50500,50400,136800,142200,146900,86000,56000,147500,70000,39600,104400,20800,53600,50600,2124701,1187300,0,0,0,0,0,
000059.SZ,000059,20251209,93027000,51300,7900,40582,202,0,,,294600,1516531,51600,51300,51500,51300,51400,51500,51600,51700,51800,51900,52000,52100,52200,52300,17100,12500,17000,81500,98100,146801,205200,130800,81000,87500,51300,51200,51100,51000,50900,50800,50700,50600,50500,50400,134900,142200,146900,86000,56000,147500,70000,39600,104400,20800,53600,50600,2128001,1185400,0,0,0,0,0,
000059.SZ,000059,20251209,93030000,51300,1100,5647,204,0,,,295700,1522178,51600,51300,51500,51300,51400,51500,51600,51700,51800,51900,52000,52100,52200,52300,16700,12500,17000,81500,98100,146801,205200,130800,81000,87500,51300,51200,51100,51000,50900,50800,50700,50600,50500,50400,134200,142200,146900,86000,56000,147500,70000,39600,104400,20800,53600,50600,2127701,1184700,0,0,0,0,0,
000059.SZ,000059,20251209,93033000,51400,16300,83782,217,0,,,312000,1605960,51600,51300,51500,51300,51400,51500,51600,51700,51800,51900,52000,52100,52200,52300,1000,12500,67000,81500,98100,146801,205200,130800,81000,87500,51300,51200,51100,51000,50900,50800,50700,50600,50500,50400,134500,142200,146900,86000,56000,147500,70000,39600,104400,20800,53600,50600,2162101,1185000,0,0,0,0,0,
000059.SZ,000059,20251209,93036000,51400,1000,5140,221,0,,,313000,1611100,51600,51300,51500,51300,51400,51500,51600,51700,51800,51900,52000,52100,52200,52300,2800,11400,67000,81500,98100,146801,205200,130800,81000,87500,51300,51200,51100,51000,50900,50800,50700,50600,50500,50400,134500,142200,146900,86000,56000,147500,70000,39600,109400,20800,53600,50600,2162801,1190000,0,0,0,0,0,
000059.SZ,000059,20251209,93039000,51400,1000,5140,223,0,,,314000,1616240,51600,51300,51500,51300,51400,51500,51600,51700,51800,51900,52000,52100,52200,52300,18500,11400,67000,81500,98100,146801,205200,130800,81000,87500,51300,51200,51100,51000,50900,50800,50700,50600,50500,50400,134600,142200,146900,87000,56000,147500,70000,39600,109400,20800,53600,50600,2178501,1191100,0,0,0,0,0,
000059.SZ,000059,20251209,93042000,51300,100,513,224,0,,,314100,1616753,51600,51300,51500,51300,51400,51500,51600,51700,51800,51900,52000,52100,52200,52300,19200,11400,67000,81500,105900,146801,205200,130800,81000,87500,51300,51200,51100,51000,50900,50800,50700,50600,50500,50400,134500,142200,146900,87000,56000,147500,70000,39600,109400,20800,53600,50600,2187001,1191000,0,0,0,0,0,
000059.SZ,000059,20251209,93045000,51400,100,514,225,0,,,314200,1617267,51600,51300,51500,51300,51400,51500,51600,51700,51800,51900,52000,52100,52200,52300,20000,11400,67000,81500,105900,146801,205200,130800,81000,87500,51300,51200,51100,51000,50900,50800,50700,50600,50500,50400,134500,142200,146900,87000,56000,147500,70000,39600,109400,20800,53600,50600,2187801,1191000,0,0,0,0,0,
000059.SZ,000059,20251209,93048000,51300,2800,14364,231,0,,,317000,1631631,51600,51300,51500,51300,51400,51500,51600,51700,51800,51900,52000,52100,52200,52300,20100,21400,67000,81500,105900,146801,205200,130800,81000,87500,51300,51200,51100,51000,50900,50800,50700,50600,50500,50400,135100,142200,146900,87000,56000,152500,70000,39600,109400,20800,53500,50600,2197901,1196600,0,0,0,0,0,
000059.SZ,000059,20251209,93051000,51400,200,1028,232,0,,,317200,1632659,51600,51300,51500,51300,51400,51500,51600,51700,51800,51900,52000,52100,52200,52300,19900,21400,67000,81500,105900,146801,205200,130800,81000,87500,51300,51200,51100,51000,50900,50800,50700,50600,50500,50400,143400,142200,146900,87000,56000,152500,70000,39600,109400,20800,53500,50600,2197701,1204900,0,0,0,0,0,
000059.SZ,000059,20251209,93054000,51400,0,0,232,0,,,317200,1632659,51600,51300,51500,51300,51400,51500,51600,51700,51800,51900,52000,52100,52200,52300,22800,21400,67000,81500,105900,146801,205200,130800,81000,87500,51300,51200,51100,51000,50900,50800,50700,50600,50500,50400,147000,142200,146900,87000,56000,152500,70000,39600,109400,20800,53500,50600,2200601,1208500,0,0,0,0,0,
000059.SZ,000059,20251209,93057000,51400,0,0,232,0,,,317200,1632659,51600,51300,51500,51300,51400,51500,51600,51700,51800,51900,52000,52100,52200,52300,26200,21400,67000,81500,105900,146801,205200,130800,81000,87500,51300,51200,51100,51000,50900,50800,50700,50600,50500,50400,147500,144700,146900,87000,58500,152500,70000,39600,113100,20800,53500,50600,2205001,1218900,0,0,0,0,0,
000059.SZ,000059,20251209,93100000,51400,2200,11308,237,0,,,319400,1643967,51600,51300,51500,51300,51400,51500,51600,51700,51800,51900,52000,52100,52200,52300,31900,21400,67000,81500,105900,146801,205200,130800,81900,87500,51300,51200,51100,51000,50900,50800,50700,50600,50500,50400,147500,144700,146900,87000,58500,155000,70000,39600,114100,20800,53500,50600,2211601,1222400,0,0,0,0,0,
000059.SZ,000059,20251209,93103000,51400,600,3084,238,0,,,320000,1647051,51600,51300,51500,51300,51400,51500,51600,51700,51800,51900,52000,52100,52200,52300,31400,21400,67000,81500,105900,146801,205200,130800,81900,87500,51300,51200,51100,51000,50900,50800,50700,50600,50500,50400,147100,144700,146900,88000,58500,155000,70000,39600,114100,20800,53500,50600,2211101,1223000,0,0,0,0,0,
000059.SZ,000059,20251209,93106000,51400,500,2570,240,0,,,320500,1649621,51600,51300,51500,51300,51400,51500,51600,51700,51800,51900,52000,52100,52200,52300,47600,21400,67000,81500,105900,146801,205200,130800,81900,87500,51300,51200,51100,51000,50900,50800,50700,50600,50500,50400,147100,144700,146900,88000,58500,155000,72500,39600,114100,20800,53500,50600,2227301,1225500,0,0,0,0,0,
000059.SZ,000059,20251209,93109000,51300,7100,36424,245,0,,,327600,1686045,51600,51300,51500,51300,51400,51500,51600,51700,51800,51900,52000,52100,52200,52300,48600,21400,67000,81500,105900,146801,205200,130800,81900,87500,51300,51200,51100,51000,50900,50800,50700,50600,50500,50400,140100,144700,146900,88000,58500,155000,72500,39600,114100,20800,53500,50600,2228301,1218500,0,0,0,0,0,
000059.SZ,000059,20251209,93112000,51300,4800,24671,250,0,,,332400,1710716,51600,51300,51500,51300,51400,51500,51600,51700,51800,51900,52000,52100,52200,52300,46200,21400,57000,66500,85900,121801,205200,130800,81900,87500,51300,51200,51100,51000,50900,50800,50700,50600,50500,50400,139600,144700,146900,93000,58500,155000,72500,39600,114100,20800,53600,50600,2155901,1223000,0,0,0,0,0,
000059.SZ,000059,20251209,93115000,51400,300,1542,251,0,,,332700,1712258,51600,51300,51500,51300,51400,51500,51600,51700,51800,51900,52000,52100,52200,52300,48000,21400,57000,66500,85900,121801,205200,130800,81900,87500,51300,51200,51100,51000,50900,50800,50700,50600,50500,50400,139800,144700,146900,93000,58500,155000,72500,39600,114100,20800,53600,50600,2157701,1223200,0,0,0,0,0,
000059.SZ,000059,20251209,93118000,51400,0,0,251,0,,,332700,1712258,51600,51300,51500,51300,51400,51500,51600,51700,51800,51900,52000,52100,52200,52300,49200,21400,57000,66500,85900,121801,205200,130800,81900,87500,51300,51200,51100,51000,50900,50800,50700,50600,50500,50400,137700,144700,146900,93000,58500,155000,72500,42100,114100,20800,53600,50600,2160901,1223600,0,0,0,0,0,
000059.SZ,000059,20251209,93121000,51400,0,0,251,0,,,332700,1712258,51600,51300,51500,51300,51400,51500,51600,51700,51800,51900,52000,52100,52200,52300,49300,21400,57000,66500,85900,121801,206200,130800,81900,87500,51300,51200,51100,51000,50900,50800,50700,50600,50500,50400,137900,144700,146900,93000,58500,155000,72500,42100,116600,20800,53600,50600,2162001,1226300,0,0,0,0,0,
000059.SZ,000059,20251209,93124000,51400,0,0,251,0,,,332700,1712258,51600,51300,51500,51300,51400,51500,51600,51700,51800,51900,52000,52100,52200,52300,49700,21400,56200,66500,85900,121801,206200,130800,81900,87500,51300,51200,51100,51000,50900,50800,50700,50600,50500,50400,137900,144700,146900,93000,58500,155000,72500,42100,116600,20800,53600,50600,2161601,1226300,0,0,0,0,0,
000059.SZ,000059,20251209,93127000,51400,1400,7196,252,0,,,334100,1719454,51600,51300,51500,51300,51400,51500,51600,51700,51800,51900,52000,52100,52200,52300,48300,21400,56200,66500,85900,121801,206200,130800,81900,87500,51300,51200,51100,51000,50900,50800,50700,50600,50500,50400,137900,144700,146900,93000,58500,155000,72500,42100,116600,23300,53600,50600,2161201,1228800,0,0,0,0,0,
000059.SZ,000059,20251209,93130000,51400,1200,6168,253,0,,,335300,1725622,51600,51300,51500,51300,51400,51500,51600,51700,51800,51900,52000,52100,52200,52300,47100,21400,56200,66500,85900,121801,206200,130800,81900,87500,51300,51200,51100,51000,50900,50800,50700,50600,50500,50400,136700,144700,146900,93600,58500,155000,72500,42100,116600,23300,53600,50600,2160001,1228200,0,0,0,0,0,
000059.SZ,000059,20251209,93133000,51400,0,0,253,0,,,335300,1725622,51600,51300,51500,51300,51400,51500,51600,51700,51800,51900,52000,52100,52200,52300,49300,19900,56200,66500,85900,121801,206200,130800,81900,87500,51300,51200,51100,51000,50900,50800,50700,50600,50500,50400,136700,144700,146900,93600,58500,155000,72500,42100,116600,23300,53600,50600,2160701,1230700,0,0,0,0,0,
000059.SZ,000059,20251209,93136000,51400,5100,26207,256,0,,,340400,1751829,51600,51300,51500,51300,51400,51500,51600,51700,51800,51900,52000,52100,52200,52300,45100,19900,56200,66500,85900,121801,206200,130800,81900,87500,51300,51200,51100,51000,50900,50800,50700,50600,50500,50400,146000,144700,146900,93600,58500,155000,72500,42100,116600,23300,53600,50600,2158501,1240000,0,0,0,0,0,
000059.SZ,000059,20251209,93139000,51400,16200,83265,280,0,,,356600,1835094,51600,51300,51500,51300,51400,51500,51600,51700,51800,51900,52000,52100,52200,52300,28800,19900,56200,66500,85900,121801,206200,130800,81900,87500,51300,51200,51100,51000,50900,50800,50700,50600,50500,50400,176600,144700,146900,93600,58500,155000,72500,42100,117600,23300,53600,50600,2142201,1272600,0,0,0,0,0,
000059.SZ,000059,20251209,93142000,51400,10800,55512,287,0,,,367400,1890606,51600,51300,51500,51300,51400,51500,51600,51700,51800,51900,52000,52100,52200,52300,20400,19900,56200,66500,85900,131801,206200,130800,81900,87500,51300,51200,51100,51000,50900,50800,50700,50600,50500,50400,181800,144700,146900,93300,58500,155000,72500,42100,112900,23600,53600,50600,2143801,1273100,0,0,0,0,0,
000059.SZ,000059,20251209,93145000,51400,800,4112,289,0,,,368200,1894718,51600,51300,51500,51300,51400,51500,51600,51700,51800,51900,52000,52100,52200,52300,25100,19900,56200,66500,85900,131801,206200,130800,81900,87500,51300,51200,51100,51000,50900,50800,50700,50600,50500,50400,181800,144700,146900,93300,58500,155000,72500,42100,112900,23600,53600,50600,2148501,1273100,0,0,0,0,0,
000059.SZ,000059,20251209,93148000,51300,2500,12825,290,0,,,370700,1907543,51600,51300,51500,51300,51400,51500,51600,51700,51800,51900,52000,52100,52200,52300,30500,19900,56200,65500,85900,131801,206200,130800,81900,87500,51300,51200,51100,51000,50900,50800,50700,50600,50500,50400,179300,144700,146900,93300,58500,155000,72500,42100,112900,23600,53600,50600,2153301,1270600,0,0,0,0,0,
000059.SZ,000059,20251209,93151000,51400,200,1028,291,0,,,370900,1908571,51600,51300,51500,51300,51400,51500,51600,51700,51800,51900,52000,52100,52200,52300,33600,19900,56200,65500,85900,131801,206200,130800,81900,87500,51300,51200,51100,51000,50900,50800,50700,50600,50500,50400,179300,144700,146900,93300,58500,155000,72500,42100,112900,23600,53600,50600,2206401,1270600,0,0,0,0,0,
000059.SZ,000059,20251209,93154000,51300,300,1539,292,0,,,371200,1910110,51600,51300,51500,51300,51400,51500,51600,51700,51800,51900,52000,52100,52200,52300,33600,19900,56200,65500,85900,131801,206200,130800,81900,87500,51300,51200,51100,51000,50900,50800,50700,50600,50500,50400,179000,145900,146900,93300,58500,155000,72500,42100,112900,23600,53600,50600,2206401,1271500,0,0,0,0,0,
000059.SZ,000059,20251209,93157000,51300,0,0,292,0,,,371200,1910110,51600,51300,51500,51300,51400,51500,51600,51700,51800,51900,52000,52100,52200,52300,34100,19900,57200,65500,85900,131801,206200,150800,81900,87500,51300,51200,51100,51000,50900,50800,50700,50600,50500,50400,179000,145900,146900,93300,58500,155000,72500,72100,112900,23600,53600,50600,2230001,1301500,0,0,0,0,0,
000059.SZ,000059,20251209,93200000,51400,600,3084,293,0,,,371800,1913194,51600,51300,51500,51300,51400,51500,51600,51700,51800,51900,52000,52100,52200,52300,44800,19900,57200,65500,85900,131801,206200,150800,81900,87500,51300,51200,51100,51000,50900,50800,50700,50600,50500,50400,184900,143400,146900,93300,58500,155000,72500,72100,112900,23600,53600,50600,2240701,1304900,0,0,0,0,0,
000059.SZ,000059,20251209,93203000,51400,0,0,293,0,,,371800,1913194,51600,51300,51500,51300,51400,51500,51600,51700,51800,51900,52000,52100,52200,52300,47600,19900,57200,65500,85900,131801,201200,150800,81900,87500,51300,51200,51100,51000,50900,50800,50700,50600,50500,50400,184900,143400,146900,93300,58500,155000,72500,72100,112900,23600,53600,50600,2238501,1304900,0,0,0,0,0,
000059.SZ,000059,20251209,93206000,51300,5200,26721,308,0,,,377000,1939915,51600,51300,51500,51300,51400,51500,51600,51700,51800,51900,52000,52100,52200,52300,45200,19900,57200,65500,85900,131801,201200,150800,81900,87500,51300,51200,51100,51000,50900,50800,50700,50600,50500,50400,190000,143400,146900,93300,58500,155000,72500,72100,112900,23600,53600,50700,2236101,1310000,0,0,0,0,0,
000059.SZ,000059,20251209,93209000,51400,2800,14392,316,0,,,379800,1954307,51600,51300,51500,51300,51400,51500,51600,51700,51800,51900,52000,52100,52200,52300,42400,19900,57200,65500,85900,131801,201200,150800,81900,87500,51300,51200,51100,51000,50900,50800,50700,50600,50500,50400,184200,143400,146900,93300,58900,155000,72500,72100,112900,23600,53600,50600,2233301,1304600,0,0,0,0,0,
000059.SZ,000059,20251209,93212000,51400,100,514,317,0,,,379900,1954821,51600,51300,51500,51300,51400,51500,51600,51700,51800,51900,52000,52100,52200,52300,44000,19900,57200,65500,85900,131801,201200,150800,81900,87500,51300,51200,51100,51000,50900,50800,50700,50600,50500,50400,184200,143400,146900,93300,58900,155000,72500,72100,112900,23600,53600,50600,2234901,1304600,0,0,0,0,0,
000059.SZ,000059,20251209,93215000,51300,5000,25652,324,0,,,384900,1980473,51600,51300,51500,51300,51400,51500,51600,51700,51800,51900,52000,52100,52200,52300,51300,19900,57200,65500,85900,131801,201200,170900,81900,87500,51300,51200,51100,51000,50900,50800,50700,50600,50500,50400,179400,143400,146900,93300,58900,155000,72500,72100,112900,23600,53600,50600,2262301,1299800,0,0,0,0,0,
000059.SZ,000059,20251209,93218000,51300,700,3593,329,0,,,385600,1984066,51600,51300,51500,51300,51400,51500,51600,51700,51800,51900,52000,52100,52200,52300,57600,19900,57200,65500,85900,131801,201200,170900,81900,87500,51300,51200,51100,51000,50900,50800,50700,50600,50500,50400,178900,143400,146900,93300,58900,155000,72500,72100,112900,23600,53600,50600,2272301,1299300,0,0,0,0,0,
000059.SZ,000059,20251209,93221000,51300,211900,1087006,425,0,,,597500,3071072,51600,51200,51500,51300,51300,51400,51500,51600,51700,51800,51900,52000,52100,52200,12500,59800,17200,57200,65500,85900,151801,201200,170900,81900,51200,51100,51000,50900,50800,50700,50600,50500,50400,50300,139300,146900,93300,58900,155000,72500,72100,112900,23500,37700,53600,50500,2305201,1116200,0,0,0,0,0,
000059.SZ,000059,20251209,93224000,51300,300,1539,427,0,,,597800,3072611,51600,51200,51500,51300,51300,51400,51500,51600,51700,51800,51900,52000,52100,52200,46800,59800,17100,57200,65500,85900,151801,201200,170900,81900,51200,51100,51000,50900,50800,50700,50600,50500,50400,50300,159800,146900,93300,58900,155000,72500,72100,112900,23500,37700,53500,50600,2339401,1136700,0,0,0,0,0,
000059.SZ,000059,20251209,93227000,51300,2200,11286,431,0,,,600000,3083897,51600,51200,51500,51300,51300,51400,51500,51600,51700,51800,51900,52000,52100,52200,45700,59800,17100,57200,65500,85900,151801,201200,170900,81900,51200,51100,51000,50900,50800,50700,50600,50500,50400,50300,159800,146900,93300,58900,155000,72500,72100,112900,23500,37700,53500,50600,2338301,1136700,0,0,0,0,0,
000059.SZ,000059,20251209,93230000,51300,0,0,431,0,,,600000,3083897,51600,51200,51500,51300,51300,51400,51500,51600,51700,51800,51900,52000,52100,52200,45700,59800,17100,57200,65500,85900,151801,201200,170900,81900,51200,51100,51000,50900,50800,50700,50600,50500,50400,50300,159800,146900,98300,58900,155000,72500,72100,112900,23400,38100,53500,50600,2338301,1142000,0,0,0,0,0,
000059.SZ,000059,20251209,93233000,51300,800,4104,434,0,,,600800,3088001,51600,51200,51500,51300,51300,51400,51500,51600,51700,51800,51900,52000,52100,52200,45700,59000,17100,57200,65500,85900,151801,201200,170900,81900,51200,51100,51000,50900,50800,50700,50600,50500,50400,50300,159800,146900,98800,58900,155000,72500,72100,112900,23400,38100,53500,50600,2337501,1142500,0,0,0,0,0,
000059.SZ,000059,20251209,93236000,51300,8500,43605,451,0,,,609300,3131606,51600,51200,51500,51300,51300,51400,51500,51600,51700,51800,51900,52000,52100,52200,37500,59000,17100,57200,65500,85900,151801,201200,170900,81900,51200,51100,51000,50900,50800,50700,50600,50500,50400,50300,165700,146900,98800,58900,155000,72500,72100,112900,23400,38100,53500,50600,2329301,1148400,0,0,0,0,0,
000059.SZ,000059,20251209,93239000,51300,300,1539,452,0,,,609600,3133145,51600,51200,51500,51300,51300,51400,51500,51600,51700,51800,51900,52000,52100,52200,40100,59000,17100,57200,65500,85900,151801,201200,170900,81900,51200,51100,51000,50900,50800,50700,50600,50500,50400,50300,174700,146900,98800,58900,155000,72500,72100,112900,23400,38100,53500,50600,2332901,1157400,0,0,0,0,0,
000059.SZ,000059,20251209,93242000,51300,16500,84645,471,0,,,626100,3217790,51600,51200,51500,51300,51300,51400,51500,51600,51700,51800,51900,52000,52100,52200,23600,59000,17100,57200,65500,85900,151801,201200,170900,81900,51200,51100,51000,50900,50800,50700,50600,50500,50400,50300,159800,146900,98800,58900,155000,72500,72100,112900,23400,38100,53600,50600,2320101,1142500,0,0,0,0,0,
000059.SZ,000059,20251209,93245000,51300,13400,68742,477,0,,,639500,3286532,51600,51200,51500,51300,51300,51400,51500,51600,51700,51800,51900,52000,52100,52200,14800,59000,17100,57200,65500,85900,151801,211200,170900,81900,51200,51100,51000,50900,50800,50700,50600,50500,50400,50300,164200,146900,98800,58900,155000,72500,72100,112900,23400,38100,53600,50600,2321301,1146900,0,0,0,0,0,
000059.SZ,000059,20251209,93248000,51300,22800,116958,514,0,,,662300,3403490,51600,51200,51500,51300,51400,51500,51600,51700,51800,51900,52000,52100,52200,52300,53200,17100,57200,65500,85900,151801,211200,170900,81900,87500,51300,51200,51100,51000,50900,50800,50700,50600,50500,50400,3600,167400,146900,99200,58900,155000,72500,72100,112900,23400,53600,50600,2301701,1154100,0,0,0,0,0,
000059.SZ,000059,20251209,93251000,51400,100,514,515,0,,,662400,3404004,51600,51200,51500,51300,51400,51500,51600,51700,51800,51900,52000,52100,52200,52300,53400,17100,57200,65500,85900,151801,211200,170900,81900,87500,51300,51200,51100,51000,50900,50800,50700,50600,50500,50400,43300,167400,146900,99200,58900,165000,72500,72100,112900,23400,53600,50600,2301901,1203800,0,0,0,0,0,
000059.SZ,000059,20251209,93254000,51300,2000,10260,520,0,,,664400,3414264,51600,51200,51500,51300,51400,51500,51600,51700,51800,51900,52000,52100,52200,52300,51600,15600,57200,65500,85900,151801,211200,170900,81900,87500,51300,51200,51100,51000,50900,50800,50700,50600,50500,50400,56000,166000,146900,99200,58900,165000,72500,72100,112900,23300,53600,50600,2298601,1215000,0,0,0,0,0,
000059.SZ,000059,20251209,93257000,51300,0,0,520,0,,,664400,3414264,51600,51200,51500,51300,51400,51500,51600,51700,51800,51900,52000,52100,52200,52300,54700,15600,57200,65500,85900,151801,211200,170900,81900,87500,51300,51200,51100,51000,50900,50800,50700,50600,50500,50400,61400,166000,146900,99200,58900,165000,72500,72100,112900,23300,53600,50600,2302701,1220400,0,0,0,0,0,
000059.SZ,000059,20251209,93300000,51300,0,0,520,0,,,664400,3414264,51600,51200,51500,51300,51400,51500,51600,51700,51800,51900,52000,52100,52200,52300,57300,15600,57200,65500,85900,151801,211200,170900,81900,87500,51300,51200,51100,51000,50900,50800,50700,50600,50500,50400,67500,166000,146900,99200,59900,165000,72500,72100,112900,23300,53600,50600,2305301,1227500,0,0,0,0,0,
000059.SZ,000059,20251209,93303000,51300,200,1026,521,0,,,664600,3415290,51600,51200,51500,51300,51400,51500,51600,51700,51800,51900,52000,52100,52200,52300,60100,15600,57200,65500,85900,151801,211200,170900,81900,87500,51300,51200,51100,51000,50900,50800,50700,50600,50500,50400,70800,166000,146900,99200,59900,165000,72500,72100,112900,23300,53600,50600,2309101,1230800,0,0,0,0,0,
000059.SZ,000059,20251209,93306000,51300,100,513,522,0,,,664700,3415803,51600,51200,51500,51300,51400,51500,51600,51700,51800,51900,52000,52100,52200,52300,62500,15600,57200,65500,85900,151801,211200,170900,81900,87500,51300,51200,51100,51000,50900,50800,50700,50600,50500,50400,68200,175000,146900,104200,59900,165000,72500,72100,112900,23300,53600,50600,2312901,1242200,0,0,0,0,0,
000059.SZ,000059,20251209,93309000,51300,0,0,522,0,,,664700,3415803,51600,51200,51500,51300,51400,51500,51600,51700,51800,51900,52000,52100,52200,52300,62500,15600,57200,65500,85900,151801,211200,170900,81900,87500,51300,51200,51100,51000,50900,50800,50700,50600,50500,50400,69100,175000,146900,104200,59900,165000,72500,72100,112900,23300,53600,50600,2312901,1243100,0,0,0,0,0,
000059.SZ,000059,20251209,93312000,51300,0,0,522,0,,,664700,3415803,51600,51200,51500,51300,51400,51500,51600,51700,51800,51900,52000,52100,52200,52300,62500,15600,57200,65500,85900,151801,211200,170900,81900,87500,51300,51200,51100,51000,50900,50800,50700,50600,50500,50400,71500,175600,146900,104200,62900,165000,72500,72100,112900,23300,53600,50600,2314901,1249100,0,0,0,0,0,
000059.SZ,000059,20251209,93315000,51300,0,0,522,0,,,664700,3415803,51600,51200,51500,51300,51400,51500,51600,51700,51800,51900,52000,52100,52200,52300,62500,21600,57200,65500,85900,141801,211200,170900,81900,87500,51300,51200,51100,51000,50900,50800,50700,50600,50500,50400,72200,175600,146900,104200,62900,165000,72500,72100,112900,23300,53600,50600,2310901,1249800,0,0,0,0,0,
000059.SZ,000059,20251209,93318000,51300,100,513,523,0,,,664800,3416316,51600,51200,51500,51300,51400,51500,51600,51700,51800,51900,52000,52100,52200,52300,62500,21600,57200,65500,85900,141801,211200,170900,81900,87500,51300,51200,51100,51000,50900,50800,50700,50600,50500,50400,72100,175600,146900,104200,62900,165000,72500,72100,112900,23300,53600,50600,2310901,1249700,0,0,0,0,0,
000059.SZ,000059,20251209,93321000,51400,1400,7196,525,0,,,666200,3423512,51600,51200,51500,51300,51400,51500,51600,51700,51800,51900,52000,52100,52200,52300,64100,21600,57200,65500,85900,163901,211200,170900,81900,87500,51300,51200,51100,51000,50900,50800,50700,50600,50500,50400,73300,175600,146900,104200,62900,165000,72500,72100,112900,23300,53600,50600,2334601,1250900,0,0,0,0,0,
000059.SZ,000059,20251209,93324000,51400,0,0,525,0,,,666200,3423512,51600,51200,51500,51300,51400,51500,51600,51700,51800,51900,52000,52100,52200,52300,64100,38700,57200,65500,85900,163901,211200,170900,81000,87500,51300,51200,51100,51000,50900,50800,50700,50600,50500,50400,75200,175600,146900,104200,62900,165000,72500,72100,112900,23300,53500,50600,2350801,1252800,0,0,0,0,0,
000059.SZ,000059,20251209,93327000,51400,0,0,525,0,,,666200,3423512,51600,51200,51500,51300,51400,51500,51600,51700,51800,51900,52000,52100,52200,52300,64600,38700,57200,65500,85900,163901,211200,170900,81000,87500,51300,51200,51100,51000,50900,50800,50700,50600,50500,50400,75200,175600,146900,104200,62900,165000,72500,72100,112900,23300,53500,50600,2351301,1252800,0,0,0,0,0,
000059.SZ,000059,20251209,93330000,51400,0,0,525,0,,,666200,3423512,51600,51200,51500,51300,51400,51500,51600,51700,51800,51900,52000,52100,52200,52300,61900,38700,57200,65500,85900,163901,211200,170900,81000,87500,51300,51200,51100,51000,50900,50800,50700,50600,50500,50400,76200,175600,146900,104200,64900,165000,72500,72100,112900,23300,53600,50600,2348601,1255800,0,0,0,0,0,
000059.SZ,000059,20251209,93333000,51300,300,1539,526,0,,,666500,3425051,51600,51200,51500,51300,51400,51500,51600,51700,51800,51900,52000,52100,52200,52300,62000,38700,77200,65500,85900,163901,211200,170900,81000,87500,51300,51200,51100,51000,50900,50800,50700,50600,50500,50400,75900,175600,146900,104200,64900,170000,72500,72100,112900,23300,53500,50600,2368701,1260500,0,0,0,0,0,
000059.SZ,000059,20251209,93336000,51300,100,513,527,0,,,666600,3425564,51600,51200,51500,51300,51400,51500,51600,51700,51800,51900,52000,52100,52200,52300,63000,38700,77200,65500,85900,163901,211200,170900,81000,87500,51300,51200,51100,51000,50900,50800,50700,50600,50500,50400,75800,175600,146900,104200,64900,170000,72500,72100,112900,23300,53500,50600,2369701,1260400,0,0,0,0,0,
000059.SZ,000059,20251209,93342000,51300,200,1026,529,0,,,666800,3426590,51600,51200,51500,51300,51400,51500,51600,51700,51800,51900,52000,52100,52200,52300,63000,38700,77200,85500,85900,163901,211200,170900,81000,87500,51300,51200,51100,51000,50900,50800,50700,50600,50500,50400,75600,175600,146900,104200,64900,170000,72500,72100,112900,23300,53500,50600,2389701,1260200,0,0,0,0,0,
000059.SZ,000059,20251209,93345000,51300,0,0,529,0,,,666800,3426590,51600,51200,51500,51300,51400,51500,51600,51700,51800,51900,52000,52100,52200,52300,63400,38700,77200,85500,86900,163901,211200,170900,81000,87500,51300,51200,51100,51000,50900,50800,50700,50600,50500,50400,76800,175600,146900,104200,64900,170000,72500,72100,112900,23300,53500,50600,2392601,1261400,0,0,0,0,0,
000059.SZ,000059,20251209,93348000,51400,1000,5140,536,0,,,667800,3431730,51600,51200,51500,51300,51400,51500,51600,51700,51800,51900,52000,52100,52200,52300,63000,41500,77200,85500,86900,163901,211200,170900,81000,87500,51300,51200,51100,51000,50900,50800,50700,50600,50500,50400,76800,175600,146900,104200,64900,170000,72500,72100,112900,23300,53500,50600,2395001,1261400,0,0,0,0,0,
000059.SZ,000059,20251209,93351000,51300,800,4104,538,0,,,668600,3435834,51600,51200,51500,51300,51400,51500,51600,51700,51800,51900,52000,52100,52200,52300,60500,41500,77200,85500,106900,163901,211200,170900,81000,87500,51300,51200,51100,51000,50900,50800,50700,50600,50500,50400,77400,175600,146900,104200,64900,170000,72500,72100,112900,23300,53500,50600,2413501,1263000,0,0,0,0,0,
000059.SZ,000059,20251209,93354000,51300,0,0,538,0,,,668600,3435834,51600,51200,51500,51300,51400,51500,51600,51700,51800,51900,52000,52100,52200,52300,60500,42000,77200,85500,105900,163901,211200,170900,81000,87500,51300,51200,51100,51000,50900,50800,50700,50600,50500,50400,77400,175600,146900,104200,64900,171000,72500,72100,112900,23300,53500,50600,2413001,1264000,0,0,0,0,0,
000059.SZ,000059,20251209,93357000,51300,1400,7182,544,0,,,670000,3443016,51600,51200,51500,51300,51400,51500,51600,51700,51800,51900,52000,52100,52200,52300,61800,42000,77200,85500,102900,163901,211200,170900,81000,87500,51300,51200,51100,51000,50900,50800,50700,50600,50500,50400,78200,175600,146900,104200,64900,171000,72500,72100,112900,23300,53500,50600,2411301,1264800,0,0,0,0,0,
000059.SZ,000059,20251209,93400000,51300,0,0,544,0,,,670000,3443016,51600,51200,51500,51300,51400,51500,51600,51700,51800,51900,52000,52100,52200,52300,70900,42000,77200,85500,102900,163901,211200,170900,81000,87500,51300,51200,51100,51000,50900,50800,50700,50600,50500,50400,81100,175600,146900,104200,64900,171000,72500,72100,112900,23300,53500,50600,2420401,1267700,0,0,0,0,0,
000059.SZ,000059,20251209,93403000,51400,700,3595,549,0,,,670700,3446611,51600,51200,51500,51300,51400,51500,51600,51700,51800,51900,52000,52100,52200,52300,80300,42000,77200,85500,102900,163901,211200,170900,81000,87500,51300,51200,51100,51000,50900,50800,50700,50600,50500,50400,74500,175600,146900,104200,64900,171000,72500,72100,112900,23300,53500,50600,2429801,1261100,0,0,0,0,0,
000059.SZ,000059,20251209,93406000,51300,2100,10773,555,0,,,672800,3457384,51600,51200,51500,51300,51400,51500,51600,51700,51800,51900,52000,52100,52200,52300,75500,42000,77200,85500,102900,163901,212200,170900,81000,87500,51300,51200,51100,51000,50900,50800,50700,50600,50500,50400,83400,175600,146900,104200,64900,171000,72500,72100,112900,23300,53500,50600,2426001,1270000,0,0,0,0,0,
000059.SZ,000059,20251209,93409000,51300,0,0,555,0,,,672800,3457384,51600,51200,51500,51300,51400,51500,51600,51700,51800,51900,52000,52100,52200,52300,56600,42000,77200,85500,102900,163901,212200,170900,81000,87500,51300,51200,51100,51000,50900,50800,50700,50600,50500,50400,102500,175600,146900,103800,64900,171000,72500,72100,112900,23300,53500,50600,2407101,1288700,0,0,0,0,0,
000059.SZ,000059,20251209,93412000,51400,2600,13364,558,0,,,675400,3470748,51600,51200,51500,51300,51400,51500,51600,51700,51800,51900,52000,52100,52200,52300,57100,42000,77200,85500,102900,163901,212200,170900,81000,87500,51300,51200,51100,51000,50900,50800,50700,50600,50500,50400,119800,174100,146900,103800,64900,171000,72500,72100,112900,23300,53500,50600,2407601,1304500,0,0,0,0,0,
000059.SZ,000059,20251209,93415000,51300,100,513,559,0,,,675500,3471261,51600,51200,51500,51300,51400,51500,51600,51700,51800,51900,52000,52100,52200,52300,57300,42000,77200,95500,102900,163901,178800,170900,81000,87500,51300,51200,51100,51000,50900,50800,50700,50600,50500,50400,119800,174100,146900,100400,64900,173400,72500,72100,112900,23300,53500,50600,2384401,1303500,0,0,0,0,0,
000059.SZ,000059,20251209,93418000,51300,0,0,559,0,,,675500,3471261,51600,51200,51500,51300,51400,51500,51600,51700,51800,51900,52000,52100,52200,52300,57500,42000,77200,95500,102900,163901,178800,170900,81000,87500,51300,51200,51100,51000,50900,50800,50700,50600,50500,50400,120200,174100,146900,100400,64900,173400,72500,72100,112900,23300,53500,50600,2384601,1304900,0,0,0,0,0,
000059.SZ,000059,20251209,93421000,51300,0,0,559,0,,,675500,3471261,51600,51200,51500,51300,51400,51500,51600,51700,51800,51900,52000,52100,52200,52300,61600,42000,80200,95500,102900,163901,178800,170900,81000,87500,51300,51200,51100,51000,50900,50800,50700,50600,50500,50400,140800,174100,146900,100400,64900,173400,72500,72100,112900,23300,53500,50600,2391701,1325500,0,0,0,0,0,
000059.SZ,000059,20251209,93424000,51300,30000,154087,604,0,,,705500,3625348,51600,51200,51500,51300,51400,51500,51600,51700,51800,51900,52000,52100,52200,52300,39400,42000,80200,95500,105900,163901,178800,170900,81000,87500,51300,51200,51100,51000,50900,50800,50700,50600,50500,50400,134700,174100,146900,102400,64900,173400,72500,72100,112900,23300,53500,50600,2372501,1321900,0,0,0,0,0,
000059.SZ,000059,20251209,93427000,51400,400,2055,606,0,,,705900,3627403,51600,51200,51500,51300,51400,51500,51600,51700,51800,51900,52000,52100,52200,52300,39200,42000,80200,62100,105900,163901,178800,170900,81000,87500,51300,51200,51100,51000,50900,50800,50700,50600,50500,50400,135600,184100,146900,102400,64900,173400,72500,72100,112900,23300,53600,50600,2338901,1332800,0,0,0,0,0,
000059.SZ,000059,20251209,93430000,51400,0,0,606,0,,,705900,3627403,51600,51200,51500,51300,51400,51500,51600,51700,51800,51900,52000,52100,52200,52300,39500,42000,80200,62100,105900,163901,178800,170900,81000,87500,51300,51200,51100,51000,50900,50800,50700,50600,50500,50400,137600,184100,146900,102400,64900,173400,72500,72100,112900,23300,53600,50600,2342501,1334800,0,0,0,0,0,
000059.SZ,000059,20251209,93433000,51400,5400,27756,615,0,,,711300,3655159,51600,51200,51500,51300,51400,51500,51600,51700,51800,51900,52000,52100,52200,52300,34500,42000,77200,62100,105900,163901,178800,170900,81000,87500,51300,51200,51100,51000,50900,50800,50700,50600,50500,50400,137800,184100,146900,102400,64900,173400,72500,72100,112900,23300,53600,50600,2334501,1335000,0,0,0,0,0,
000059.SZ,000059,20251209,93436000,51300,1900,9747,616,0,,,713200,3664906,51600,51200,51500,51300,51400,51500,51600,51700,51800,51900,52000,52100,52200,52300,38100,42000,77200,62100,105900,163901,178800,170900,81000,87500,51300,51200,51100,51000,50900,50800,50700,50600,50500,50400,135900,184100,146900,102400,64900,173400,72500,72100,112900,23300,53600,50600,2338101,1333100,0,0,0,0,0,
000059.SZ,000059,20251209,93439000,51300,2100,10792,619,0,,,715300,3675698,51600,51200,51500,51300,51400,51500,51600,51700,51800,51900,52000,52100,52200,52300,36200,42500,77200,62100,105900,163901,178800,170900,81000,87500,51300,51200,51100,51000,50900,50800,50700,50600,50500,50400,133800,184100,146900,102400,64900,173400,72500,72100,112900,23300,53600,50600,2336701,1331000,0,0,0,0,0,
000059.SZ,000059,20251209,93442000,51300,900,4617,620,0,,,716200,3680315,51600,51200,51500,51300,51400,51500,51600,51700,51800,51900,52000,52100,52200,52300,38200,45500,77200,62100,105900,163901,178800,170900,81000,87500,51300,51200,51100,51000,50900,50800,50700,50600,50500,50400,132900,156600,146900,102400,64900,173400,72500,72100,112900,23300,53600,50600,2341701,1302600,0,0,0,0,0,
000059.SZ,000059,20251209,93445000,51300,0,0,620,0,,,716200,3680315,51600,51200,51500,51300,51400,51500,51600,51700,51800,51900,52000,52100,52200,52300,34500,45500,77200,62100,105900,163901,178800,170900,81000,87500,51300,51200,51100,51000,50900,50800,50700,50600,50500,50400,133100,156600,146900,102400,64900,173400,72500,72100,112900,23300,53600,50600,2338001,1302800,0,0,0,0,0,
000059.SZ,000059,20251209,93448000,51300,5400,27702,623,0,,,721600,3708017,51600,51200,51500,51300,51400,51500,51600,51700,51800,51900,52000,52100,52200,52300,30500,45500,77200,62100,105900,163901,178800,170900,81000,87500,51300,51200,51100,51000,50900,50800,50700,50600,50500,50400,151200,156600,146900,105400,64900,173400,72500,72100,112900,23300,53600,50600,2334001,1323900,0,0,0,0,0,
000059.SZ,000059,20251209,93451000,51300,9300,47740,634,0,,,730900,3755757,51600,51200,51500,51300,51400,51500,51600,51700,51800,51900,52000,52100,52200,52300,34300,45500,77200,62100,105900,163901,178800,170900,81000,87500,51300,51200,51100,51000,50900,50800,50700,50600,50500,50400,150700,160900,146900,105400,64900,173400,72500,72100,112900,23300,53600,50600,2337801,1327700,0,0,0,0,0,
000059.SZ,000059,20251209,93454000,51300,0,0,634,0,,,730900,3755757,51600,51200,51500,51300,51400,51500,51600,51700,51800,51900,52000,52100,52200,52300,35500,45500,77200,62100,105900,163901,179300,170900,81000,87500,51300,51200,51100,51000,50900,50800,50700,50600,50500,50400,150700,197500,146900,105400,64900,173400,72500,72100,112900,23300,53600,50700,2339501,1364300,0,0,0,0,0,
000059.SZ,000059,20251209,93457000,51300,1500,7695,637,0,,,732400,3763452,51600,51200,51500,51300,51400,51500,51600,51700,51800,51900,52000,52100,52200,52300,35900,45500,77200,62100,105900,163901,179300,170900,81000,87500,51300,51200,51100,51000,50900,50800,50700,50600,50500,50400,149200,197500,146900,105400,64900,173400,72500,72100,112900,23300,53600,50700,2339901,1362800,0,0,0,0,0,
000059.SZ,000059,20251209,93500000,51300,0,0,637,0,,,732400,3763452,51600,51200,51500,51300,51400,51500,51600,51700,51800,51900,52000,52100,52200,52300,37100,68500,77200,62100,105900,163901,179300,170900,81000,87500,51300,51200,51100,51000,50900,50800,50700,50600,50500,50400,154200,197500,146900,105400,64900,173400,72500,72100,112900,23300,53500,50700,2364101,1367800,0,0,0,0,0,
000059.SZ,000059,20251209,93503000,51300,0,0,637,0,,,732400,3763452,51600,51200,51500,51300,51400,51500,51600,51700,51800,51900,52000,52100,52200,52300,45800,68500,77200,62100,105900,163901,179300,170900,81000,87500,51300,51200,51100,51000,50900,50800,50700,50600,50500,50400,153100,197500,146900,105400,64900,173400,72500,72100,112900,23300,53500,50700,2381801,1366700,0,0,0,0,0,
000059.SZ,000059,20251209,93506000,51400,5300,27241,653,0,,,737700,3790693,51600,51200,51500,51300,51400,51500,51600,51700,51800,51900,52000,52100,52200,52300,36400,68500,77200,62100,105900,163901,179300,170900,81000,87500,51300,51200,51100,51000,50900,50800,50700,50600,50500,50400,152900,187500,146900,111400,64900,173400,72500,72100,112900,23800,53500,50700,2372401,1363000,0,0,0,0,0,
000059.SZ,000059,20251209,93509000,51300,100,513,654,0,,,737800,3791206,51600,51200,51500,51300,51400,51500,51600,51700,51800,51900,52000,52100,52200,52300,36800,68500,77200,62100,105900,163901,179300,170900,81000,87500,51300,51200,51100,51000,50900,50800,50700,50600,50500,50400,152800,187500,146900,111400,64900,173400,72500,72100,112900,23800,53500,50700,2372801,1362900,0,0,0,0,0,
000059.SZ,000059,20251209,93512000,51400,200,1028,656,0,,,738000,3792234,51600,51200,51500,51300,51400,51500,51600,51700,51800,51900,52000,52100,52200,52300,40100,68500,77200,62100,105900,163901,179300,170900,81000,87500,51300,51200,51100,51000,50900,50800,50700,50600,50500,50400,154700,187500,146900,121400,64900,173400,72500,72100,112900,23800,53500,50700,2376101,1375200,0,0,0,0,0,
000059.SZ,000059,20251209,93515000,51400,1100,5653,667,0,,,739100,3797887,51600,51200,51500,51300,51400,51500,51600,51700,51800,51900,52000,52100,52200,52300,39500,68100,77200,62100,105900,163901,179300,170900,81000,87500,51300,51200,51100,51000,50900,50800,50700,50600,50500,50400,165400,187500,146900,121400,64900,173400,72500,72100,112900,23800,53500,50700,2375101,1385900,0,0,0,0,0,
000059.SZ,000059,20251209,93518000,51400,0,0,667,0,,,739100,3797887,51600,51200,51500,51300,51400,51500,51600,51700,51800,51900,52000,52100,52200,52300,40000,68100,77200,62100,105900,163901,179300,170900,81000,87500,51300,51200,51100,51000,50900,50800,50700,50600,50500,50400,165400,187500,146900,124400,64900,173400,72500,72100,112900,23800,53500,50700,2375601,1388900,0,0,0,0,0,
000059.SZ,000059,20251209,93521000,51300,1900,9765,674,0,,,741000,3807652,51600,51200,51500,51300,51400,51500,51600,51700,51800,51900,52000,52100,52200,52300,38200,68100,77200,62100,105900,163901,179300,171300,81000,87500,51300,51200,51100,51000,50900,50800,50700,50600,50500,50400,171500,187500,151900,121400,64900,193400,72500,72100,112900,23800,53500,50700,2374201,1417000,0,0,0,0,0,
000059.SZ,000059,20251209,93524000,51400,200,1028,676,0,,,741200,3808680,51600,51200,51500,51300,51400,51500,51600,51700,51800,51900,52000,52100,52200,52300,41300,68100,77200,62100,105900,163901,179300,171300,81000,87500,51300,51200,51100,51000,50900,50800,50700,50600,50500,50400,169200,187500,151900,121400,64900,193400,72500,72100,112900,23800,53500,50700,2377301,1414700,0,0,0,0,0,
000059.SZ,000059,20251209,93527000,51400,0,0,676,0,,,741200,3808680,51600,51200,51500,51300,51400,51500,51600,51700,51800,51900,52000,52100,52200,52300,47000,68100,77200,62100,105900,163901,180200,171300,81000,87500,51300,51200,51100,51000,50900,50800,50700,50600,50500,50400,164300,187500,151900,121400,64900,193400,72500,72100,112900,23800,53500,50700,2383901,1409800,0,0,0,0,0,
000059.SZ,000059,20251209,93530000,51300,100,513,677,0,,,741300,3809193,51600,51200,51500,51300,51400,51500,51600,51700,51800,51900,52000,52100,52200,52300,49100,68100,77200,62100,105900,163901,180200,171300,81000,87500,51300,51200,51100,51000,50900,50800,50700,50600,50500,50400,158000,187500,151900,121400,64900,195400,72500,72100,112900,23800,53500,50700,2386001,1405500,0,0,0,0,0,
000059.SZ,000059,20251209,93533000,51400,49056,252148,749,0,,,790356,4061341,51600,51200,51500,51300,51500,51600,51700,51800,51900,52000,52100,52200,52300,52400,109600,77200,62100,105900,163901,180200,171300,81000,87500,94000,51400,51300,51200,51100,51000,50900,50800,50700,50600,50500,21744,160000,187500,151900,121400,64900,195400,72500,72100,112900,53500,50700,2384301,1429244,0,0,0,0,0,
000059.SZ,000059,20251209,93536000,51400,3700,19018,763,0,,,794056,4080359,51600,51200,51500,51300,51500,51600,51700,51800,51900,52000,52100,52200,52300,52400,111500,77200,62100,105900,163901,180200,171300,81000,87500,94000,51400,51300,51200,51100,51000,50900,50800,50700,50600,50500,8900,181900,187500,151900,121400,65900,195400,72500,72100,112900,53500,50700,2386201,1439300,0,0,0,0,0,
000059.SZ,000059,20251209,93539000,51400,700,3598,769,0,,,794756,4083957,51600,51200,51500,51300,51500,51600,51700,51800,51900,52000,52100,52200,52300,52400,114200,77200,62100,105900,163901,180200,171300,81000,87500,94000,51400,51300,51200,51100,51000,50900,50800,50700,50600,50500,10900,181900,188500,151900,121400,65900,195400,72500,72100,112900,53500,50700,2388901,1432300,0,0,0,0,0,
000059.SZ,000059,20251209,93542000,51400,0,0,769,0,,,794756,4083957,51600,51200,51500,51300,51500,51600,51700,51800,51900,52000,52100,52200,52300,52400,116400,77200,62100,105900,163901,180200,171300,81000,87500,94000,51400,51300,51200,51100,51000,50900,50800,50700,50600,50500,10900,181900,188500,151900,121400,65900,195400,72500,72100,112900,53500,50700,2431601,1432300,0,0,0,0,0,
000059.SZ,000059,20251209,93545000,51500,1900,9785,772,0,,,796656,4093742,51600,51200,51500,51300,51500,51600,51700,51800,51900,52000,52100,52200,52300,52400,118200,77200,62100,105900,163901,180200,171300,81000,87500,94000,51400,51300,51200,51100,51000,50900,50800,50700,50600,50500,11200,181100,187800,152900,121400,65900,195400,72500,72100,112900,53500,50700,2433401,1432100,0,0,0,0,0,
000059.SZ,000059,20251209,93548000,51500,0,0,772,0,,,796656,4093742,51600,51200,51500,51300,51500,51600,51700,51800,51900,52000,52100,52200,52300,52400,118500,77200,62100,105900,163901,180200,171300,81000,87500,94000,51400,51300,51200,51100,51000,50900,50800,50700,50600,50500,14600,181100,187800,152900,121400,65900,195400,72500,72100,112900,53500,50700,2433701,1435500,0,0,0,0,0,
000059.SZ,000059,20251209,93551000,51500,0,0,772,0,,,796656,4093742,51600,51200,51500,51300,51500,51600,51700,51800,51900,52000,52100,52200,52300,52400,118600,77200,62100,105900,163901,180200,171300,81000,87500,94000,51400,51300,51200,51100,51000,50900,50800,50700,50600,50500,14600,171100,188500,152900,121400,65900,195400,72500,72100,112900,53500,50700,2433801,1426200,0,0,0,0,0,
000059.SZ,000059,20251209,93554000,51500,0,0,772,0,,,796656,4093742,51600,51200,51500,51300,51500,51600,51700,51800,51900,52000,52100,52200,52300,52400,118600,77200,62100,105900,163901,180200,171300,81000,87500,94000,51400,51300,51200,51100,51000,50900,50800,50700,50600,50500,18100,191100,188500,152900,119400,65900,195400,72500,72100,112900,53500,50700,2433801,1447700,0,0,0,0,0,
000059.SZ,000059,20251209,93557000,51500,0,0,772,0,,,796656,4093742,51600,51200,51500,51300,51500,51600,51700,51800,51900,52000,52100,52200,52300,52400,118600,77200,62100,105900,163901,180200,171300,81000,87500,94000,51400,51300,51200,51100,51000,50900,50800,50700,50600,50500,19800,190400,188500,152900,119400,65900,195400,72500,72100,112900,53500,50700,2433801,1448700,0,0,0,0,0,
000059.SZ,000059,20251209,93600000,51500,0,0,772,0,,,796656,4093742,51600,51200,51500,51300,51500,51600,51700,51800,51900,52000,52100,52200,52300,52400,118600,77200,62100,105900,163901,180200,171300,81000,87500,94000,51400,51300,51200,51100,51000,50900,50800,50700,50600,50500,31900,190400,190500,152900,119400,65900,195400,72500,72100,112900,53500,50700,2433801,1462800,0,0,0,0,0,
000059.SZ,000059,20251209,93603000,51500,0,0,772,0,,,796656,4093742,51600,51200,51500,51300,51500,51600,51700,51800,51900,52000,52100,52200,52300,52400,120700,77200,62100,105900,163901,180200,171300,81000,87500,94000,51400,51300,51200,51100,51000,50900,50800,50700,50600,50500,36100,190300,190500,152900,119400,65900,195400,72500,72100,112900,53500,50700,2435901,1466900,0,0,0,0,0,
000059.SZ,000059,20251209,93606000,51500,2000,10300,774,0,,,798656,4104042,51600,51200,51500,51300,51500,51600,51700,51800,51900,52000,52100,52200,52300,52400,119100,82200,62100,105900,166901,180200,171300,81000,87500,94000,51400,51300,51200,51100,51000,50900,50800,50700,50600,50500,36200,189800,190500,152900,120400,65900,195400,72500,72100,112900,53500,50700,2442301,1467500,0,0,0,0,0,
000059.SZ,000059,20251209,93609000,51500,0,0,774,0,,,798656,4104042,51600,51200,51500,51300,51500,51600,51700,51800,51900,52000,52100,52200,52300,52400,121600,82200,62100,105900,166901,180200,171300,81000,87500,94000,51400,51300,51200,51100,51000,50900,50800,50700,50600,50500,36700,194400,190500,152900,121400,65900,195400,72500,72100,112900,53600,50700,2500801,1473600,0,0,0,0,0,
000059.SZ,000059,20251209,93612000,51400,700,3598,775,0,,,799356,4107640,51600,51200,51500,51300,51500,51600,51700,51800,51900,52000,52100,52200,52300,52400,85900,82200,62100,105900,166901,180200,171300,81000,87500,94000,51400,51300,51200,51100,51000,50900,50800,50700,50600,50500,61200,194400,190500,152900,121400,65900,195400,72500,72100,112900,53600,50700,2465101,1498100,0,0,0,0,0,
000059.SZ,000059,20251209,93615000,51400,0,0,775,0,,,799356,4107640,51600,51200,51500,51300,51500,51600,51700,51800,51900,52000,52100,52200,52300,52400,84700,82200,62100,105900,166901,180200,171300,81000,87500,94000,51400,51300,51200,51100,51000,50900,50800,50700,50600,50500,76000,193100,190500,152900,121400,65900,195400,72500,72100,112900,53600,50700,2463901,1511600,0,0,0,0,0,
000059.SZ,000059,20251209,93618000,51500,800,4120,776,0,,,800156,4111760,51600,51200,51500,51300,51500,51600,51700,51800,51900,52000,52100,52200,52300,52400,86900,82200,62100,105900,166901,180200,171300,81000,87500,94000,51400,51300,51200,51100,51000,50900,50800,50700,50600,50500,119300,193700,190500,152900,121400,65900,195400,72500,72100,112900,53600,50700,2468601,1555500,0,0,0,0,0,
000059.SZ,000059,20251209,93621000,51500,0,0,776,0,,,800156,4111760,51600,51200,51500,51300,51500,51600,51700,51800,51900,52000,52100,52200,52300,52400,86900,82200,62100,105900,166901,180200,171300,81000,87500,94000,51400,51300,51200,51100,51000,50900,50800,50700,50600,50500,131500,193700,190500,152900,121400,65900,195400,72500,72100,112900,53600,50700,2468901,1567700,0,0,0,0,0,
000059.SZ,000059,20251209,93624000,51400,600,3084,777,0,,,800756,4114844,51600,51200,51500,51300,51500,51600,51700,51800,51900,52000,52100,52200,52300,52400,82300,82200,62100,105900,166901,180200,171300,81000,87500,94000,51400,51300,51200,51100,51000,50900,50800,50700,50600,50500,130900,193700,190500,152900,121400,65900,195400,72500,72100,112900,53600,50700,2464301,1567100,0,0,0,0,0,
000059.SZ,000059,20251209,93627000,51400,2000,10280,778,0,,,802756,4125124,51600,51200,51500,51300,51500,51600,51700,51800,51900,52000,52100,52200,52300,52400,82300,82200,62100,105900,166901,180200,171300,81000,87500,94000,51400,51300,51200,51100,51000,50900,50800,50700,50600,50500,129600,193700,190500,152900,121400,65900,195400,72500,72100,112900,53600,50700,2464301,1565800,0,0,0,0,0,
000059.SZ,000059,20251209,93630000,51400,0,0,778,0,,,802756,4125124,51600,51200,51500,51300,51500,51600,51700,51800,51900,52000,52100,52200,52300,52400,85400,82200,62100,105900,166901,180200,171300,81000,87500,94000,51400,51300,51200,51100,51000,50900,50800,50700,50600,50500,159600,193700,190500,152900,121400,65900,195400,72500,72100,112900,53600,50800,2467401,1595800,0,0,0,0,0,
000059.SZ,000059,20251209,93633000,51400,0,0,778,0,,,802756,4125124,51600,51200,51500,51300,51500,51600,51700,51800,51900,52000,52100,52200,52300,52400,87400,82200,62100,105900,166901,180200,171300,81000,87500,94000,51400,51300,51200,51100,51000,50900,50800,50700,50600,50500,169900,193700,190500,152900,121400,65900,195400,72500,72100,112900,53600,50800,2469401,1607300,0,0,0,0,0,
000059.SZ,000059,20251209,93636000,51400,0,0,778,0,,,802756,4125124,51600,51200,51500,51300,51500,51600,51700,51800,51900,52000,52100,52200,52300,52400,87400,82200,62100,105900,166901,180200,171300,81000,87500,94000,51400,51300,51200,51100,51000,50900,50800,50700,50600,50500,170000,193700,190500,152900,121400,65900,195400,72500,72100,112900,53600,50800,2469401,1607400,0,0,0,0,0,
000059.SZ,000059,20251209,93639000,51400,2000,10280,780,0,,,804756,4135404,51600,51200,51500,51300,51500,51600,51700,51800,51900,52000,52100,52200,52300,52400,87400,82200,68100,105900,166901,180200,171300,81000,87500,94000,51400,51300,51200,51100,51000,50900,50800,50700,50600,50500,170800,194700,190500,152900,121400,65900,195400,72500,72100,112900,53600,50800,2475401,1609200,0,0,0,0,0,
000059.SZ,000059,20251209,93642000,51400,0,0,780,0,,,804756,4135404,51600,51200,51500,51300,51500,51600,51700,51800,51900,52000,52100,52200,52300,52400,87400,80200,68100,105900,166901,180200,171300,81000,87500,94000,51400,51300,51200,51100,51000,50900,50800,50700,50600,50500,170800,194700,190500,152900,121400,65900,195400,72500,72100,112900,53600,50800,2475401,1609200,0,0,0,0,0,
000059.SZ,000059,20251209,93645000,51400,0,0,780,0,,,804756,4135404,51600,51200,51500,51300,51500,51600,51700,51800,51900,52000,52100,52200,52300,52400,87600,80200,68100,105900,166901,180200,171300,81000,87500,94000,51400,51300,51200,51100,51000,50900,50800,50700,50600,50500,175000,194700,190500,152900,121400,65900,195400,72500,72100,112900,53600,50800,2475601,1614400,0,0,0,0,0,
000059.SZ,000059,20251209,93648000,51500,600,3090,781,0,,,805356,4138494,51600,51200,51500,51300,51500,51600,51700,51800,51900,52000,52100,52200,52300,52400,96600,80200,68100,105900,166901,180200,171300,81000,87500,94000,51400,51300,51200,51100,51000,50900,50800,50700,50600,50500,175000,194700,195500,152900,121400,65900,195400,72500,72100,112900,53600,50800,2484601,1619400,0,0,0,0,0,
000059.SZ,000059,20251209,93651000,51400,200,1028,782,0,,,805556,4139522,51600,51200,51500,51300,51500,51600,51700,51800,51900,52000,52100,52200,52300,52400,97300,80200,68100,105900,166901,180200,171300,81000,87500,94000,51400,51300,51200,51100,51000,50900,50800,50700,50600,50500,174800,194700,205500,152900,121400,65900,195400,72500,72100,112900,53600,50800,2487501,1629200,0,0,0,0,0,
000059.SZ,000059,20251209,93654000,51400,0,0,782,0,,,805556,4139522,51600,51200,51500,51300,51500,51600,51700,51800,51900,52000,52100,52200,52300,52400,117800,80200,68100,105900,166901,180200,171300,81000,87500,94000,51400,51300,51200,51100,51000,50900,50800,50700,50600,50500,151200,193600,205500,152900,121400,65900,195400,72500,72100,112900,53600,50800,2508001,1604500,0,0,0,0,0,
000059.SZ,000059,20251209,93657000,51400,0,0,782,0,,,805556,4139522,51600,51200,51500,51300,51500,51600,51700,51800,51900,52000,52100,52200,52300,52400,124700,80200,68100,105900,166901,180200,171300,81000,87500,94000,51400,51300,51200,51100,51000,50900,50800,50700,50600,50500,149600,193600,205500,152900,121400,65900,195400,72500,72100,119400,53600,50800,2519901,1609400,0,0,0,0,0,
000059.SZ,000059,20251209,93700000,51400,100,514,783,0,,,805656,4140036,51600,51200,51500,51300,51500,51600,51700,51800,51900,52000,52100,52200,52300,52400,138500,80200,68100,105900,166901,180200,171300,81000,87500,94000,51400,51300,51200,51100,51000,50900,50800,50700,50600,50500,149500,193600,205500,152900,121400,65900,197400,72500,72100,119400,53600,50800,2533701,1611300,0,0,0,0,0,
000059.SZ,000059,20251209,93703000,51400,3900,20054,792,0,,,809556,4160090,51600,51200,51500,51300,51500,51600,51700,51800,51900,52000,52100,52200,52300,52400,174900,80200,68100,105900,166901,180200,171300,81000,87500,94000,51400,51300,51200,51100,51000,50900,50800,50700,50600,50500,146400,193600,205500,152900,121400,65900,197400,72500,72100,119400,53500,50800,2570101,1608200,0,0,0,0,0,
000059.SZ,000059,20251209,93706000,51400,700,3598,798,0,,,810256,4163688,51600,51200,51500,51300,51500,51600,51700,51800,51900,52000,52100,52200,52300,52400,175600,80200,68100,105900,166901,180200,171300,81000,87500,94000,51400,51300,51200,51100,51000,50900,50800,50700,50600,50500,145700,193600,205500,152900,121400,65900,197400,72500,72100,119400,53500,50800,2570801,1607500,0,0,0,0,0,
000059.SZ,000059,20251209,93709000,51500,500,2575,799,0,,,810756,4166263,51600,51200,51500,51300,51500,51600,51700,51800,51900,52000,52100,52200,52300,52400,175800,80200,68100,105900,166901,180200,171300,81000,87500,94000,51400,51300,51200,51100,51000,50900,50800,50700,50600,50500,144800,193600,204300,152900,121400,65900,197400,72500,72100,119400,53500,50800,2571001,1605400,0,0,0,0,0,
000059.SZ,000059,20251209,93712000,51300,178400,916639,911,0,,,989156,5082902,51600,51200,51500,51300,51400,51500,51600,51700,51800,51900,52000,52100,52200,52300,129200,175400,80200,68100,105900,166901,180200,171300,81000,87500,51300,51200,51100,51000,50900,50800,50700,50600,50500,50400,127600,204300,152900,121400,65900,197400,72500,72100,119400,23800,53400,50700,2699801,1394200,0,0,0,0,0,
000059.SZ,000059,20251209,93715000,51300,0,0,911,0,,,989156,5082902,51600,51200,51500,51300,51400,51500,51600,51700,51800,51900,52000,52100,52200,52300,74000,175000,80200,68100,105900,166901,180200,171300,81000,87500,51300,51200,51100,51000,50900,50800,50700,50600,50500,50400,131900,204300,152900,121400,65900,197400,72500,72100,119400,23800,53500,50700,2644201,1398500,0,0,0,0,0,
000059.SZ,000059,20251209,93718000,51300,0,0,911,0,,,989156,5082902,51600,51200,51500,51300,51400,51500,51600,51700,51800,51900,52000,52100,52200,52300,53100,174900,84000,68100,105900,166901,180200,171300,83200,87500,51300,51200,51100,51000,50900,50800,50700,50600,50500,50400,131900,204300,152900,121400,65900,197400,72500,72100,119400,23800,53500,50700,2639201,1398500,0,0,0,0,0,
000059.SZ,000059,20251209,93721000,51300,1700,8721,912,0,,,990856,5091623,51600,51200,51500,51300,51400,51500,51600,51700,51800,51900,52000,52100,52200,52300,52900,174900,84000,68100,105900,166901,180200,171300,83200,87500,51300,51200,51100,51000,50900,50800,50700,50600,50500,50400,130200,204300,153400,121400,66400,197400,72500,72100,119400,23800,53500,50700,2641401,1397800,0,0,0,0,0,
000059.SZ,000059,20251209,93724000,51300,0,0,912,0,,,990856,5091623,51600,51200,51500,51300,51400,51500,51600,51700,51800,51900,52000,52100,52200,52300,54300,174800,84000,118200,105900,166901,180200,171300,83200,87500,51300,51200,51100,51000,50900,50800,50700,50600,50500,50400,130200,204300,153400,121400,66400,197400,72500,72100,119400,23800,53500,50700,2692801,1397800,0,0,0,0,0,
000059.SZ,000059,20251209,93727000,51400,1900,9759,919,0,,,992756,5101382,51600,51200,51500,51300,51400,51500,51600,51700,51800,51900,52000,52100,52200,52300,53100,173600,84000,118200,105900,166901,180200,171300,83200,87500,51300,51200,51100,51000,50900,50800,50700,50600,50500,50400,149600,204300,153400,121400,66400,197400,72500,72100,119400,23800,53500,50700,2690401,1417200,0,0,0,0,0,
000059.SZ,000059,20251209,93730000,51400,1000,5140,924,0,,,993756,5106522,51600,51200,51500,51300,51400,51500,51600,51700,51800,51900,52000,52100,52200,52300,52500,173600,84000,118200,105900,166901,180200,171300,83200,87500,51300,51200,51100,51000,50900,50800,50700,50600,50500,50400,149600,204300,153400,121400,66400,197400,72500,72100,119400,23800,53500,50700,2689801,1417200,0,0,0,0,0,
000059.SZ,000059,20251209,93733000,51400,600,3084,928,0,,,994356,5109606,51600,51200,51500,51300,51400,51500,51600,51700,51800,51900,52000,52100,52200,52300,54900,173600,84000,118200,105900,166901,180200,171300,83200,87500,51300,51200,51100,51000,50900,50800,50700,50600,50500,50400,151800,204300,153400,121400,66400,197400,72500,72100,119400,23800,53500,50700,2692201,1419400,0,0,0,0,0,
000059.SZ,000059,20251209,93736000,51400,0,0,928,0,,,994356,5109606,51600,51200,51500,51300,51400,51500,51600,51700,51800,51900,52000,52100,52200,52300,55000,173600,84000,118200,105900,166901,180200,171300,83200,87500,51300,51200,51100,51000,50900,50800,50700,50600,50500,50400,151800,204300,173400,121400,66400,197400,72500,72100,119400,23800,53500,50700,2696401,1439400,0,0,0,0,0,
000059.SZ,000059,20251209,93739000,51400,200,1028,929,0,,,994556,5110634,51600,51200,51500,51300,51400,51500,51600,51700,51800,51900,52000,52100,52200,52300,60700,173600,84000,112200,105900,166901,180200,171300,83200,87500,51300,51200,51100,51000,50900,50800,50700,50600,50500,50400,156800,204300,173400,121400,66400,197400,72500,72100,119400,23800,53500,50700,2696101,1444400,0,0,0,0,0,
000059.SZ,000059,20251209,93742000,51400,0,0,929,0,,,994556,5110634,51600,51200,51500,51300,51400,51500,51600,51700,51800,51900,52000,52100,52200,52300,63400,173600,84000,112200,105900,166901,180200,171300,83200,87500,51300,51200,51100,51000,50900,50800,50700,50600,50500,50400,157100,199300,173400,121400,66400,197400,72500,72100,119400,23800,53500,50700,2698801,1439700,0,0,0,0,0,
000059.SZ,000059,20251209,93745000,51400,0,0,929,0,,,994556,5110634,51600,51200,51500,51300,51400,51500,51600,51700,51800,51900,52000,52100,52200,52300,65500,173600,84000,112200,105900,166901,180200,171300,83200,87500,51300,51200,51100,51000,50900,50800,50700,50600,50500,50400,157600,209300,173400,121400,66400,197400,72500,72100,119400,23800,53500,50700,2700901,1450200,0,0,0,0,0,
000059.SZ,000059,20251209,93748000,51400,0,0,929,0,,,994556,5110634,51600,51200,51500,51300,51400,51500,51600,51700,51800,51900,52000,52100,52200,52300,55600,173600,84000,112200,105900,166901,180200,171300,83200,87500,51300,51200,51100,51000,50900,50800,50700,50600,50500,50400,174100,209300,173400,121400,66400,197400,72500,72100,119400,23800,53500,50700,2691001,1466700,0,0,0,0,0,
000059.SZ,000059,20251209,93751000,51400,0,0,929,0,,,994556,5110634,51600,51200,51500,51300,51400,51500,51600,51700,51800,51900,52000,52100,52200,52300,61900,173600,84000,112200,105900,166901,180200,171300,83200,87500,51300,51200,51100,51000,50900,50800,50700,50600,50500,50400,174700,209300,173400,121400,66400,197400,72500,72100,119400,23800,53500,50700,2697301,1467300,0,0,0,0,0,
000059.SZ,000059,20251209,93754000,51300,2300,11799,930,0,,,996856,5122433,51600,51200,51500,51300,51400,51500,51600,51700,51800,51900,52000,52100,52200,52300,64000,178500,84000,112200,105900,166901,180200,171300,83200,87500,51300,51200,51100,51000,50900,50800,50700,50600,50500,50400,172400,209300,173400,121400,66400,197400,72500,72100,119400,23800,53500,50700,2704301,1465000,0,0,0,0,0,
000059.SZ,000059,20251209,93757000,51300,1100,5643,933,0,,,997956,5128076,51600,51200,51500,51300,51400,51500,51600,51700,51800,51900,52000,52100,52200,52300,66800,178500,84000,112200,105900,166901,185200,171300,83200,87500,51300,51200,51100,51000,50900,50800,50700,50600,50500,50400,171300,209300,173400,121400,66400,197400,72500,72100,119400,23800,53500,50700,2712101,1463900,0,0,0,0,0,
000059.SZ,000059,20251209,93800000,51400,30300,155700,967,0,,,1028256,5283776,51600,51200,51500,51300,51400,51500,51600,51700,51800,51900,52000,52100,52200,52300,44700,178500,84000,112200,105900,166901,185200,171300,83200,87500,51300,51200,51100,51000,50900,50800,50700,50600,50500,50400,176500,209300,178400,121400,66400,197400,72500,72100,119400,23800,53500,50700,2690401,1474100,0,0,0,0,0,
000059.SZ,000059,20251209,93803000,51400,0,0,967,0,,,1028256,5283776,51600,51200,51500,51300,51400,51500,51600,51700,51800,51900,52000,52100,52200,52300,42300,178500,84000,112200,105900,166901,185200,171300,83200,87500,51300,51200,51100,51000,50900,50800,50700,50600,50500,50400,181500,209300,180400,121400,66400,197400,72500,72100,119400,23800,53500,50700,2688001,1481100,0,0,0,0,0,
000059.SZ,000059,20251209,93806000,51400,2000,10278,971,0,,,1030256,5294054,51600,51200,51500,51300,51400,51500,51600,51700,51800,51900,52000,52100,52200,52300,42900,178500,84000,112200,105900,166901,185200,171300,83200,87500,51300,51200,51100,51000,50900,50800,50700,50600,50500,50400,182600,209300,180400,121400,66400,197400,72500,72100,119400,23800,53500,50700,2688601,1482200,0,0,0,0,0,
000059.SZ,000059,20251209,93809000,51400,0,0,971,0,,,1030256,5294054,51600,51200,51500,51300,51400,51500,51600,51700,51800,51900,52000,52100,52200,52300,42500,178500,84000,112200,105900,166901,185200,171300,83200,87500,51300,51200,51100,51000,50900,50800,50700,50600,50500,50400,182600,209300,182400,121400,66400,197400,72500,72100,119400,23800,53500,50700,2688201,1484200,0,0,0,0,0,
000059.SZ,000059,20251209,93812000,51300,700,3591,972,0,,,1030956,5297645,51600,51200,51500,51300,51400,51500,51600,51700,51800,51900,52000,52100,52200,52300,42900,178500,84000,112200,105900,166901,185200,171300,83200,87500,51300,51200,51100,51000,50900,50800,50700,50600,50500,50400,181900,209300,182400,121400,66400,197400,72500,72100,119400,23800,53500,50700,2688601,1483500,0,0,0,0,0,
000059.SZ,000059,20251209,93815000,51300,0,0,972,0,,,1030956,5297645,51600,51200,51500,51300,51400,51500,51600,51700,51800,51900,52000,52100,52200,52300,44500,178500,85000,112200,105900,166901,185200,171300,83200,87500,51300,51200,51100,51000,50900,50800,50700,50600,50500,50400,185100,209300,182400,121400,66400,197400,72500,72100,119400,23800,53500,50700,2691201,1486700,0,0,0,0,0,
000059.SZ,000059,20251209,93818000,51300,1300,6669,973,0,,,1032256,5304314,51600,51200,51500,51300,51400,51500,51600,51700,51800,51900,52000,52100,52200,52300,46500,177700,85000,112200,105900,166901,185200,171300,83200,87500,51300,51200,51100,51000,50900,50800,50700,50600,50500,50400,175800,209300,182400,121400,66400,197400,72500,72100,119400,23800,53500,50700,2702401,1477400,0,0,0,0,0,
000059.SZ,000059,20251209,93821000,51300,69200,354996,1035,0,,,1101456,5659310,51600,51200,51500,51300,51400,51500,51600,51700,51800,51900,52000,52100,52200,52300,73800,132700,85000,112200,105900,166901,185200,171300,83200,87500,51300,51200,51100,51000,50900,50800,50700,50600,50500,50400,106900,209300,182400,121500,66400,197400,72500,72100,119400,23800,53500,50700,2684701,1408600,0,0,0,0,0,
000059.SZ,000059,20251209,93824000,51300,12500,64125,1063,0,,,1113956,5723435,51600,51200,51500,51300,51400,51500,51600,51700,51800,51900,52000,52100,52200,52300,74200,129700,85000,112200,105900,166901,185200,171300,83200,87500,51300,51200,51100,51000,50900,50800,50700,50600,50500,50400,96900,219300,182400,123000,66400,197400,72500,72100,119400,23800,53500,50700,2682101,1410100,0,0,0,0,0,
000059.SZ,000059,20251209,93827000,51300,1000,5130,1065,0,,,1114956,5728565,51600,51200,51500,51300,51400,51500,51600,51700,51800,51900,52000,52100,52200,52300,74200,129700,85000,112200,105900,166901,185200,171300,83200,87500,51300,51200,51100,51000,50900,50800,50700,50600,50500,50400,97500,219300,182400,122900,66400,197400,72500,72100,119400,23800,53500,50700,2692101,1411600,0,0,0,0,0,
000059.SZ,000059,20251209,93830000,51300,400,2052,1067,0,,,1115356,5730617,51600,51200,51500,51300,51400,51500,51600,51700,51800,51900,52000,52100,52200,52300,74200,129700,85000,112200,105900,166901,185200,171300,83200,87500,51300,51200,51100,51000,50900,50800,50700,50600,50500,50400,97100,219300,182400,122900,66400,197400,72500,72100,119400,23800,53500,50700,2694101,1411200,0,0,0,0,0,
000059.SZ,000059,20251209,93833000,51300,200,1026,1068,0,,,1115556,5731643,51600,51200,51500,51300,51400,51500,51600,51700,51800,51900,52000,52100,52200,52300,76800,129700,85000,112200,105900,166901,185200,171300,83200,87500,51300,51200,51100,51000,50900,50800,50700,50600,50500,50400,97400,219300,182400,122900,66400,197400,72500,72100,119400,23800,53500,50700,2701701,1411500,0,0,0,0,0,
000059.SZ,000059,20251209,93836000,51300,97400,499662,1120,0,,,1212956,6231305,51600,51200,51500,51300,51300,51400,51500,51600,51700,51800,51900,52000,52100,52200,26000,78000,128700,85000,112200,105900,166901,185200,171300,83200,51200,51100,51000,50900,50800,50700,50600,50500,50400,50300,234500,182400,122900,66400,197400,72500,72100,119400,23800,38100,53500,50600,2732901,1329300,0,0,0,0,0,
000059.SZ,000059,20251209,93839000,51200,200,1024,1121,0,,,1213156,6232329,51600,51200,51500,51300,51300,51400,51500,51600,51700,51800,51900,52000,52100,52200,30200,77100,125100,85000,112200,105900,166901,185200,171300,83200,51200,51100,51000,50900,50800,50700,50600,50500,50400,50300,234800,182400,122900,66400,197400,72500,72100,119400,23800,38100,53500,50600,2732601,1329600,0,0,0,0,0,
000059.SZ,000059,20251209,93842000,51300,900,4617,1122,0,,,1214056,6236946,51600,51200,51500,51300,51300,51400,51500,51600,51700,51800,51900,52000,52100,52200,41200,77000,125100,85000,112200,105900,166901,205200,171300,83200,51200,51100,51000,50900,50800,50700,50600,50500,50400,50300,219600,182400,122900,66400,197400,72500,72100,119400,23800,38100,53400,50600,2768501,1314400,0,0,0,0,0,
000059.SZ,000059,20251209,93845000,51300,12800,65664,1130,0,,,1226856,6302610,51600,51200,51500,51300,51300,51400,51500,51600,51700,51800,51900,52000,52100,52200,32900,75700,125100,85000,112200,105900,166901,205200,171300,83200,51200,51100,51000,50900,50800,50700,50600,50500,50400,50300,241800,182400,122900,66400,197400,72500,72100,119400,23800,38100,53400,50600,2758901,1336600,0,0,0,0,0,
000059.SZ,000059,20251209,93848000,51300,3000,15390,1136,0,,,1229856,6318000,51600,51200,51500,51300,51300,51400,51500,51600,51700,51800,51900,52000,52100,52200,31300,75700,123900,85000,112200,105900,166901,205200,171300,83200,51200,51100,51000,50900,50800,50700,50600,50500,50400,50300,243500,182400,122900,66400,197400,72500,72100,119400,23800,38100,53400,50600,2756101,1338300,0,0,0,0,0,
000059.SZ,000059,20251209,93851000,51300,23300,119529,1160,0,,,1253156,6437529,51600,51200,51500,51300,51300,51400,51500,51600,51700,51800,51900,52000,52100,52200,12400,75700,128500,85000,112200,105900,166901,205200,171300,83200,51200,51100,51000,50900,50800,50700,50600,50500,50400,50300,243600,182400,122900,66400,197400,72500,72100,119400,23800,38100,53500,50600,2751801,1338400,0,0,0,0,0,
000059.SZ,000059,20251209,93854000,51200,3900,19984,1164,0,,,1257056,6457513,51600,51200,51500,51300,51300,51400,51500,51600,51700,51800,51900,52000,52100,52200,12800,73500,128500,85000,112200,105900,166901,205200,171300,83200,51200,51100,51000,50900,50800,50700,50600,50500,50400,50300,241300,182400,122900,66400,197400,72500,72100,119400,23800,38100,53500,50600,2750001,1336100,0,0,0,0,0,
000059.SZ,000059,20251209,93857000,51200,2200,11264,1165,0,,,1259256,6468777,51600,51200,51500,51300,51300,51400,51500,51600,51700,51800,51900,52000,52100,52200,18700,73500,128500,84000,112200,105900,166901,205200,171300,83200,51200,51100,51000,50900,50800,50700,50600,50500,50400,50300,239100,182400,122900,66400,197400,72500,72100,119400,23800,38100,53500,50600,2764901,1333900,0,0,0,0,0,
000059.SZ,000059,20251209,93900000,51200,0,0,1165,0,,,1259256,6468777,51600,51200,51500,51300,51300,51400,51500,51600,51700,51800,51900,52000,52100,52200,23700,73500,123500,84000,112200,105900,166901,205200,171300,83200,51200,51100,51000,50900,50800,50700,50600,50500,50400,50300,239100,182400,122900,66400,197400,72500,72100,119400,23800,38100,53500,50600,2764901,1333900,0,0,0,0,0,
000059.SZ,000059,20251209,93903000,51200,700,3584,1166,0,,,1259956,6472361,51600,51200,51500,51300,51300,51400,51500,51600,51700,51800,51900,52000,52100,52200,31300,73500,123500,84000,112200,105900,166901,205200,171300,83200,51200,51100,51000,50900,50800,50700,50600,50500,50400,50300,238400,182400,122900,86400,197400,72500,72100,119400,23800,38100,53500,50600,2773901,1353200,0,0,0,0,0,
000059.SZ,000059,20251209,93906000,51300,1500,7687,1170,0,,,1261456,6480048,51600,51200,51500,51300,51300,51400,51500,51600,51700,51800,51900,52000,52100,52200,31700,72700,123500,84000,112200,105900,166901,205200,171300,83200,51200,51100,51000,50900,50800,50700,50600,50500,50400,50300,242600,182400,122900,86400,197400,72500,72100,119400,23800,38100,53500,50600,2773501,1357400,0,0,0,0,0,
000059.SZ,000059,20251209,93909000,51300,0,0,1170,0,,,1261456,6480048,51600,51200,51500,51300,51300,51400,51500,51600,51700,51800,51900,52000,52100,52200,33600,72700,123500,84000,112200,105900,166901,205200,171300,83200,51200,51100,51000,50900,50800,50700,50600,50500,50400,50300,243600,182400,122900,86400,197400,72500,72100,119400,23800,38100,53500,50600,2775401,1359400,0,0,0,0,0,
000059.SZ,000059,20251209,93912000,51300,0,0,1170,0,,,1261456,6480048,51600,51200,51500,51300,51300,51400,51500,51600,51700,51800,51900,52000,52100,52200,33900,72700,120000,84000,112200,105900,166901,205200,171300,83200,51200,51100,51000,50900,50800,50700,50600,50500,50400,50300,243600,182400,122900,86400,197400,72500,72100,119400,23800,38100,53500,50600,2772201,1359400,0,0,0,0,0,
000059.SZ,000059,20251209,93915000,51300,0,0,1170,0,,,1261456,6480048,51600,51200,51500,51300,51300,51400,51500,51600,51700,51800,51900,52000,52100,52200,33900,72700,120000,79000,112200,105900,166901,205200,171300,83200,51200,51100,51000,50900,50800,50700,50600,50500,50400,50300,243600,182400,122900,86400,207400,72500,72100,119400,23800,38100,53500,50600,2767201,1369400,0,0,0,0,0,
000059.SZ,000059,20251209,93918000,51200,1100,5642,1172,0,,,1262556,6485690,51600,51200,51500,51300,51300,51400,51500,51600,51700,51800,51900,52000,52100,52200,38900,72700,120000,79000,112200,105900,166901,205200,171300,83200,51200,51100,51000,50900,50800,50700,50600,50500,50400,50300,248900,187400,132900,86400,207400,72500,72100,119400,23800,38100,53500,50600,2772201,1389700,0,0,0,0,0,
000059.SZ,000059,20251209,93921000,51300,900,4617,1174,0,,,1263456,6490307,51600,51200,51500,51300,51300,51400,51500,51600,51700,51800,51900,52000,52100,52200,38000,72700,120000,79000,117200,105900,166901,205200,171300,83200,51200,51100,51000,50900,50800,50700,50600,50500,50400,50300,248900,187400,132900,86400,207400,72500,72100,119400,23800,38100,53500,50600,2776301,1389700,0,0,0,0,0,
000059.SZ,000059,20251209,93924000,51300,0,0,1174,0,,,1263456,6490307,51600,51200,51500,51300,51300,51400,51500,51600,51700,51800,51900,52000,52100,52200,38000,72700,120000,79000,117200,105900,166901,205200,171300,83200,51200,51100,51000,50900,50800,50700,50600,50500,50400,50300,248900,187400,126900,86400,207400,72500,72100,119400,23800,38100,53500,50600,2776301,1383700,0,0,0,0,0,
000059.SZ,000059,20251209,93927000,51300,0,0,1174,0,,,1263456,6490307,51600,51200,51500,51300,51300,51400,51500,51600,51700,51800,51900,52000,52100,52200,38000,72700,120000,79000,117200,105900,166901,205200,171300,83200,51200,51100,51000,50900,50800,50700,50600,50500,50400,50300,248900,187400,126900,86400,207400,72500,72600,119400,23800,38100,53500,50600,2776301,1384200,0,0,0,0,0,
000059.SZ,000059,20251209,93930000,51200,2200,11264,1175,0,,,1265656,6501571,51600,51200,51500,51300,51300,51400,51500,51600,51700,51800,51900,52000,52100,52200,38000,72700,120000,79000,117200,105900,166901,205200,171300,83200,51200,51100,51000,50900,50800,50700,50600,50500,50400,50300,253700,187400,126900,86400,207400,72500,72600,119400,23800,38100,53500,50600,2776301,1389000,0,0,0,0,0,
000059.SZ,000059,20251209,93933000,51300,7600,38984,1186,0,,,1273256,6540555,51600,51200,51500,51300,51300,51400,51500,51600,51700,51800,51900,52000,52100,52200,30500,72300,120000,79000,117200,105900,166901,205200,171300,83200,51200,51100,51000,50900,50800,50700,50600,50500,50400,50300,256700,187400,126900,86400,207400,72500,72600,119400,23800,38100,53500,50600,2768401,1392000,0,0,0,0,0,
000059.SZ,000059,20251209,93936000,51200,500,2561,1190,0,,,1273756,6543116,51600,51200,51500,51300,51300,51400,51500,51600,51700,51800,51900,52000,52100,52200,30800,66500,120000,79000,117200,105900,166901,205200,171300,83200,51200,51100,51000,50900,50800,50700,50600,50500,50400,50300,259300,187400,126900,86400,207400,72500,72600,119400,23800,38100,53500,50600,2762901,1394600,0,0,0,0,0,
000059.SZ,000059,20251209,93939000,51300,600,3074,1193,0,,,1274356,6546190,51600,51200,51500,51300,51300,51400,51500,51600,51700,51800,51900,52000,52100,52200,32100,66100,120000,79000,117200,105900,166901,205200,171300,83200,51200,51100,51000,50900,50800,50700,50600,50500,50400,50300,269900,187400,126900,86400,207400,72500,72600,119400,23800,38100,53500,50600,2763801,1405200,0,0,0,0,0,
000059.SZ,000059,20251209,93942000,51300,1400,7182,1196,0,,,1275756,6553372,51600,51200,51500,51300,51300,51400,51500,51600,51700,51800,51900,52000,52100,52200,29500,67900,119500,79000,117200,105900,166901,205200,171300,83200,51200,51100,51000,50900,50800,50700,50600,50500,50400,50300,270800,187400,126900,86400,207400,72500,72600,119400,23800,38100,53500,50600,2762501,1406100,0,0,0,0,0,
000059.SZ,000059,20251209,93945000,51200,10700,54784,1200,0,,,1286456,6608156,51600,51200,51500,51300,51300,51400,51500,51600,51700,51800,51900,52000,52100,52200,30000,67500,117100,79000,117200,105900,166901,205200,171300,83200,51200,51100,51000,50900,50800,50700,50600,50500,50400,50300,252100,187400,107900,86400,207400,72500,73600,119400,23800,38100,53500,50600,2760201,1369400,0,0,0,0,0,
000059.SZ,000059,20251209,93948000,51300,15700,80513,1213,0,,,1302156,6688669,51600,51200,51500,51300,51300,51400,51500,51600,51700,51800,51900,52000,52100,52200,29900,65500,115100,79000,117200,105900,166901,205200,171300,83200,51200,51100,51000,50900,50800,50700,50600,50500,50400,50300,251100,187400,107900,86400,213400,72500,73600,119400,23800,38100,53500,50600,2756101,1374400,0,0,0,0,0,
000059.SZ,000059,20251209,93951000,51200,6000,30720,1217,0,,,1308156,6719389,51600,51200,51500,51300,51300,51400,51500,51600,51700,51800,51900,52000,52100,52200,29900,63000,115100,79000,117200,105900,166901,205200,171300,83200,51200,51100,51000,50900,50800,50700,50600,50500,50400,50300,245100,187400,107900,91400,213400,72500,73600,119400,23800,38100,53500,50600,2753601,1373400,0,0,0,0,0,
000059.SZ,000059,20251209,93954000,51200,2500,12800,1219,0,,,1310656,6732189,51600,51200,51500,51300,51300,51400,51500,51600,51700,51800,51900,52000,52100,52200,29900,61600,110200,79000,117200,105900,166901,205200,171300,83200,51200,51100,51000,50900,50800,50700,50600,50500,50400,50300,266600,187400,107900,91400,213400,72500,76300,119400,23800,38100,53500,50600,2747301,1397600,0,0,0,0,0,
000059.SZ,000059,20251209,93957000,51200,7200,36864,1225,0,,,1317856,6769053,51600,51200,51500,51300,51300,51400,51500,51600,51700,51800,51900,52000,52100,52200,30200,61600,108600,79000,117200,105900,166901,205200,171300,83200,51200,51100,51000,50900,50800,50700,50600,50500,50400,50300,259700,187400,107900,91400,213400,72500,76300,119400,23800,38100,53500,50600,2746001,1390700,0,0,0,0,0,
000059.SZ,000059,20251209,94000000,51200,1700,8704,1229,0,,,1319556,6777757,51600,51200,51500,51300,51300,51400,51500,51600,51700,51800,51900,52000,52100,52200,32700,61600,104100,79000,117200,105900,166901,205200,171300,83200,51200,51100,51000,50900,50800,50700,50600,50500,50400,50300,258000,187400,107900,91400,213400,72500,78300,119400,23800,38100,53500,50600,2744001,1391000,0,0,0,0,0,
000059.SZ,000059,20251209,94003000,51200,4500,23040,1232,0,,,1324056,6800797,51600,51200,51500,51300,51300,51400,51500,51600,51700,51800,51900,52000,52100,52200,36500,60000,100600,79000,117200,105900,166901,205200,171300,83200,51200,51100,51000,50900,50800,50700,50600,50500,50400,50300,263500,187400,107900,91400,213400,72500,78300,119400,23800,38100,53500,50600,2743201,1396500,0,0,0,0,0,
000059.SZ,000059,20251209,94006000,51200,5100,26112,1237,0,,,1329156,6826909,51600,51200,51500,51300,51300,51400,51500,51600,51700,51800,51900,52000,52100,52200,37600,60000,100300,79000,117200,105900,166901,205200,171300,83200,51200,51100,51000,50900,50800,50700,50600,50500,50400,50300,258300,187400,107900,91400,213400,72500,78300,119400,23800,38100,53500,50600,2744001,1391300,0,0,0,0,0,
000059.SZ,000059,20251209,94009000,51200,300,1536,1238,0,,,1329456,6828445,51600,51200,51500,51300,51300,51400,51500,51600,51700,51800,51900,52000,52100,52200,37700,60000,100300,79000,117200,105900,166901,205200,171300,83200,51200,51100,51000,50900,50800,50700,50600,50500,50400,50300,275900,187400,107900,121400,213400,72500,78300,119400,23800,38100,53500,50600,2744101,1438900,0,0,0,0,0,
000059.SZ,000059,20251209,94012000,51200,0,0,1238,0,,,1329456,6828445,51600,51200,51500,51300,51300,51400,51500,51600,51700,51800,51900,52000,52100,52200,37700,60000,100300,79000,117200,105900,166901,205200,171300,83200,51200,51100,51000,50900,50800,50700,50600,50500,50400,50300,274000,187400,108900,121400,213400,72500,78300,119400,23800,38100,53500,50600,2744101,1438000,0,0,0,0,0,
000059.SZ,000059,20251209,94015000,51200,0,0,1238,0,,,1329456,6828445,51600,51200,51500,51300,51300,51400,51500,51600,51700,51800,51900,52000,52100,52200,37700,60000,100300,79000,117200,105900,166901,205200,171300,83200,51200,51100,51000,50900,50800,50700,50600,50500,50400,50300,274000,187400,108900,116400,213400,72500,78300,119400,23800,40100,53500,50600,2744101,1435000,0,0,0,0,0,
000059.SZ,000059,20251209,94018000,51200,0,0,1238,0,,,1329456,6828445,51600,51200,51500,51300,51300,51400,51500,51600,51700,51800,51900,52000,52100,52200,37700,60000,100300,79000,117200,105900,166901,205200,171300,83200,51200,51100,51000,50900,50800,50700,50600,50500,50400,50300,266600,187400,108900,116400,213400,72500,78300,119400,23800,40100,53500,50600,2744101,1427600,0,0,0,0,0,
000059.SZ,000059,20251209,94021000,51200,0,0,1238,0,,,1329456,6828445,51600,51200,51500,51300,51300,51400,51500,51600,51700,51800,51900,52000,52100,52200,37900,60000,100300,79000,117200,105900,168501,205200,171300,83200,51200,51100,51000,50900,50800,50700,50600,50500,50400,50300,266600,207700,108900,116400,213600,72500,78300,119400,23800,40100,53500,50600,2745901,1448100,0,0,0,0,0,
000059.SZ,000059,20251209,94024000,51200,0,0,1238,0,,,1329456,6828445,51600,51200,51500,51300,51300,51400,51500,51600,51700,51800,51900,52000,52100,52200,38300,60000,100300,79000,117200,105900,168501,205200,171300,83200,51200,51100,51000,50900,50800,50700,50600,50500,50400,50300,267500,207700,113700,116400,213600,72500,78300,119400,23800,40100,53500,50600,2746301,1455800,0,0,0,0,0,
000059.SZ,000059,20251209,94027000,51200,0,0,1238,0,,,1329456,6828445,51600,51200,51500,51300,51300,51400,51500,51600,51700,51800,51900,52000,52100,52200,40300,60000,100300,79000,117200,105900,168501,205200,171300,83200,51200,51100,51000,50900,50800,50700,50600,50500,50400,50300,269100,208000,113700,136400,218600,72500,78300,119400,23800,40100,53500,50700,2748301,1484700,0,0,0,0,0,
000059.SZ,000059,20251209,94030000,51200,0,0,1238,0,,,1329456,6828445,51600,51200,51500,51300,51300,51400,51500,51600,51700,51800,51900,52000,52100,52200,41900,60000,100300,79000,117200,105900,168501,205200,171300,83200,51200,51100,51000,50900,50800,50700,50600,50500,50400,50300,292600,218000,113700,136400,218600,72500,78300,119400,23800,40100,53500,50700,2749901,1518200,0,0,0,0,0,
000059.SZ,000059,20251209,94033000,51200,6000,30777,1243,0,,,1335456,6859222,51600,51200,51500,51300,51300,51400,51500,51600,51700,51800,51900,52000,52100,52200,40600,60000,100300,79000,117200,105900,168501,205200,171300,83200,51200,51100,51000,50900,50800,50700,50600,50500,50400,50300,302400,218000,113700,136400,218600,72500,78300,119400,23800,40100,53500,50700,2748601,1528000,0,0,0,0,0,
000059.SZ,000059,20251209,94039000,51200,5700,29184,1245,0,,,1341156,6888406,51600,51200,51500,51300,51300,51400,51500,51600,51700,51800,51900,52000,52100,52200,40600,60000,100300,79000,117200,105900,168501,205200,171300,83200,51200,51100,51000,50900,50800,50700,50600,50500,50400,50300,297700,218000,123700,136400,218600,72500,78300,119400,23800,40100,53500,50700,2748601,1533300,0,0,0,0,0,
000059.SZ,000059,20251209,94042000,51200,0,0,1245,0,,,1341156,6888406,51600,51200,51500,51300,51300,51400,51500,51600,51700,51800,51900,52000,52100,52200,40800,60000,100300,79000,117200,105900,168501,205200,171300,83200,51200,51100,51000,50900,50800,50700,50600,50500,50400,50300,297700,218000,123700,136400,218600,72500,78300,119400,23800,40100,53500,50700,2748801,1533300,0,0,0,0,0,
000059.SZ,000059,20251209,94045000,51300,1100,5642,1247,0,,,1342256,6894048,51600,51200,51500,51300,51300,51400,51500,51600,51700,51800,51900,52000,52100,52200,40300,60000,100300,83900,117200,105900,168501,205200,171300,83200,51200,51100,51000,50900,50800,50700,50600,50500,50400,50300,297600,218000,124700,136400,218600,72500,78300,119400,23800,40100,53500,50700,2753201,1534200,0,0,0,0,0,
000059.SZ,000059,20251209,94048000,51300,0,0,1247,0,,,1342256,6894048,51600,51200,51500,51300,51300,51400,51500,51600,51700,51800,51900,52000,52100,52200,41700,60000,100300,83900,117200,105900,168501,205200,171300,83200,51200,51100,51000,50900,50800,50700,50600,50500,50400,50300,299600,218000,137700,136400,218600,72500,78300,119400,23800,40100,53500,50700,2754601,1549200,0,0,0,0,0,
000059.SZ,000059,20251209,94051000,51300,0,0,1247,0,,,1342256,6894048,51600,51200,51500,51300,51300,51400,51500,51600,51700,51800,51900,52000,52100,52200,41700,60000,100300,83900,117200,105900,168501,205200,171300,83200,51200,51100,51000,50900,50800,50700,50600,50500,50400,50300,299600,218000,137700,136400,218600,72500,78300,119400,23800,42100,53500,50700,2754601,1551200,0,0,0,0,0,
000059.SZ,000059,20251209,94054000,51200,4700,24064,1249,0,,,1346956,6918112,51600,51200,51500,51300,51300,51400,51500,51600,51700,51800,51900,52000,52100,52200,42000,60000,100300,83900,117200,105900,168501,205200,171300,83200,51200,51100,51000,50900,50800,50700,50600,50500,50400,50300,294900,218000,140900,136400,218600,72500,78300,119400,23800,42100,53500,50700,2763701,1549700,0,0,0,0,0,
000059.SZ,000059,20251209,94057000,51200,0,0,1249,0,,,1346956,6918112,51600,51200,51500,51300,51300,51400,51500,51600,51700,51800,51900,52000,52100,52200,42000,60000,100300,83900,117200,105900,168501,205200,171300,83200,51200,51100,51000,50900,50800,50700,50600,50500,50400,50300,295000,218000,140900,136400,221600,72500,78300,119400,23800,42100,53500,50700,2763701,1552800,0,0,0,0,0,
000059.SZ,000059,20251209,94100000,51200,0,0,1249,0,,,1346956,6918112,51600,51200,51500,51300,51300,51400,51500,51600,51700,51800,51900,52000,52100,52200,42200,60000,100300,83900,117200,105900,168501,205200,171300,83200,51200,51100,51000,50900,50800,50700,50600,50500,50400,50300,295000,218000,140900,136400,221600,72500,78300,119400,23800,42100,53500,50700,2763901,1552800,0,0,0,0,0,
000059.SZ,000059,20251209,94103000,51200,7100,36394,1254,0,,,1354056,6954506,51600,51200,51500,51300,51300,51400,51500,51600,51700,51800,51900,52000,52100,52200,38500,60000,100300,83900,117200,105900,168501,205200,171300,83200,51200,51100,51000,50900,50800,50700,50600,50500,50400,50300,292200,218000,140900,136400,221600,72500,78300,119400,23800,42100,53500,50700,2760201,1550000,0,0,0,0,0,
000059.SZ,000059,20251209,94106000,51200,0,0,1254,0,,,1354056,6954506,51600,51200,51500,51300,51300,51400,51500,51600,51700,51800,51900,52000,52100,52200,40700,60000,100300,83900,117200,105900,168501,205200,171300,83200,51200,51100,51000,50900,50800,50700,50600,50500,50400,50300,291800,218000,140900,136400,221600,72500,78300,119400,23800,42100,53500,50700,2762401,1549600,0,0,0,0,0,
000059.SZ,000059,20251209,94109000,51200,0,0,1254,0,,,1354056,6954506,51600,51200,51500,51300,51300,51400,51500,51600,51700,51800,51900,52000,52100,52200,41900,60000,100300,83900,117200,105900,168501,205200,171300,83200,51200,51100,51000,50900,50800,50700,50600,50500,50400,50300,292200,218000,140900,136400,223600,72500,78300,119400,23800,42100,53500,50700,2763601,1552000,0,0,0,0,0,
000059.SZ,000059,20251209,94112000,51200,100,512,1255,0,,,1354156,6955018,51600,51200,51500,51300,51300,51400,51500,51600,51700,51800,51900,52000,52100,52200,43200,60000,100300,83900,117200,105900,168501,205200,171300,83200,51200,51100,51000,50900,50800,50700,50600,50500,50400,50300,292100,218000,140900,136400,223600,72500,78300,119400,23800,42100,53500,50700,2764901,1551900,0,0,0,0,0,
000059.SZ,000059,20251209,94115000,51400,267300,1375041,1461,0,,,1621456,8330059,51600,51200,51500,51300,51500,51600,51700,51800,51900,52000,52100,52200,52300,52400,237800,92600,117200,105900,168501,205200,171300,83200,87500,94000,51400,51300,51200,51100,51000,50900,50800,50700,50600,50500,24200,210100,312500,218000,140900,136400,223600,72500,78300,119400,53500,50800,2807901,1806600,0,0,0,0,0,
000059.SZ,000059,20251209,94118000,51400,14500,74530,1483,0,,,1635956,8404589,51600,51200,51500,51300,51500,51600,51700,51800,51900,52000,52100,52200,52300,52400,147500,92600,117200,105900,168501,205200,171300,83200,87500,94000,51400,51300,51200,51100,51000,50900,50800,50700,50600,50500,23700,210100,309100,218000,140900,136400,223600,72500,78300,119400,53500,50800,2727601,1802700,0,0,0,0,0,
000059.SZ,000059,20251209,94121000,51400,4800,24672,1489,0,,,1640756,8429261,51600,51200,51500,51300,51500,51600,51700,51800,51900,52000,52100,52200,52300,52400,147400,92600,117200,105900,168501,205200,171300,83200,87500,94000,51400,51300,51200,51100,51000,50900,50800,50700,50600,50500,38100,210100,308200,218000,140900,136400,223600,72500,78300,119400,53500,50800,2727501,1816200,0,0,0,0,0,
000059.SZ,000059,20251209,94124000,51500,1000,5149,1491,0,,,1641756,8434410,51600,51200,51500,51300,51500,51600,51700,51800,51900,52000,52100,52200,52300,52400,146700,83500,117200,105900,168501,205200,171300,83200,87500,94000,51400,51300,51200,51100,51000,50900,50800,50700,50600,50500,60900,191500,309200,218000,140900,136400,223600,72500,78300,119400,53500,50800,2717701,1821400,0,0,0,0,0,
000059.SZ,000059,20251209,94127000,51500,0,0,1491,0,,,1641756,8434410,51600,51200,51500,51300,51500,51600,51700,51800,51900,52000,52100,52200,52300,52400,146000,83500,117200,105900,168501,205200,171300,83200,87500,94000,51400,51300,51200,51100,51000,50900,50800,50700,50600,50500,69600,191500,309200,218000,140900,136400,223600,72500,78300,119400,53500,50800,2717001,1830100,0,0,0,0,0,
000059.SZ,000059,20251209,94130000,51400,100,514,1492,0,,,1641856,8434924,51600,51200,51500,51300,51500,51600,51700,51800,51900,52000,52100,52200,52300,52400,146700,83500,117200,105900,168501,205200,171300,83200,87500,94000,51400,51300,51200,51100,51000,50900,50800,50700,50600,50500,69500,191500,329200,218000,137700,136400,223600,72500,78300,119400,53500,50800,2717701,1846800,0,0,0,0,0,
000059.SZ,000059,20251209,94133000,51500,2100,10815,1495,0,,,1643956,8445739,51600,51200,51500,51300,51500,51600,51700,51800,51900,52000,52100,52200,52300,52400,164300,83500,117200,105900,168501,205200,171300,83200,87500,94000,51400,51300,51200,51100,51000,50900,50800,50700,50600,50500,68500,191500,330600,218000,137700,136400,223600,72500,78300,119400,53500,50800,2735301,1847200,0,0,0,0,0,
000059.SZ,000059,20251209,94136000,51500,4000,20600,1500,0,,,1647956,8466339,51600,51200,51500,51300,51500,51600,51700,51800,51900,52000,52100,52200,52300,52400,161000,83500,117200,105900,168501,205200,171300,83200,87500,94000,51400,51300,51200,51100,51000,50900,50800,50700,50600,50500,68500,191500,330900,218000,137700,136400,223600,72500,78300,119400,53500,50800,2732001,1847500,0,0,0,0,0,
000059.SZ,000059,20251209,94139000,51500,0,0,1500,0,,,1647956,8466339,51600,51200,51500,51300,51500,51600,51700,51800,51900,52000,52100,52200,52300,52400,166700,83500,117200,105900,168501,205200,171300,83200,87500,94000,51400,51300,51200,51100,51000,50900,50800,50700,50600,50500,68500,191500,330900,220500,137700,136400,223600,72500,78300,119400,53500,50800,2737701,1850000,0,0,0,0,0,
000059.SZ,000059,20251209,94142000,51500,100,515,1501,0,,,1648056,8466854,51600,51200,51500,51300,51500,51600,51700,51800,51900,52000,52100,52200,52300,52400,167800,83500,117200,105900,168501,205200,171300,83200,87500,94000,51400,51300,51200,51100,51000,50900,50800,50700,50600,50500,69100,191500,330900,243600,138700,136400,223600,72500,78300,119400,53500,50800,2738801,1874700,0,0,0,0,0,
000059.SZ,000059,20251209,94145000,51500,0,0,1501,0,,,1648056,8466854,51600,51200,51500,51300,51500,51600,51700,51800,51900,52000,52100,52200,52300,52400,167800,83500,117200,105900,168501,205200,171300,83200,87500,94000,51400,51300,51200,51100,51000,50900,50800,50700,50600,50500,73600,191500,330900,243600,141200,136400,223600,72500,78300,119400,53500,50800,2738801,1881700,0,0,0,0,0,
000059.SZ,000059,20251209,94148000,51500,0,0,1501,0,,,1648056,8466854,51600,51200,51500,51300,51500,51600,51700,51800,51900,52000,52100,52200,52300,52400,167800,83500,117200,105900,168501,205200,171300,83200,87500,94000,51400,51300,51200,51100,51000,50900,50800,50700,50600,50500,73600,201500,307400,243600,141200,136400,223600,72500,78300,129400,53500,50800,2738801,1878200,0,0,0,0,0,
000059.SZ,000059,20251209,94151000,51500,0,0,1501,0,,,1648056,8466854,51600,51200,51500,51300,51500,51600,51700,51800,51900,52000,52100,52200,52300,52400,167900,83500,117200,105900,168501,205200,171300,83200,87500,94000,51400,51300,51200,51100,51000,50900,50800,50700,50600,50500,74000,201500,307400,243600,141200,136400,223600,72500,78300,129400,53500,50700,2738901,1898600,0,0,0,0,0,
000059.SZ,000059,20251209,94157000,51500,0,0,1501,0,,,1648056,8466854,51600,51200,51500,51300,51500,51600,51700,51800,51900,52000,52100,52200,52300,52400,167900,83500,117200,105900,168501,205200,171300,83200,87500,94000,51400,51300,51200,51100,51000,50900,50800,50700,50600,50500,97400,201500,307400,243600,141200,136400,223600,72500,78300,129400,53500,50700,2743901,1922000,0,0,0,0,0,
000059.SZ,000059,20251209,94200000,51500,0,0,1501,0,,,1648056,8466854,51600,51200,51500,51300,51500,51600,51700,51800,51900,52000,52100,52200,52300,52400,197200,83500,117200,105900,168501,205200,171300,83200,87500,94000,51400,51300,51200,51100,51000,50900,50800,50700,50600,50500,104600,201500,306400,243600,141200,136400,223600,72500,78300,129400,53500,50700,2773201,1928200,0,0,0,0,0,
000059.SZ,000059,20251209,94203000,51400,2000,10280,1502,0,,,1650056,8477134,51600,51200,51500,51300,51500,51600,51700,51800,51900,52000,52100,52200,52300,52400,219600,86800,117200,105900,168501,205200,171300,83200,87500,94000,51400,51300,51200,51100,51000,50900,50800,50700,50600,50500,102600,211500,306400,243600,141200,136400,223600,72500,78300,129400,53500,50700,2798901,1936200,0,0,0,0,0,
000059.SZ,000059,20251209,94206000,51400,0,0,1502,0,,,1650056,8477134,51600,51200,51500,51300,51500,51600,51700,51800,51900,52000,52100,52200,52300,52400,219600,86800,117200,105900,168501,205200,171300,83200,87500,94000,51400,51300,51200,51100,51000,50900,50800,50700,50600,50500,102600,214300,306400,243600,141200,136400,223600,72500,78300,129400,53500,50700,2798901,1939000,0,0,0,0,0,
000059.SZ,000059,20251209,94209000,51400,0,0,1502,0,,,1650056,8477134,51600,51200,51500,51300,51500,51600,51700,51800,51900,52000,52100,52200,52300,52400,201700,106800,117200,105900,168501,205200,171300,83200,87500,94000,51400,51300,51200,51100,51000,50900,50800,50700,50600,50500,102600,214300,310400,243600,141200,136400,223600,72500,78300,129400,53500,50700,2801001,1943000,0,0,0,0,0,
000059.SZ,000059,20251209,94212000,51400,0,0,1502,0,,,1650056,8477134,51600,51200,51500,51300,51500,51600,51700,51800,51900,52000,52100,52200,52300,52400,203700,106800,117200,105900,168501,205200,171300,83200,87500,94000,51400,51300,51200,51100,51000,50900,50800,50700,50600,50500,102600,214300,310400,243600,141200,136400,223600,72500,78300,129400,53500,50700,2803001,1943000,0,0,0,0,0,
000059.SZ,000059,20251209,94215000,51400,6700,34438,1516,0,,,1656756,8511572,51600,51200,51500,51300,51500,51600,51700,51800,51900,52000,52100,52200,52300,52400,203700,106800,117200,105900,168501,205200,171300,83200,87500,94000,51400,51300,51200,51100,51000,50900,50800,50700,50600,50500,87700,68700,310400,243600,141200,136400,223600,72500,78300,129400,53500,50700,2803001,1782500,0,0,0,0,0,
000059.SZ,000059,20251209,94218000,51400,19100,98174,1536,0,,,1675856,8609746,51600,51200,51500,51300,51500,51600,51700,51800,51900,52000,52100,52200,52300,52400,204300,106800,117200,105900,168501,205200,171300,83200,87500,94000,51400,51300,51200,51100,51000,50900,50800,50700,50600,50500,62500,68700,310400,243600,146200,136400,223600,72500,78300,129400,53500,50700,2803601,1762300,0,0,0,0,0,
000059.SZ,000059,20251209,94221000,51300,72600,373065,1584,0,,,1748456,8982811,51600,51200,51500,51300,51400,51500,51600,51700,51800,51900,52000,52100,52200,52300,17200,210400,106800,117200,105900,168501,205200,171300,83200,87500,51300,51200,51100,51000,50900,50800,50700,50600,50500,50400,73400,310400,243600,146200,136400,223600,72500,78300,129400,23800,53500,50700,2826901,1704500,0,0,0,0,0,
000059.SZ,000059,20251209,94224000,51400,400,2056,1585,0,,,1748856,8984867,51600,51200,51500,51300,51400,51500,51600,51700,51800,51900,52000,52100,52200,52300,30100,206100,106800,117200,105900,168501,205200,171300,83200,87500,51300,51200,51100,51000,50900,50800,50700,50600,50500,50400,94900,310400,243600,146200,136400,223600,72500,78300,129400,23800,53500,50700,2835501,1726000,0,0,0,0,0,
000059.SZ,000059,20251209,94227000,51400,0,0,1585,0,,,1748856,8984867,51600,51200,51500,51300,51400,51500,51600,51700,51800,51900,52000,52100,52200,52300,30400,206100,106800,117200,105900,168501,205200,171300,83200,87500,51300,51200,51100,51000,50900,50800,50700,50600,50500,50400,99000,310400,243600,146200,136400,223600,72500,78300,129400,23800,53500,50700,2835801,1730100,0,0,0,0,0,
