万得代码,交易所代码,自然日,时间,成交编号,成交代码,委托代码,BS标志,成交价格,成交数量,叫卖序号,叫买序号,
000059.SZ,000059,20251209,91806110,336189,C,0, ,0,600,333789,0,
000059.SZ,000059,20251209,91829970,344169,C,0, ,0,900,338557,0,
000059.SZ,000059,20251209,92500000,553773,0,0,B,51500,100,283274,400616,
000059.SZ,000059,20251209,92500000,553774,0,0,B,51500,100,283278,551597,
000059.SZ,000059,20251209,92500000,553775,0,0,B,51500,100,283279,551597,
000059.SZ,000059,20251209,92500000,553776,0,0,B,51500,200,290421,551597,
000059.SZ,000059,20251209,92500000,553777,0,0,B,51500,200,290422,551597,
000059.SZ,000059,20251209,92500000,553778,0,0,B,51500,200,290439,551597,
000059.SZ,000059,20251209,92500000,553779,0,0,B,51500,100,309744,551597,
000059.SZ,000059,20251209,92500000,553780,0,0,B,51500,100,309777,551597,
000059.SZ,000059,20251209,92500000,553781,0,0,B,51500,100,376156,551597,
000059.SZ,000059,20251209,92500000,553782,0,0,B,51500,100,376192,551597,
000059.SZ,000059,20251209,92500000,553783,0,0,B,51500,100,377831,551597,
000059.SZ,000059,20251209,92500000,553784,0,0,B,51500,200,377860,551597,
000059.SZ,000059,20251209,92500000,553785,0,0,B,51500,500,404734,551597,
000059.SZ,000059,20251209,92500000,553786,0,0,B,51500,3800,507499,551597,
000059.SZ,000059,20251209,92500000,553787,0,0,S,51500,1100,551900,551597,
000059.SZ,000059,20251209,92500000,553788,0,0,B,51500,100,475849,551597,
000059.SZ,000059,20251209,92500000,553789,0,0,B,51500,300,533623,551597,
000059.SZ,000059,20251209,92500000,553790,0,0,S,51500,8400,551975,551597,
000059.SZ,000059,20251209,92500000,553791,0,0,B,51500,1400,550969,551597,
000059.SZ,000059,20251209,92500000,553792,0,0,B,51500,100,373952,551597,
000059.SZ,000059,20251209,92500000,553793,0,0,S,51500,1200,551650,551597,
000059.SZ,000059,20251209,92500000,553794,0,0,S,51500,700,551650,377345,
000059.SZ,000059,20251209,92500000,553795,0,0,S,51500,1000,551650,399623,
000059.SZ,000059,20251209,92500000,553796,0,0,S,51500,600,455030,399623,
000059.SZ,000059,20251209,92500000,553797,0,0,S,51500,100,455030,413782,
000059.SZ,000059,20251209,92500000,553798,0,0,S,51500,1400,528932,413782,
000059.SZ,000059,20251209,92500000,553799,0,0,S,51500,100,528932,483576,
000059.SZ,000059,20251209,92500000,553800,0,0,S,51500,100,528932,514174,
000059.SZ,000059,20251209,92500000,553801,0,0,S,51500,600,528932,516291,
000059.SZ,000059,20251209,92500000,553802,0,0,B,51500,500,528932,541454,
000059.SZ,000059,20251209,92500000,553803,0,0,B,51500,500,530290,541454,
000059.SZ,000059,20251209,92500000,553804,0,0,B,51500,200,530530,541454,
000059.SZ,000059,20251209,92500000,553805,0,0,B,51500,100,530530,535872,
000059.SZ,000059,20251209,92500000,553806,0,0,B,51500,200,530530,535968,
000059.SZ,000059,20251209,92500000,553807,0,0,S,51500,400,530530,192938,
000059.SZ,000059,20251209,92500000,553808,0,0,S,51500,100,528204,192938,
000059.SZ,000059,20251209,92500000,553809,0,0,S,51500,100,528743,192938,
000059.SZ,000059,20251209,92500000,553810,0,0,S,51500,700,530357,192938,
000059.SZ,000059,20251209,92500000,553811,0,0,S,51500,100,534942,192938,
000059.SZ,000059,20251209,92500000,553812,0,0,S,51500,100,535620,192938,
000059.SZ,000059,20251209,92500000,553813,0,0,S,51500,100,535625,192938,
000059.SZ,000059,20251209,92500000,553814,0,0,S,51500,100,537717,192938,
000059.SZ,000059,20251209,92500000,553815,0,0,S,51500,700,535710,192938,
000059.SZ,000059,20251209,92500000,553816,0,0,S,51500,600,535710,225195,
000059.SZ,000059,20251209,92500000,553817,0,0,S,51500,4400,535710,308878,
000059.SZ,000059,20251209,92500000,553818,0,0,S,51500,2000,377200,308878,
000059.SZ,000059,20251209,92500000,553819,0,0,S,51500,300,549981,308878,
000059.SZ,000059,20251209,92500000,553820,0,0,S,51500,400,550260,308878,
000059.SZ,000059,20251209,92500000,553821,0,0,S,51500,1000,550284,308878,
000059.SZ,000059,20251209,92500000,553822,0,0,S,51500,100,550301,308878,
000059.SZ,000059,20251209,92500000,553823,0,0,S,51500,2000,550330,308878,
000059.SZ,000059,20251209,92500000,553824,0,0,S,51500,5900,550608,308878,
000059.SZ,000059,20251209,92500000,553825,0,0,B,51500,1500,260371,308878,
000059.SZ,000059,20251209,92500000,553826,0,0,B,51500,300,286033,308878,
000059.SZ,000059,20251209,92500000,553827,0,0,B,51500,2000,288616,308878,
000059.SZ,000059,20251209,92500000,553828,0,0,S,51500,16200,396956,308878,
000059.SZ,000059,20251209,92500000,553829,0,0,S,51500,13900,412474,308878,
000059.SZ,000059,20251209,92500000,553830,0,0,B,51500,100,412474,537555,
000059.SZ,000059,20251209,92500000,553831,0,0,B,51500,600,426080,537555,
000059.SZ,000059,20251209,92500000,553832,0,0,B,51500,1400,510359,537555,
000059.SZ,000059,20251209,92500000,553833,0,0,S,51500,100,537895,537555,
000059.SZ,000059,20251209,93000040,647120,0,0,S,51500,2200,647119,537555,
000059.SZ,000059,20251209,93000090,677852,0,0,B,51500,400,647119,677851,
000059.SZ,000059,20251209,93000090,677853,0,0,B,51500,1600,655651,677851,
000059.SZ,000059,20251209,93000120,695645,0,0,S,51400,34800,695644,306835,
000059.SZ,000059,20251209,93000200,736020,0,0,S,51400,4900,736019,306835,
000059.SZ,000059,20251209,93000210,737331,0,0,B,51500,800,655651,737330,
000059.SZ,000059,20251209,93000210,737332,0,0,B,51500,700,667277,737330,
000059.SZ,000059,20251209,93000210,737333,0,0,B,51500,500,716154,737330,
000059.SZ,000059,20251209,93000260,757941,0,0,B,51500,4500,716154,757940,
000059.SZ,000059,20251209,93000260,757942,0,0,B,51500,400,724003,757940,
000059.SZ,000059,20251209,93000260,757943,0,0,B,51500,1600,754558,757940,
000059.SZ,000059,20251209,93000300,768223,0,0,B,51600,26100,59177,768222,
000059.SZ,000059,20251209,93000300,768224,0,0,B,51600,2800,71363,768222,
000059.SZ,000059,20251209,93000300,768225,0,0,B,51600,1000,104261,768222,
000059.SZ,000059,20251209,93000300,768226,0,0,B,51600,15800,174102,768222,
000059.SZ,000059,20251209,93000300,768227,0,0,B,51600,2500,244500,768222,
000059.SZ,000059,20251209,93000300,768228,0,0,B,51600,1800,666526,768222,
000059.SZ,000059,20251209,93000350,781966,0,0,S,51500,300,781965,757940,
000059.SZ,000059,20251209,93000350,781985,0,0,S,51500,2400,781984,757940,
000059.SZ,000059,20251209,93000350,782151,0,0,S,51500,100,782150,757940,
000059.SZ,000059,20251209,93000350,782162,0,0,S,51500,100,782161,757940,
000059.SZ,000059,20251209,93000350,782467,0,0,S,51500,100,782466,757940,
000059.SZ,000059,20251209,93000350,782511,0,0,S,51500,200,782510,757940,
000059.SZ,000059,20251209,93000350,782540,0,0,S,51500,400,782539,757940,
000059.SZ,000059,20251209,93000350,782576,0,0,S,51500,17000,782575,757940,
000059.SZ,000059,20251209,93000350,782585,0,0,S,51500,14000,782584,757940,
000059.SZ,000059,20251209,93000350,782674,0,0,S,51500,700,782673,757940,
000059.SZ,000059,20251209,93000350,784097,0,0,S,51500,100,784096,757940,
000059.SZ,000059,20251209,93000350,784228,0,0,S,51500,100,784227,757940,
000059.SZ,000059,20251209,93000350,784271,0,0,S,51500,100,784270,757940,
000059.SZ,000059,20251209,93000350,784527,0,0,S,51500,5600,784526,757940,
000059.SZ,000059,20251209,93000350,784529,0,0,S,51500,2300,784528,757940,
000059.SZ,000059,20251209,93000350,784530,0,0,S,51400,1200,784528,306835,
000059.SZ,000059,20251209,93000360,785590,0,0,S,51400,900,785589,306835,
000059.SZ,000059,20251209,93000360,785617,0,0,S,51400,100,785616,306835,
000059.SZ,000059,20251209,93000370,787123,0,0,S,51400,100,787122,306835,
000059.SZ,000059,20251209,93000380,790818,0,0,B,51600,1100,666526,790817,
000059.SZ,000059,20251209,93000380,790819,0,0,B,51600,900,776071,790817,
000059.SZ,000059,20251209,93000450,802108,0,0,B,51500,100,795238,802107,
000059.SZ,000059,20251209,93000480,807437,0,0,S,51400,100,807436,306835,
000059.SZ,000059,20251209,93000600,826298,0,0,S,51400,1700,826297,306835,
000059.SZ,000059,20251209,93000690,841297,0,0,S,51400,100,841296,306835,
000059.SZ,000059,20251209,93000730,846304,0,0,S,51400,4300,846303,306835,
000059.SZ,000059,20251209,93001090,899875,0,0,B,51500,100,806041,899874,
000059.SZ,000059,20251209,93001090,899876,0,0,B,51500,100,807682,899874,
000059.SZ,000059,20251209,93001090,899877,0,0,B,51500,100,821615,899874,
000059.SZ,000059,20251209,93001420,929357,0,0,B,51500,100,821615,929356,
000059.SZ,000059,20251209,93001430,930411,0,0,B,51500,100,821615,930410,
000059.SZ,000059,20251209,93001470,934163,0,0,B,51500,100,821615,934162,
000059.SZ,000059,20251209,93001530,939127,0,0,B,51500,100,821615,939126,
000059.SZ,000059,20251209,93002120,991429,0,0,S,51400,1800,991428,306835,
000059.SZ,000059,20251209,93002120,991430,0,0,S,51400,400,991428,792090,
000059.SZ,000059,20251209,93002430,1009390,0,0,S,51400,2200,1009389,792090,
000059.SZ,000059,20251209,93002430,1009877,0,0,S,51400,1200,1009876,792090,
000059.SZ,000059,20251209,93002430,1009878,0,0,S,51400,400,1009876,796880,
000059.SZ,000059,20251209,93002430,1009879,0,0,S,51400,400,1009876,995231,
000059.SZ,000059,20251209,93002580,1018992,C,0, ,0,5700,999788,0,
000059.SZ,000059,20251209,93003170,1056609,0,0,B,51400,200,1009876,1056608,
000059.SZ,000059,20251209,93003170,1056610,0,0,B,51400,2200,1012980,1056608,
000059.SZ,000059,20251209,93003280,1061932,0,0,B,51400,300,1012980,1061931,
000059.SZ,000059,20251209,93004200,1107020,0,0,B,51400,3300,1012980,1107019,
000059.SZ,000059,20251209,93004200,1107021,0,0,B,51400,1400,1013167,1107019,
000059.SZ,000059,20251209,93004320,1111188,C,0, ,0,4400,1013167,0,
000059.SZ,000059,20251209,93004320,1111192,C,0, ,0,3600,1013176,0,
000059.SZ,000059,20251209,93004330,1111380,C,0, ,0,100,822105,0,
000059.SZ,000059,20251209,93004330,1111384,C,0, ,0,100,0,1026518,
000059.SZ,000059,20251209,93004600,1123192,0,0,S,51300,500,1123191,33850,
000059.SZ,000059,20251209,93004600,1123235,0,0,S,51300,600,1123234,33850,
000059.SZ,000059,20251209,93004610,1123540,0,0,S,51300,600,1123539,33850,
000059.SZ,000059,20251209,93004610,1123558,0,0,S,51300,200,1123557,33850,
000059.SZ,000059,20251209,93004610,1123562,0,0,S,51300,500,1123561,33850,
000059.SZ,000059,20251209,93004620,1123740,0,0,S,51300,600,1123739,33850,
000059.SZ,000059,20251209,93004660,1125797,0,0,S,51300,800,1125796,33850,
000059.SZ,000059,20251209,93005500,1153727,C,0, ,0,21600,1111794,0,
000059.SZ,000059,20251209,93005850,1163083,0,0,B,51400,1000,1032910,1163082,
000059.SZ,000059,20251209,93006180,1173842,0,0,B,51400,600,1032910,1173841,
000059.SZ,000059,20251209,93006480,1182491,0,0,B,51400,100,1032910,1182490,
000059.SZ,000059,20251209,93007080,1200850,0,0,B,51400,200,1032910,1200849,
000059.SZ,000059,20251209,93007220,1203498,0,0,B,51400,100,1032910,1203497,
000059.SZ,000059,20251209,93007920,1219955,0,0,B,51400,100,1032910,1219954,
000059.SZ,000059,20251209,93008230,1226372,C,0, ,0,400,792666,0,
000059.SZ,000059,20251209,93008230,1226375,C,0, ,0,200,794748,0,
000059.SZ,000059,20251209,93008800,1234162,0,0,B,51400,700,1032910,1234161,
000059.SZ,000059,20251209,93008800,1234163,0,0,B,51400,200,1055019,1234161,
000059.SZ,000059,20251209,93008800,1234164,0,0,B,51400,200,1110054,1234161,
000059.SZ,000059,20251209,93008880,1235605,0,0,B,51400,100,1110054,1235604,
000059.SZ,000059,20251209,93009190,1240988,0,0,B,51400,200,1110054,1240987,
000059.SZ,000059,20251209,93010230,1260834,0,0,S,51300,2900,1260833,33850,
000059.SZ,000059,20251209,93010420,1265291,0,0,B,51400,100,1110054,1265290,
000059.SZ,000059,20251209,93010700,1271578,0,0,B,51400,700,1110054,1271577,
000059.SZ,000059,20251209,93010700,1271579,0,0,B,51400,500,1110270,1271577,
000059.SZ,000059,20251209,93010700,1271580,0,0,B,51400,200,1112516,1271577,
000059.SZ,000059,20251209,93010700,1271581,0,0,B,51400,200,1121552,1271577,
000059.SZ,000059,20251209,93010700,1271582,0,0,B,51400,100,1122113,1271577,
000059.SZ,000059,20251209,93010700,1271583,0,0,B,51400,400,1131102,1271577,
000059.SZ,000059,20251209,93010700,1271584,0,0,B,51400,800,1161928,1271577,
000059.SZ,000059,20251209,93010700,1271585,0,0,B,51400,100,1181561,1271577,
000059.SZ,000059,20251209,93010700,1271586,0,0,B,51400,100,1188267,1271577,
000059.SZ,000059,20251209,93010700,1271587,0,0,B,51400,200,1212575,1271577,
000059.SZ,000059,20251209,93011430,1279998,0,0,B,51400,1100,1212575,1279997,
000059.SZ,000059,20251209,93011480,1280506,0,0,B,51400,700,1212575,1280505,
000059.SZ,000059,20251209,93011480,1280507,0,0,B,51400,100,1212942,1280505,
000059.SZ,000059,20251209,93011480,1280508,0,0,B,51400,300,1213921,1280505,
000059.SZ,000059,20251209,93011550,1281463,0,0,B,51400,500,1213921,1281462,
000059.SZ,000059,20251209,93011550,1281464,0,0,B,51400,600,1214287,1281462,
000059.SZ,000059,20251209,93011680,1283003,0,0,B,51400,1000,1214287,1283002,
000059.SZ,000059,20251209,93011730,1283500,0,0,B,51400,100,1214287,1283499,
000059.SZ,000059,20251209,93011730,1283501,0,0,B,51400,1000,1214399,1283499,
000059.SZ,000059,20251209,93011750,1283704,0,0,B,51400,200,1214399,1283703,
000059.SZ,000059,20251209,93011750,1283705,0,0,B,51400,900,1214576,1283703,
000059.SZ,000059,20251209,93011750,1283706,0,0,B,51400,300,1214660,1283703,
000059.SZ,000059,20251209,93011750,1283707,0,0,B,51400,1400,1216380,1283703,
000059.SZ,000059,20251209,93011750,1283708,0,0,B,51400,200,1216701,1283703,
000059.SZ,000059,20251209,93011750,1283709,0,0,B,51400,900,1216990,1283703,
000059.SZ,000059,20251209,93011750,1283710,0,0,B,51400,1000,1217817,1283703,
000059.SZ,000059,20251209,93011750,1283711,0,0,B,51400,200,1226467,1283703,
000059.SZ,000059,20251209,93011750,1283712,0,0,B,51400,600,1242074,1283703,
000059.SZ,000059,20251209,93011750,1283713,0,0,B,51400,100,1246482,1283703,
000059.SZ,000059,20251209,93011750,1283714,0,0,B,51400,800,1247160,1283703,
000059.SZ,000059,20251209,93011780,1283979,0,0,B,51400,3000,1247160,1283978,
000059.SZ,000059,20251209,93012220,1288366,0,0,B,51400,800,1247160,1288365,
000059.SZ,000059,20251209,93012220,1288479,0,0,B,51400,100,1247160,1288478,
000059.SZ,000059,20251209,93014240,1321401,0,0,B,51400,700,1247160,1321400,
000059.SZ,000059,20251209,93014310,1322184,0,0,B,51400,700,1247160,1322183,
000059.SZ,000059,20251209,93014810,1328022,0,0,B,51400,300,1247160,1328021,
000059.SZ,000059,20251209,93014810,1328023,0,0,B,51400,100,1288452,1328021,
000059.SZ,000059,20251209,93014810,1328024,0,0,B,51400,100,1288473,1328021,
000059.SZ,000059,20251209,93015250,1332889,0,0,B,51400,100,1290973,1332888,
000059.SZ,000059,20251209,93015250,1332890,0,0,B,51400,600,1302834,1332888,
000059.SZ,000059,20251209,93015250,1332891,0,0,B,51400,300,1315372,1332888,
000059.SZ,000059,20251209,93015250,1332892,0,0,B,51400,100,1321912,1332888,
000059.SZ,000059,20251209,93015250,1332893,0,0,B,51400,100,1326912,1332888,
000059.SZ,000059,20251209,93021220,1424376,0,0,B,51400,100,1330589,1424375,
000059.SZ,000059,20251209,93021260,1426135,0,0,B,51400,100,1331721,1426134,
000059.SZ,000059,20251209,93021260,1426136,0,0,B,51400,100,1332886,1426134,
000059.SZ,000059,20251209,93022460,1448106,0,0,S,51300,3000,1448105,33850,
000059.SZ,000059,20251209,93024170,1468060,0,0,B,51400,200,1332886,1468059,
000059.SZ,000059,20251209,93024650,1477061,0,0,B,51400,100,1332886,1477060,
000059.SZ,000059,20251209,93024970,1482236,0,0,B,51400,100,1332886,1482235,
000059.SZ,000059,20251209,93025050,1483724,0,0,B,51400,100,1332886,1483723,
000059.SZ,000059,20251209,93025080,1484008,0,0,B,51400,1200,1332886,1484007,
000059.SZ,000059,20251209,93025080,1484009,0,0,B,51400,100,1332887,1484007,
000059.SZ,000059,20251209,93025080,1484010,0,0,B,51400,100,1343975,1484007,
000059.SZ,000059,20251209,93025080,1484011,0,0,B,51400,100,1345970,1484007,
000059.SZ,000059,20251209,93025080,1484012,0,0,B,51400,100,1350567,1484007,
000059.SZ,000059,20251209,93025080,1484013,0,0,B,51400,100,1386904,1484007,
000059.SZ,000059,20251209,93025080,1484014,0,0,B,51400,500,1393755,1484007,
000059.SZ,000059,20251209,93025080,1484015,0,0,B,51400,2800,1395137,1484007,
000059.SZ,000059,20251209,93025140,1484878,0,0,S,51300,2400,1484877,33850,
000059.SZ,000059,20251209,93027170,1510090,0,0,B,51400,400,1395137,1510089,
000059.SZ,000059,20251209,93028490,1531224,0,0,S,51300,700,1531223,33850,
000059.SZ,000059,20251209,93030650,1564632,0,0,B,51400,5600,1395137,1564631,
000059.SZ,000059,20251209,93030650,1564633,0,0,B,51400,100,1402570,1564631,
000059.SZ,000059,20251209,93030650,1564634,0,0,B,51400,100,1402682,1564631,
000059.SZ,000059,20251209,93030650,1564635,0,0,B,51400,100,1402683,1564631,
000059.SZ,000059,20251209,93030650,1564636,0,0,B,51400,100,1405016,1564631,
000059.SZ,000059,20251209,93030650,1564637,0,0,B,51400,1100,1413425,1564631,
000059.SZ,000059,20251209,93030650,1564638,0,0,B,51400,600,1424275,1564631,
000059.SZ,000059,20251209,93030650,1564639,0,0,B,51400,200,1457742,1564631,
000059.SZ,000059,20251209,93030650,1564640,0,0,B,51400,400,1467371,1564631,
000059.SZ,000059,20251209,93030650,1564641,0,0,B,51400,2100,1467802,1564631,
000059.SZ,000059,20251209,93030650,1564642,0,0,B,51400,2400,1467806,1564631,
000059.SZ,000059,20251209,93030650,1564643,0,0,B,51400,200,1473334,1564631,
000059.SZ,000059,20251209,93030650,1564644,0,0,B,51400,3300,1508566,1564631,
000059.SZ,000059,20251209,93033180,1598669,0,0,B,51400,400,1508566,1598668,
000059.SZ,000059,20251209,93033180,1598670,0,0,B,51400,100,1567828,1598668,
000059.SZ,000059,20251209,93033180,1598671,0,0,B,51400,400,1596452,1598668,
000059.SZ,000059,20251209,93033290,1601992,0,0,B,51400,100,1596452,1601991,
000059.SZ,000059,20251209,93035590,1637835,C,0, ,0,1100,1192329,0,
000059.SZ,000059,20251209,93037480,1672338,0,0,B,51400,500,1598099,1672337,
000059.SZ,000059,20251209,93037480,1672339,0,0,B,51400,500,1609482,1672337,
000059.SZ,000059,20251209,93039150,1695940,0,0,S,51300,100,1695939,33850,
000059.SZ,000059,20251209,93045000,1802460,0,0,B,51400,100,1609482,1802459,
000059.SZ,000059,20251209,93045160,1805330,0,0,S,51300,700,1805329,33850,
000059.SZ,000059,20251209,93045160,1805338,0,0,S,51300,1200,1805337,33850,
000059.SZ,000059,20251209,93045160,1805340,0,0,S,51300,100,1805339,33850,
000059.SZ,000059,20251209,93045160,1805342,0,0,S,51300,200,1805341,33850,
000059.SZ,000059,20251209,93045160,1805456,0,0,S,51300,400,1805455,33850,
000059.SZ,000059,20251209,93048020,1847283,0,0,S,51300,200,1847282,33850,
000059.SZ,000059,20251209,93048210,1849852,0,0,B,51400,200,1609482,1849851,
000059.SZ,000059,20251209,93057710,1979862,0,0,B,51400,300,1609482,1979861,
000059.SZ,000059,20251209,93057710,1979863,0,0,B,51400,100,1615092,1979861,
000059.SZ,000059,20251209,93057710,1979864,0,0,B,51400,1100,1642167,1979861,
000059.SZ,000059,20251209,93057710,1979865,0,0,B,51400,600,1644897,1979861,
000059.SZ,000059,20251209,93057710,1979866,0,0,B,51400,100,1644954,1979861,
000059.SZ,000059,20251209,93100370,2018180,C,0, ,0,8300,0,1888509,
000059.SZ,000059,20251209,93100400,2018958,0,0,B,51400,600,1644954,2018957,
000059.SZ,000059,20251209,93103170,2065827,0,0,B,51400,200,1644954,2065826,
000059.SZ,000059,20251209,93103810,2078196,0,0,B,51400,300,1644954,2078195,
000059.SZ,000059,20251209,93106280,2117412,C,0, ,0,7700,0,2018591,
000059.SZ,000059,20251209,93106310,2118131,0,0,B,51400,100,1644954,2118130,
000059.SZ,000059,20251209,93107920,2146961,0,0,S,51300,1100,2146960,33850,
000059.SZ,000059,20251209,93107930,2147133,0,0,S,51300,1200,2147132,33850,
000059.SZ,000059,20251209,93107940,2147292,0,0,S,51300,3900,2147291,33850,
000059.SZ,000059,20251209,93107970,2147694,0,0,S,51300,800,2147693,33850,
000059.SZ,000059,20251209,93109170,2163960,0,0,B,51400,300,1644954,2163959,
000059.SZ,000059,20251209,93109170,2163965,C,0, ,0,7600,0,2117793,
000059.SZ,000059,20251209,93109200,2164532,0,0,B,51400,1400,1644954,2164531,
000059.SZ,000059,20251209,93109200,2164533,0,0,B,51400,300,1686801,2164531,
000059.SZ,000059,20251209,93109220,2164853,C,0, ,0,25000,894482,0,
000059.SZ,000059,20251209,93109220,2165029,C,0, ,0,20000,878488,0,
000059.SZ,000059,20251209,93109220,2165030,C,0, ,0,10000,780885,0,
000059.SZ,000059,20251209,93109220,2165031,C,0, ,0,15000,780779,0,
000059.SZ,000059,20251209,93111900,2202182,0,0,B,51400,2700,1686801,2202181,
000059.SZ,000059,20251209,93112140,2205606,0,0,S,51300,100,2205605,33850,
000059.SZ,000059,20251209,93112200,2206460,0,0,B,51400,300,1686801,2206459,
000059.SZ,000059,20251209,93116740,2268551,C,0, ,0,2200,0,856093,
000059.SZ,000059,20251209,93123890,2354168,C,0, ,0,800,776071,0,
000059.SZ,000059,20251209,93126220,2382057,0,0,B,51400,1400,1686801,2382056,
000059.SZ,000059,20251209,93127170,2392659,C,0, ,0,5900,0,2164176,
000059.SZ,000059,20251209,93127200,2393050,0,0,B,51400,1200,1686801,2393049,
000059.SZ,000059,20251209,93131050,2439483,C,0, ,0,100,1021752,0,
000059.SZ,000059,20251209,93131280,2442369,C,0, ,0,1400,920066,0,
000059.SZ,000059,20251209,93132560,2457770,C,0, ,0,700,1795287,0,
000059.SZ,000059,20251209,93133560,2469450,0,0,S,51300,700,2469449,33850,
000059.SZ,000059,20251209,93135400,2491031,0,0,B,51400,4200,1686801,2491030,
000059.SZ,000059,20251209,93135450,2491611,0,0,B,51400,200,1686801,2491610,
000059.SZ,000059,20251209,93136170,2499108,0,0,B,51400,400,1686801,2499107,
000059.SZ,000059,20251209,93136290,2500564,C,0, ,0,4700,0,2392824,
000059.SZ,000059,20251209,93136320,2500977,0,0,B,51400,1300,1686801,2500976,
000059.SZ,000059,20251209,93136880,2508691,C,0, ,0,3100,2012159,0,
000059.SZ,000059,20251209,93137090,2511270,0,0,B,51400,1000,1686801,2511269,
000059.SZ,000059,20251209,93137090,2511285,0,0,B,51400,100,1690672,2511284,
000059.SZ,000059,20251209,93137090,2511286,0,0,B,51400,100,1703978,2511284,
000059.SZ,000059,20251209,93137090,2511288,0,0,B,51400,600,1703978,2511287,
000059.SZ,000059,20251209,93137090,2511289,0,0,B,51400,100,1757926,2511287,
000059.SZ,000059,20251209,93137090,2511290,0,0,B,51400,100,1777263,2511287,
000059.SZ,000059,20251209,93137090,2511291,0,0,B,51400,100,1842497,2511287,
000059.SZ,000059,20251209,93137090,2511292,0,0,B,51400,100,1891387,2511287,
000059.SZ,000059,20251209,93137090,2511299,0,0,B,51400,900,1891387,2511298,
000059.SZ,000059,20251209,93137090,2511305,0,0,B,51400,600,1891387,2511304,
000059.SZ,000059,20251209,93137090,2511309,0,0,B,51400,500,1891387,2511308,
000059.SZ,000059,20251209,93137760,2520861,0,0,S,51300,300,2520860,33850,
000059.SZ,000059,20251209,93139000,2534056,0,0,B,51400,800,1891387,2534055,
000059.SZ,000059,20251209,93139000,2534057,0,0,B,51400,800,1932173,2534055,
000059.SZ,000059,20251209,93139000,2534058,0,0,B,51400,1000,1937840,2534055,
000059.SZ,000059,20251209,93139000,2534059,0,0,B,51400,400,1961413,2534055,
000059.SZ,000059,20251209,93139000,2534060,0,0,B,51400,1200,1962098,2534055,
000059.SZ,000059,20251209,93139000,2534061,0,0,B,51400,3700,1985528,2534055,
000059.SZ,000059,20251209,93139000,2534062,0,0,B,51400,1100,1988599,2534055,
000059.SZ,000059,20251209,93139000,2534063,0,0,B,51400,100,2019379,2534055,
000059.SZ,000059,20251209,93139000,2534064,0,0,B,51400,300,2065813,2534055,
000059.SZ,000059,20251209,93139000,2534065,0,0,B,51400,600,2067928,2534055,
000059.SZ,000059,20251209,93139200,2536254,0,0,B,51400,600,2067928,2536253,
000059.SZ,000059,20251209,93139200,2536255,0,0,B,51400,200,2068953,2536253,
000059.SZ,000059,20251209,93139300,2537807,C,0, ,0,200,0,1287521,
000059.SZ,000059,20251209,93139300,2537810,C,0, ,0,100,0,1287523,
000059.SZ,000059,20251209,93139310,2537947,C,0, ,0,3400,0,2500758,
000059.SZ,000059,20251209,93139330,2538110,0,0,B,51400,3300,2068953,2538109,
000059.SZ,000059,20251209,93139330,2538111,0,0,B,51400,100,2068993,2538109,
000059.SZ,000059,20251209,93139380,2538868,C,0, ,0,4700,0,341168,
000059.SZ,000059,20251209,93139550,2541110,0,0,B,51400,1000,2069287,2541109,
000059.SZ,000059,20251209,93139640,2542262,0,0,B,51400,1900,2069287,2542261,
000059.SZ,000059,20251209,93141990,2568772,0,0,B,51400,3700,2069287,2568771,
000059.SZ,000059,20251209,93142190,2571218,0,0,B,51400,500,2069287,2571217,
000059.SZ,000059,20251209,93143080,2582944,0,0,B,51400,300,2069287,2582943,
000059.SZ,000059,20251209,93146710,2628453,0,0,S,51300,2500,2628452,33850,
000059.SZ,000059,20251209,93147070,2631984,C,0, ,0,1000,1376653,0,
000059.SZ,000059,20251209,93148190,2643648,0,0,B,51400,200,2069287,2643647,
000059.SZ,000059,20251209,93151160,2677471,0,0,S,51300,300,2677470,33850,
000059.SZ,000059,20251209,93157300,2749302,0,0,B,51400,600,2069287,2749301,
000059.SZ,000059,20251209,93159460,2774638,C,0, ,0,2500,0,1937542,
000059.SZ,000059,20251209,93200480,2787374,C,0, ,0,5000,680292,0,
000059.SZ,000059,20251209,93203550,2826197,0,0,B,51400,100,2069287,2826196,
000059.SZ,000059,20251209,93203550,2826198,0,0,B,51400,500,2084269,2826196,
000059.SZ,000059,20251209,93203550,2826199,0,0,B,51400,400,2084270,2826196,
000059.SZ,000059,20251209,93203550,2826200,0,0,B,51400,500,2084271,2826196,
000059.SZ,000059,20251209,93203550,2826201,0,0,B,51400,800,2084288,2826196,
000059.SZ,000059,20251209,93203550,2826202,0,0,B,51400,100,2084559,2826196,
000059.SZ,000059,20251209,93203550,2826203,0,0,B,51400,400,2084754,2826196,
000059.SZ,000059,20251209,93203550,2826204,0,0,B,51400,100,2104750,2826196,
000059.SZ,000059,20251209,93203550,2826205,0,0,B,51400,500,2105583,2826196,
000059.SZ,000059,20251209,93203550,2826206,0,0,B,51400,400,2115077,2826196,
000059.SZ,000059,20251209,93203550,2826207,0,0,B,51400,200,2115096,2826196,
000059.SZ,000059,20251209,93203550,2826208,0,0,B,51400,400,2115106,2826196,
000059.SZ,000059,20251209,93203550,2826209,0,0,B,51400,100,2147052,2826196,
000059.SZ,000059,20251209,93203560,2826370,0,0,S,51300,400,2826369,33850,
000059.SZ,000059,20251209,93203560,2826372,0,0,S,51300,300,2826371,33850,
000059.SZ,000059,20251209,93206170,2856744,0,0,B,51400,300,2164109,2856743,
000059.SZ,000059,20251209,93207590,2873637,0,0,B,51400,800,2164109,2873636,
000059.SZ,000059,20251209,93207590,2873638,0,0,B,51400,100,2164127,2873636,
000059.SZ,000059,20251209,93207590,2873639,0,0,B,51400,100,2177791,2873636,
000059.SZ,000059,20251209,93207590,2873640,0,0,B,51400,800,2178597,2873636,
000059.SZ,000059,20251209,93207590,2873641,0,0,B,51400,200,2205534,2873636,
000059.SZ,000059,20251209,93207590,2873642,0,0,B,51400,300,2207233,2873636,
000059.SZ,000059,20251209,93207590,2873643,0,0,B,51400,200,2207380,2873636,
000059.SZ,000059,20251209,93207990,2878351,C,0, ,0,5800,0,2840689,
000059.SZ,000059,20251209,93209150,2890317,0,0,B,51400,100,2207380,2890316,
000059.SZ,000059,20251209,93212180,2921994,0,0,B,51400,200,2207380,2921993,
000059.SZ,000059,20251209,93213780,2944260,0,0,S,51300,900,2944259,33850,
000059.SZ,000059,20251209,93214640,2956678,0,0,S,51300,3400,2956677,33850,
000059.SZ,000059,20251209,93214680,2957105,0,0,S,51300,100,2957104,33850,
000059.SZ,000059,20251209,93214680,2957141,0,0,S,51300,100,2957140,33850,
000059.SZ,000059,20251209,93214710,2957348,0,0,S,51300,200,2957347,33850,
000059.SZ,000059,20251209,93214710,2957359,0,0,S,51300,100,2957358,33850,
000059.SZ,000059,20251209,93215170,2962627,0,0,B,51400,200,2207380,2962626,
000059.SZ,000059,20251209,93216070,2975079,0,0,S,51300,100,2975078,33850,
000059.SZ,000059,20251209,93216080,2975157,0,0,S,51300,100,2975156,33850,
000059.SZ,000059,20251209,93217940,2997681,0,0,S,51300,200,2997680,33850,
000059.SZ,000059,20251209,93217950,2997748,0,0,S,51300,100,2997747,33850,
000059.SZ,000059,20251209,93218180,3000278,0,0,S,51300,6100,3000277,33850,
000059.SZ,000059,20251209,93218190,3000378,0,0,S,51300,100,3000377,33850,
000059.SZ,000059,20251209,93218220,3000826,0,0,S,51300,11200,3000825,33850,
000059.SZ,000059,20251209,93218220,3000827,0,0,S,51300,2000,3000825,145968,
000059.SZ,000059,20251209,93218220,3000828,0,0,S,51300,100,3000825,200310,
000059.SZ,000059,20251209,93218220,3000829,0,0,S,51300,5000,3000825,289151,
000059.SZ,000059,20251209,93218220,3000830,0,0,S,51300,5200,3000825,432699,
000059.SZ,000059,20251209,93218240,3001070,0,0,S,51300,500,3001069,432699,
000059.SZ,000059,20251209,93218240,3001072,0,0,S,51300,100,3001071,432699,
000059.SZ,000059,20251209,93218240,3001092,0,0,S,51300,300,3001091,432699,
000059.SZ,000059,20251209,93218240,3001094,0,0,S,51300,200,3001093,432699,
000059.SZ,000059,20251209,93218260,3001349,0,0,S,51300,10800,3001348,432699,
000059.SZ,000059,20251209,93218260,3001350,0,0,S,51300,900,3001348,714863,
000059.SZ,000059,20251209,93218260,3001351,0,0,S,51300,100,3001348,796174,
000059.SZ,000059,20251209,93218260,3001356,0,0,S,51300,300,3001355,796174,
000059.SZ,000059,20251209,93218260,3001357,0,0,S,51300,10000,3001355,900205,
000059.SZ,000059,20251209,93218260,3001358,0,0,S,51300,10000,3001355,978938,
000059.SZ,000059,20251209,93218260,3001359,0,0,S,51300,10200,3001355,1014462,
000059.SZ,000059,20251209,93218260,3001360,0,0,S,51300,26900,3001355,1056770,
000059.SZ,000059,20251209,93218260,3001361,0,0,S,51300,300,3001355,1172007,
000059.SZ,000059,20251209,93218260,3001362,0,0,S,51300,200,3001355,1229504,
000059.SZ,000059,20251209,93218260,3001363,0,0,S,51300,200,3001355,1286947,
000059.SZ,000059,20251209,93218260,3001364,0,0,S,51300,10000,3001355,1330867,
000059.SZ,000059,20251209,93218260,3001365,0,0,S,51300,700,3001355,1339259,
000059.SZ,000059,20251209,93218260,3001366,0,0,S,51300,200,3001355,1387893,
000059.SZ,000059,20251209,93218260,3001367,0,0,S,51300,100,3001355,1404956,
000059.SZ,000059,20251209,93218260,3001368,0,0,S,51300,100,3001355,1480119,
000059.SZ,000059,20251209,93218260,3001369,0,0,S,51300,400,3001355,1503241,
000059.SZ,000059,20251209,93218260,3001370,0,0,S,51300,100,3001355,1596330,
000059.SZ,000059,20251209,93218260,3001371,0,0,S,51300,100,3001355,1596341,
000059.SZ,000059,20251209,93218260,3001372,0,0,S,51300,100,3001355,1596366,
000059.SZ,000059,20251209,93218260,3001373,0,0,S,51300,100,3001355,1674832,
000059.SZ,000059,20251209,93218260,3001374,0,0,S,51300,300,3001355,1830836,
000059.SZ,000059,20251209,93218260,3001375,0,0,S,51300,3100,3001355,1836563,
000059.SZ,000059,20251209,93218260,3001376,0,0,S,51300,2200,3001355,1890809,
000059.SZ,000059,20251209,93218260,3001377,0,0,S,51300,400,3001355,1894256,
000059.SZ,000059,20251209,93218260,3001378,0,0,S,51300,1000,3001355,1906321,
000059.SZ,000059,20251209,93218260,3001379,0,0,S,51300,300,3001355,1950603,
000059.SZ,000059,20251209,93218260,3001380,0,0,S,51300,200,3001355,1958378,
000059.SZ,000059,20251209,93218260,3001381,0,0,S,51300,200,3001355,2031249,
000059.SZ,000059,20251209,93218260,3001382,0,0,S,51300,100,3001355,2119462,
000059.SZ,000059,20251209,93218260,3001383,0,0,S,51300,100,3001355,2169292,
000059.SZ,000059,20251209,93218260,3001384,0,0,S,51300,1200,3001355,2202302,
000059.SZ,000059,20251209,93218260,3001385,0,0,S,51300,200,3001355,2215753,
000059.SZ,000059,20251209,93218260,3001386,0,0,S,51300,100,3001355,2256789,
000059.SZ,000059,20251209,93218260,3001387,0,0,S,51300,200,3001355,2300162,
000059.SZ,000059,20251209,93218260,3001388,0,0,S,51300,10000,3001355,2496646,
000059.SZ,000059,20251209,93218260,3001389,0,0,S,51300,1900,3001355,2508612,
000059.SZ,000059,20251209,93218260,3001433,0,0,S,51300,1100,3001432,2508612,
000059.SZ,000059,20251209,93218260,3001435,0,0,S,51300,100,3001434,2508612,
000059.SZ,000059,20251209,93218260,3001437,0,0,S,51300,300,3001436,2508612,
000059.SZ,000059,20251209,93218260,3001439,0,0,S,51300,400,3001438,2508612,
000059.SZ,000059,20251209,93218260,3001441,0,0,S,51300,1700,3001440,2508612,
000059.SZ,000059,20251209,93218260,3001444,0,0,S,51300,1900,3001443,2508612,
000059.SZ,000059,20251209,93218260,3001446,0,0,S,51300,1000,3001445,2508612,
000059.SZ,000059,20251209,93218260,3001451,0,0,S,51300,2100,3001450,2508612,
000059.SZ,000059,20251209,93218260,3001452,0,0,S,51300,800,3001450,2508618,
000059.SZ,000059,20251209,93218260,3001454,0,0,S,51300,2700,3001453,2508618,
000059.SZ,000059,20251209,93218260,3001455,0,0,S,51300,1700,3001453,2511109,
000059.SZ,000059,20251209,93218260,3001462,0,0,S,51300,1000,3001461,2511109,
000059.SZ,000059,20251209,93218260,3001471,0,0,S,51300,1600,3001470,2511109,
000059.SZ,000059,20251209,93218260,3001477,0,0,S,51300,300,3001476,2511109,
000059.SZ,000059,20251209,93218260,3001478,0,0,S,51300,1200,3001476,2529229,
000059.SZ,000059,20251209,93218260,3001480,0,0,S,51300,5700,3001479,2529229,
000059.SZ,000059,20251209,93218260,3001485,0,0,S,51300,3900,3001484,2529229,
000059.SZ,000059,20251209,93218260,3001486,0,0,S,51300,2300,3001484,2531792,
000059.SZ,000059,20251209,93218260,3001488,0,0,S,51300,400,3001487,2531792,
000059.SZ,000059,20251209,93218270,3001520,0,0,S,51300,100,3001519,2531792,
000059.SZ,000059,20251209,93218270,3001521,0,0,S,51300,7700,3001519,2536274,
000059.SZ,000059,20251209,93218270,3001522,0,0,S,51300,900,3001519,2560483,
000059.SZ,000059,20251209,93218270,3001523,0,0,S,51300,1500,3001519,2767469,
000059.SZ,000059,20251209,93218270,3001525,0,0,S,51300,1000,3001524,2767469,
000059.SZ,000059,20251209,93218270,3001527,0,0,S,51300,3400,3001526,2767469,
000059.SZ,000059,20251209,93218270,3001572,0,0,B,51300,3700,3001526,3001571,
000059.SZ,000059,20251209,93218270,3001573,0,0,B,51300,1500,3001568,3001571,
000059.SZ,000059,20251209,93218270,3001577,0,0,S,51300,6400,3001576,3001571,
000059.SZ,000059,20251209,93218270,3001592,0,0,S,51200,100,3001591,33849,
000059.SZ,000059,20251209,93218350,3002627,C,0, ,0,200,0,2537860,
000059.SZ,000059,20251209,93218890,3009532,0,0,S,51200,1800,3009531,33849,
000059.SZ,000059,20251209,93219180,3012808,0,0,S,51200,2200,3012807,33849,
000059.SZ,000059,20251209,93219290,3014799,C,0, ,0,10200,3001668,0,
000059.SZ,000059,20251209,93219300,3014884,C,0, ,0,3800,3001576,0,
000059.SZ,000059,20251209,93219310,3014939,C,0, ,0,100,3001620,0,
000059.SZ,000059,20251209,93219340,3015221,C,0, ,0,200,3001625,0,
000059.SZ,000059,20251209,93219340,3015244,C,0, ,0,100,3001635,0,
000059.SZ,000059,20251209,93219350,3015356,C,0, ,0,200,3001636,0,
000059.SZ,000059,20251209,93219360,3015552,C,0, ,0,100,3001619,0,
000059.SZ,000059,20251209,93219360,3015605,C,0, ,0,100,3001617,0,
000059.SZ,000059,20251209,93219390,3015900,C,0, ,0,100,3001631,0,
000059.SZ,000059,20251209,93219400,3016095,C,0, ,0,600,3001637,0,
000059.SZ,000059,20251209,93219430,3016624,C,0, ,0,100,3001633,0,
000059.SZ,000059,20251209,93219720,3019981,0,0,B,51300,2200,3001608,3019980,
000059.SZ,000059,20251209,93219720,3019982,0,0,B,51300,400,3001610,3019980,
000059.SZ,000059,20251209,93219720,3019983,0,0,B,51300,500,3001611,3019980,
000059.SZ,000059,20251209,93219720,3019984,0,0,B,51300,1200,3001612,3019980,
000059.SZ,000059,20251209,93219720,3019985,0,0,B,51300,1900,3001613,3019980,
000059.SZ,000059,20251209,93219720,3019986,0,0,B,51300,400,3001614,3019980,
000059.SZ,000059,20251209,93219720,3019987,0,0,B,51300,300,3001615,3019980,
000059.SZ,000059,20251209,93219720,3019988,0,0,B,51300,2000,3001616,3019980,
000059.SZ,000059,20251209,93219720,3019989,0,0,B,51300,500,3001618,3019980,
000059.SZ,000059,20251209,93219720,3019990,0,0,B,51300,300,3001623,3019980,
000059.SZ,000059,20251209,93219720,3019991,0,0,B,51300,400,3001624,3019980,
000059.SZ,000059,20251209,93219720,3019992,0,0,B,51300,300,3001626,3019980,
000059.SZ,000059,20251209,93219720,3019993,0,0,B,51300,300,3001627,3019980,
000059.SZ,000059,20251209,93219720,3019994,0,0,B,51300,300,3001628,3019980,
000059.SZ,000059,20251209,93219720,3019995,0,0,B,51300,300,3001629,3019980,
000059.SZ,000059,20251209,93219720,3019996,0,0,B,51300,1800,3001630,3019980,
000059.SZ,000059,20251209,93219720,3019997,0,0,B,51300,4200,3001638,3019980,
000059.SZ,000059,20251209,93219730,3020128,C,0, ,0,100,2735466,0,
000059.SZ,000059,20251209,93220650,3028710,C,0, ,0,4900,872831,0,
000059.SZ,000059,20251209,93221310,3034613,0,0,B,51300,100,3001638,3034612,
000059.SZ,000059,20251209,93222090,3042991,C,0, ,0,100,1226379,0,
000059.SZ,000059,20251209,93222530,3047261,0,0,B,51300,200,3001638,3047260,
000059.SZ,000059,20251209,93224180,3062555,0,0,B,51300,700,3001638,3062554,
000059.SZ,000059,20251209,93224180,3062558,0,0,B,51300,1200,3001638,3062557,
000059.SZ,000059,20251209,93224180,3062560,0,0,B,51300,100,3001638,3062559,
000059.SZ,000059,20251209,93224180,3062562,0,0,B,51300,200,3001646,3062561,
000059.SZ,000059,20251209,93224280,3063684,C,0, ,0,100,3001663,0,
000059.SZ,000059,20251209,93228060,3099961,C,0, ,0,100,0,2537861,
000059.SZ,000059,20251209,93230220,3119808,0,0,B,51300,400,3001647,3119807,
000059.SZ,000059,20251209,93231560,3133696,0,0,B,51300,200,3001647,3133695,
000059.SZ,000059,20251209,93231560,3133697,0,0,B,51300,200,3001648,3133695,
000059.SZ,000059,20251209,93231890,3137384,C,0, ,0,800,2567892,0,
000059.SZ,000059,20251209,93233350,3150909,0,0,B,51300,100,3001648,3150908,
000059.SZ,000059,20251209,93233350,3150910,0,0,B,51300,300,3001650,3150908,
000059.SZ,000059,20251209,93233350,3150911,0,0,B,51300,400,3001651,3150908,
000059.SZ,000059,20251209,93233360,3150999,0,0,B,51300,100,3001651,3150998,
000059.SZ,000059,20251209,93233360,3151000,0,0,B,51300,300,3001652,3150998,
000059.SZ,000059,20251209,93233360,3151001,0,0,B,51300,300,3001653,3150998,
000059.SZ,000059,20251209,93233360,3151002,0,0,B,51300,400,3001654,3150998,
000059.SZ,000059,20251209,93233360,3151003,0,0,B,51300,100,3001655,3150998,
000059.SZ,000059,20251209,93233380,3151223,0,0,B,51300,600,3001655,3151222,
000059.SZ,000059,20251209,93233380,3151224,0,0,B,51300,300,3001656,3151222,
000059.SZ,000059,20251209,93233380,3151225,0,0,B,51300,200,3001771,3151222,
000059.SZ,000059,20251209,93233410,3151448,0,0,B,51300,3000,3001771,3151447,
000059.SZ,000059,20251209,93233410,3151449,0,0,B,51300,200,3002515,3151447,
000059.SZ,000059,20251209,93233410,3151450,0,0,B,51300,700,3020421,3151447,
000059.SZ,000059,20251209,93234550,3162620,0,0,B,51300,200,3020421,3162619,
000059.SZ,000059,20251209,93234590,3162925,0,0,B,51300,1000,3020421,3162924,
000059.SZ,000059,20251209,93235080,3167604,0,0,B,51300,300,3020421,3167603,
000059.SZ,000059,20251209,93236260,3177949,0,0,B,51300,300,3020421,3177948,
000059.SZ,000059,20251209,93239170,3206270,0,0,B,51300,100,3020421,3206269,
000059.SZ,000059,20251209,93239170,3206271,0,0,B,51300,100,3020609,3206269,
000059.SZ,000059,20251209,93239170,3206272,0,0,B,51300,100,3028790,3206269,
000059.SZ,000059,20251209,93239170,3206273,0,0,B,51300,400,3032998,3206269,
000059.SZ,000059,20251209,93239170,3206274,0,0,B,51300,100,3033110,3206269,
000059.SZ,000059,20251209,93239170,3206275,0,0,B,51300,100,3040155,3206269,
000059.SZ,000059,20251209,93239170,3206276,0,0,B,51300,100,3040188,3206269,
000059.SZ,000059,20251209,93239170,3206277,0,0,B,51300,300,3041922,3206269,
000059.SZ,000059,20251209,93239170,3206278,0,0,B,51300,400,3043105,3206269,
000059.SZ,000059,20251209,93239180,3206439,0,0,B,51300,100,3043105,3206438,
000059.SZ,000059,20251209,93239190,3206462,0,0,B,51300,100,3044118,3206461,
000059.SZ,000059,20251209,93239210,3206744,0,0,B,51300,200,3045972,3206743,
000059.SZ,000059,20251209,93239210,3206745,0,0,B,51300,9800,3046959,3206743,
000059.SZ,000059,20251209,93239610,3210518,0,0,B,51300,1900,3046959,3210517,
000059.SZ,000059,20251209,93239620,3210644,0,0,B,51300,1000,3046959,3210643,
000059.SZ,000059,20251209,93239700,3211475,0,0,B,51300,1000,3046959,3211474,
000059.SZ,000059,20251209,93239700,3211537,0,0,B,51300,100,3046959,3211536,
000059.SZ,000059,20251209,93241820,3233175,C,0, ,0,3000,0,3174833,
000059.SZ,000059,20251209,93241820,3233194,C,0, ,0,2900,0,3174834,
000059.SZ,000059,20251209,93241820,3233195,C,0, ,0,6100,0,3196049,
000059.SZ,000059,20251209,93241820,3233196,C,0, ,0,2900,0,3196050,
000059.SZ,000059,20251209,93241840,3233316,0,0,B,51300,500,3046959,3233315,
000059.SZ,000059,20251209,93241840,3233330,0,0,B,51300,100,3046959,3233329,
000059.SZ,000059,20251209,93242170,3236446,0,0,B,51300,4400,3046959,3236445,
000059.SZ,000059,20251209,93242770,3241879,0,0,B,51300,200,3046959,3241878,
000059.SZ,000059,20251209,93243080,3244716,0,0,B,51300,1100,3046959,3244715,
000059.SZ,000059,20251209,93243570,3249423,0,0,B,51300,1700,3046959,3249422,
000059.SZ,000059,20251209,93243900,3252280,0,0,B,51300,3000,3046959,3252279,
000059.SZ,000059,20251209,93243920,3252403,0,0,B,51300,3000,3046959,3252402,
000059.SZ,000059,20251209,93245150,3263177,0,0,B,51300,100,3046959,3263176,
000059.SZ,000059,20251209,93245170,3263288,0,0,S,51200,600,3263287,33849,
000059.SZ,000059,20251209,93245190,3263657,C,0, ,0,200,2841471,0,
000059.SZ,000059,20251209,93245540,3266710,0,0,B,51300,1100,3046959,3266709,
000059.SZ,000059,20251209,93245700,3268383,C,0, ,0,100,2923305,0,
000059.SZ,000059,20251209,93245700,3268384,C,0, ,0,200,2963406,0,
000059.SZ,000059,20251209,93245720,3268549,0,0,B,51300,1400,3046959,3268548,
000059.SZ,000059,20251209,93245730,3268630,C,0, ,0,200,2945132,0,
000059.SZ,000059,20251209,93245750,3268806,C,0, ,0,600,2997853,0,
000059.SZ,000059,20251209,93245750,3268810,C,0, ,0,100,2998327,0,
000059.SZ,000059,20251209,93245750,3268811,C,0, ,0,200,2975254,0,
000059.SZ,000059,20251209,93245750,3268816,C,0, ,0,1000,2950843,0,
000059.SZ,000059,20251209,93245750,3268824,C,0, ,0,100,2997839,0,
000059.SZ,000059,20251209,93245750,3268842,C,0, ,0,200,2975285,0,
000059.SZ,000059,20251209,93245760,3268922,C,0, ,0,400,2998188,0,
000059.SZ,000059,20251209,93245760,3268969,C,0, ,0,600,2975455,0,
000059.SZ,000059,20251209,93245760,3268971,C,0, ,0,500,2975462,0,
000059.SZ,000059,20251209,93245760,3268972,C,0, ,0,1500,2957367,0,
000059.SZ,000059,20251209,93245770,3268992,C,0, ,0,100,2975282,0,
000059.SZ,000059,20251209,93245900,3270636,0,0,B,51300,200,3046959,3270635,
000059.SZ,000059,20251209,93245960,3271320,0,0,B,51300,800,3046959,3271319,
000059.SZ,000059,20251209,93245960,3271321,0,0,B,51300,300,3046967,3271319,
000059.SZ,000059,20251209,93245970,3271377,0,0,B,51300,1000,3046967,3271376,
000059.SZ,000059,20251209,93245970,3271378,0,0,B,51300,100,3050331,3271376,
000059.SZ,000059,20251209,93245970,3271379,0,0,B,51300,1100,3065131,3271376,
000059.SZ,000059,20251209,93245970,3271380,0,0,B,51300,100,3067196,3271376,
000059.SZ,000059,20251209,93245970,3271381,0,0,B,51300,800,3141203,3271376,
000059.SZ,000059,20251209,93245970,3271382,0,0,B,51300,300,3148518,3271376,
000059.SZ,000059,20251209,93245970,3271383,0,0,B,51300,1700,3177455,3271376,
000059.SZ,000059,20251209,93245980,3271502,0,0,B,51300,1100,3177455,3271501,
000059.SZ,000059,20251209,93245980,3271503,0,0,B,51300,100,3197763,3271501,
000059.SZ,000059,20251209,93245980,3271504,0,0,B,51300,4600,3238515,3271501,
000059.SZ,000059,20251209,93245980,3271505,0,0,B,51300,200,3266479,3271501,
000059.SZ,000059,20251209,93245980,3271506,0,0,B,51300,200,3268814,3271501,
000059.SZ,000059,20251209,93245980,3271507,0,0,B,51300,100,3268835,3271501,
000059.SZ,000059,20251209,93245980,3271508,0,0,B,51300,200,3269456,3271501,
000059.SZ,000059,20251209,93245980,3271509,0,0,B,51300,100,3269457,3271501,
000059.SZ,000059,20251209,93245980,3271510,0,0,B,51300,1000,3269463,3271501,
000059.SZ,000059,20251209,93245980,3271511,0,0,B,51300,400,3269470,3271501,
000059.SZ,000059,20251209,93245980,3271512,0,0,B,51300,600,3269517,3271501,
000059.SZ,000059,20251209,93245980,3271513,0,0,B,51300,600,3269571,3271501,
000059.SZ,000059,20251209,93245980,3271514,0,0,B,51300,100,3269686,3271501,
000059.SZ,000059,20251209,93245980,3271515,0,0,B,51300,200,3269688,3271501,
000059.SZ,000059,20251209,93245980,3271516,0,0,B,51300,200,3269796,3271501,
000059.SZ,000059,20251209,93245980,3271517,0,0,B,51300,500,3271153,3271501,
000059.SZ,000059,20251209,93245980,3271518,0,0,B,51300,100,3271259,3271501,
000059.SZ,000059,20251209,93246070,3272631,0,0,B,51300,1000,3271405,3272630,
000059.SZ,000059,20251209,93246080,3272711,0,0,B,51300,200,3271405,3272710,
000059.SZ,000059,20251209,93246390,3275676,0,0,B,51300,100,3271405,3275675,
000059.SZ,000059,20251209,93246390,3275732,0,0,B,51300,200,3271405,3275731,
000059.SZ,000059,20251209,93246400,3275828,C,0, ,0,200,2944502,0,
000059.SZ,000059,20251209,93246410,3275831,C,0, ,0,200,2944523,0,
000059.SZ,000059,20251209,93247260,3282998,0,0,S,51300,1300,3282997,3275731,
000059.SZ,000059,20251209,93247340,3283786,0,0,S,51300,100,3283785,3275731,
000059.SZ,000059,20251209,93248220,3291522,0,0,B,51400,100,2207380,3291521,
000059.SZ,000059,20251209,93251180,3319117,C,0, ,0,1800,2780946,0,
000059.SZ,000059,20251209,93251290,3320161,0,0,S,51300,400,3320160,3275731,
000059.SZ,000059,20251209,93251290,3320162,0,0,S,51300,300,3320160,3275833,
000059.SZ,000059,20251209,93251290,3320163,0,0,S,51300,100,3320160,3280326,
000059.SZ,000059,20251209,93251290,3320164,0,0,S,51300,1100,3320160,3288057,
000059.SZ,000059,20251209,93251290,3320165,0,0,S,51300,100,3320160,3289109,
000059.SZ,000059,20251209,93252110,3328687,C,0, ,0,800,0,3245711,
000059.SZ,000059,20251209,93252140,3329015,C,0, ,0,600,0,3242937,
000059.SZ,000059,20251209,93252680,3334255,C,0, ,0,1500,821615,0,
000059.SZ,000059,20251209,93253250,3338923,C,0, ,0,100,0,3002657,
000059.SZ,000059,20251209,93300180,3401628,C,0, ,0,100,0,3290588,
000059.SZ,000059,20251209,93301080,3412381,0,0,S,51300,200,3412380,3289109,
000059.SZ,000059,20251209,93303150,3432474,C,0, ,0,100,0,3290604,
000059.SZ,000059,20251209,93303150,3432475,C,0, ,0,100,0,3290572,
000059.SZ,000059,20251209,93303150,3432494,C,0, ,0,500,0,3290580,
000059.SZ,000059,20251209,93303150,3432497,C,0, ,0,100,0,3290589,
000059.SZ,000059,20251209,93303150,3432499,C,0, ,0,400,0,3290583,
000059.SZ,000059,20251209,93303150,3432500,C,0, ,0,200,0,3290590,
000059.SZ,000059,20251209,93303150,3432506,C,0, ,0,400,0,3290594,
000059.SZ,000059,20251209,93303160,3432528,C,0, ,0,100,0,3290605,
000059.SZ,000059,20251209,93303160,3432529,C,0, ,0,100,0,3290586,
000059.SZ,000059,20251209,93303160,3432559,C,0, ,0,100,0,3290602,
000059.SZ,000059,20251209,93303190,3432917,C,0, ,0,100,0,3290606,
000059.SZ,000059,20251209,93303190,3432924,C,0, ,0,100,0,3290575,
000059.SZ,000059,20251209,93303210,3433068,C,0, ,0,100,0,3290752,
000059.SZ,000059,20251209,93303210,3433151,C,0, ,0,100,0,3290750,
000059.SZ,000059,20251209,93303540,3436396,0,0,S,51300,100,3436395,3289109,
000059.SZ,000059,20251209,93314680,3548083,C,0, ,0,10000,660216,0,
000059.SZ,000059,20251209,93315350,3553699,0,0,S,51300,100,3553698,3289109,
000059.SZ,000059,20251209,93319370,3592767,0,0,B,51400,1000,2207380,3592766,
000059.SZ,000059,20251209,93319370,3592768,0,0,B,51400,400,2246874,3592766,
000059.SZ,000059,20251209,93323780,3632475,C,0, ,0,900,1987298,0,
000059.SZ,000059,20251209,93327370,3662524,C,0, ,0,2800,3427417,0,
000059.SZ,000059,20251209,93333100,3711040,0,0,S,51300,300,3711039,3289109,
000059.SZ,000059,20251209,93335720,3733682,C,0, ,0,100,3692806,0,
000059.SZ,000059,20251209,93335890,3734833,0,0,S,51300,100,3734832,3289109,
000059.SZ,000059,20251209,93339580,3766749,0,0,S,51300,100,3766748,3289109,
000059.SZ,000059,20251209,93340590,3777037,0,0,S,51300,100,3777036,3289109,
000059.SZ,000059,20251209,93344780,3816643,C,0, ,0,1800,3437233,0,
000059.SZ,000059,20251209,93347690,3843717,0,0,B,51400,100,2246882,3843716,
000059.SZ,000059,20251209,93347690,3843718,0,0,B,51400,100,2246908,3843716,
000059.SZ,000059,20251209,93347690,3843719,0,0,B,51400,100,2247065,3843716,
000059.SZ,000059,20251209,93347690,3843720,0,0,B,51400,400,2247526,3843716,
000059.SZ,000059,20251209,93347690,3843721,0,0,B,51400,100,2277010,3843716,
000059.SZ,000059,20251209,93347690,3843722,0,0,B,51400,100,2320175,3843716,
000059.SZ,000059,20251209,93347690,3843723,0,0,B,51400,100,2354445,3843716,
000059.SZ,000059,20251209,93349410,3859668,0,0,S,51300,600,3859667,3289109,
000059.SZ,000059,20251209,93349410,3859669,0,0,S,51300,200,3859667,3290938,
000059.SZ,000059,20251209,93350020,3864899,C,0, ,0,3100,2623518,0,
000059.SZ,000059,20251209,93350900,3872154,C,0, ,0,400,0,3354931,
000059.SZ,000059,20251209,93351720,3879309,C,0, ,0,1000,3807831,0,
000059.SZ,000059,20251209,93356870,3923306,0,0,S,51300,700,3923305,3290938,
000059.SZ,000059,20251209,93356870,3923307,0,0,S,51300,100,3923305,3292049,
000059.SZ,000059,20251209,93356870,3923308,0,0,S,51300,100,3923305,3293698,
000059.SZ,000059,20251209,93356870,3923309,0,0,S,51300,300,3923305,3293699,
000059.SZ,000059,20251209,93356870,3923310,0,0,S,51300,100,3923305,3293705,
000059.SZ,000059,20251209,93356870,3923311,0,0,S,51300,100,3923305,3293706,
000059.SZ,000059,20251209,93357030,3924492,C,0, ,0,3000,417388,0,
000059.SZ,000059,20251209,93401300,3966475,0,0,S,51300,100,3966474,3293706,
000059.SZ,000059,20251209,93401310,3966511,C,0, ,0,4500,0,3400775,
000059.SZ,000059,20251209,93401310,3966514,0,0,S,51300,100,3966513,3293706,
000059.SZ,000059,20251209,93401310,3966515,0,0,S,51300,100,3966513,3294256,
000059.SZ,000059,20251209,93401310,3966529,C,0, ,0,1800,0,3869090,
000059.SZ,000059,20251209,93402970,3982034,0,0,B,51400,300,2354445,3982033,
000059.SZ,000059,20251209,93402970,3982035,0,0,B,51400,100,2427018,3982033,
000059.SZ,000059,20251209,93404140,3992452,0,0,S,51300,200,3992451,3294256,
000059.SZ,000059,20251209,93404140,3992453,0,0,S,51300,500,3992451,3294541,
000059.SZ,000059,20251209,93404140,3992454,0,0,S,51300,100,3992451,3295090,
000059.SZ,000059,20251209,93404140,3992455,0,0,S,51300,100,3992451,3295494,
000059.SZ,000059,20251209,93404140,3992456,0,0,S,51300,300,3992451,3295495,
000059.SZ,000059,20251209,93404140,3992457,0,0,S,51300,900,3992451,3295954,
000059.SZ,000059,20251209,93405030,4000362,C,0, ,0,4900,3966594,0,
000059.SZ,000059,20251209,93408500,4030225,C,0, ,0,400,0,3278212,
000059.SZ,000059,20251209,93408740,4032062,C,0, ,0,7300,2780965,0,
000059.SZ,000059,20251209,93408740,4032069,C,0, ,0,4200,3950997,0,
000059.SZ,000059,20251209,93408750,4032149,C,0, ,0,4500,3960408,0,
000059.SZ,000059,20251209,93408750,4032175,C,0, ,0,2900,3951080,0,
000059.SZ,000059,20251209,93409190,4035567,0,0,B,51400,300,2427018,4035566,
000059.SZ,000059,20251209,93409190,4035568,0,0,B,51400,1300,2427041,4035566,
000059.SZ,000059,20251209,93409210,4035750,C,0, ,0,1500,0,3249656,
000059.SZ,000059,20251209,93410460,4047849,0,0,B,51400,1000,2427041,4047848,
000059.SZ,000059,20251209,93412190,4062814,0,0,S,51300,100,4062813,3295954,
000059.SZ,000059,20251209,93413310,4073117,C,0, ,0,100,3966785,0,
000059.SZ,000059,20251209,93414160,4080431,C,0, ,0,3400,0,387348,
000059.SZ,000059,20251209,93414740,4084534,C,0, ,0,33400,385290,0,
000059.SZ,000059,20251209,93421810,4141593,0,0,S,51300,100,4141592,3296334,
000059.SZ,000059,20251209,93422180,4144388,0,0,B,51400,100,2427041,4144387,
000059.SZ,000059,20251209,93422180,4144389,0,0,B,51400,100,2451897,4144387,
000059.SZ,000059,20251209,93422180,4144390,0,0,B,51400,200,2491169,4144387,
000059.SZ,000059,20251209,93422180,4144391,0,0,B,51400,600,2498817,4144387,
000059.SZ,000059,20251209,93422180,4144392,0,0,B,51400,2100,2498820,4144387,
000059.SZ,000059,20251209,93422180,4144393,0,0,B,51400,1600,2536191,4144387,
000059.SZ,000059,20251209,93422180,4144394,0,0,B,51400,200,2571371,4144387,
000059.SZ,000059,20251209,93422180,4144395,0,0,B,51400,700,2571388,4144387,
000059.SZ,000059,20251209,93422180,4144396,0,0,B,51400,100,2571428,4144387,
000059.SZ,000059,20251209,93422180,4144397,0,0,B,51400,2400,2572098,4144387,
000059.SZ,000059,20251209,93422180,4144398,0,0,B,51400,2100,2572248,4144387,
000059.SZ,000059,20251209,93422180,4144399,0,0,B,51400,1300,2607683,4144387,
000059.SZ,000059,20251209,93422180,4144400,0,0,B,51400,100,2618412,4144387,
000059.SZ,000059,20251209,93422180,4144401,0,0,B,51400,200,2619356,4144387,
000059.SZ,000059,20251209,93422180,4144402,0,0,B,51400,100,2619663,4144387,
000059.SZ,000059,20251209,93422180,4144403,0,0,B,51400,100,2619809,4144387,
000059.SZ,000059,20251209,93422180,4144404,0,0,B,51400,100,2621584,4144387,
000059.SZ,000059,20251209,93422180,4144405,0,0,B,51400,400,2623295,4144387,
000059.SZ,000059,20251209,93422180,4144406,0,0,B,51400,2000,2643397,4144387,
000059.SZ,000059,20251209,93422180,4144407,0,0,B,51400,1300,2656872,4144387,
000059.SZ,000059,20251209,93422180,4144408,0,0,B,51400,400,2711589,4144387,
000059.SZ,000059,20251209,93422180,4144409,0,0,B,51400,1200,2748865,4144387,
000059.SZ,000059,20251209,93422180,4144410,0,0,B,51400,100,2753080,4144387,
000059.SZ,000059,20251209,93422180,4144411,0,0,B,51400,100,2753501,4144387,
000059.SZ,000059,20251209,93422180,4144412,0,0,B,51400,100,2753844,4144387,
000059.SZ,000059,20251209,93422180,4144413,0,0,B,51400,100,2754262,4144387,
000059.SZ,000059,20251209,93422180,4144414,0,0,B,51400,100,2755138,4144387,
000059.SZ,000059,20251209,93422180,4144415,0,0,B,51400,500,2755152,4144387,
000059.SZ,000059,20251209,93422180,4144416,0,0,B,51400,100,2782307,4144387,
000059.SZ,000059,20251209,93422180,4144417,0,0,B,51400,200,2782931,4144387,
000059.SZ,000059,20251209,93422290,4145242,0,0,S,51300,1400,4145241,3296523,
000059.SZ,000059,20251209,93422290,4145243,0,0,S,51300,100,4145241,3296726,
000059.SZ,000059,20251209,93422290,4145244,0,0,S,51300,200,4145241,3296976,
000059.SZ,000059,20251209,93422290,4145245,0,0,S,51300,100,4145241,3296981,
000059.SZ,000059,20251209,93422290,4145246,0,0,S,51300,100,4145241,3296984,
000059.SZ,000059,20251209,93422290,4145247,0,0,S,51300,600,4145241,3297149,
000059.SZ,000059,20251209,93422290,4145248,0,0,S,51300,1600,4145241,3297150,
000059.SZ,000059,20251209,93422290,4145249,0,0,S,51300,3400,4145241,3298787,
000059.SZ,000059,20251209,93422290,4145250,0,0,S,51300,100,4145241,3298809,
000059.SZ,000059,20251209,93422290,4145251,0,0,S,51300,900,4145241,3298810,
000059.SZ,000059,20251209,93422290,4145252,0,0,S,51300,200,4145241,3298812,
000059.SZ,000059,20251209,93422290,4145253,0,0,S,51300,100,4145241,3298823,
000059.SZ,000059,20251209,93422290,4145254,0,0,S,51300,1100,4145241,3298927,
000059.SZ,000059,20251209,93422290,4145255,0,0,S,51300,1300,4145241,3298952,
000059.SZ,000059,20251209,93422830,4149363,C,0, ,0,3500,2974705,0,
000059.SZ,000059,20251209,93424210,4159488,0,0,S,51300,100,4159487,3298952,
000059.SZ,000059,20251209,93426090,4173671,C,0, ,0,300,0,4032977,
000059.SZ,000059,20251209,93426410,4175914,0,0,B,51400,300,2782931,4175913,
000059.SZ,000059,20251209,93426810,4178369,C,0, ,0,33400,389415,0,
000059.SZ,000059,20251209,93430190,4203403,C,0, ,0,1900,3000522,0,
000059.SZ,000059,20251209,93432080,4219035,C,0, ,0,3000,4131014,0,
000059.SZ,000059,20251209,93432780,4223997,0,0,B,51400,1900,2782931,4223996,
000059.SZ,000059,20251209,93432780,4223998,0,0,B,51400,300,2811357,4223996,
000059.SZ,000059,20251209,93432780,4223999,0,0,B,51400,400,2822169,4223996,
000059.SZ,000059,20251209,93432780,4224000,0,0,B,51400,200,2840846,4223996,
000059.SZ,000059,20251209,93432780,4224001,0,0,B,51400,1200,2840867,4223996,
000059.SZ,000059,20251209,93432780,4224002,0,0,B,51400,100,2840957,4223996,
000059.SZ,000059,20251209,93432780,4224003,0,0,B,51400,900,2890293,4223996,
000059.SZ,000059,20251209,93432920,4225089,0,0,B,51400,200,2890293,4225088,
000059.SZ,000059,20251209,93432920,4225090,0,0,B,51400,200,2890295,4225088,
000059.SZ,000059,20251209,93433150,4226707,0,0,S,51300,1900,4226706,3298952,
000059.SZ,000059,20251209,93436900,4255881,C,0, ,0,1900,0,3633365,
000059.SZ,000059,20251209,93437110,4257297,0,0,B,51400,400,2890295,4257296,
000059.SZ,000059,20251209,93437110,4257298,0,0,B,51400,1500,2934142,4257296,
000059.SZ,000059,20251209,93439100,4271536,0,0,S,51300,200,4271535,3298952,
000059.SZ,000059,20251209,93439760,4276571,C,0, ,0,28600,0,1418412,
000059.SZ,000059,20251209,93441790,4291398,0,0,S,51300,900,4291397,3298952,
000059.SZ,000059,20251209,93442160,4293662,C,0, ,0,500,3635970,0,
000059.SZ,000059,20251209,93442190,4293856,C,0, ,0,3000,4112382,0,
000059.SZ,000059,20251209,93442190,4293877,C,0, ,0,1900,3925235,0,
000059.SZ,000059,20251209,93445150,4315387,0,0,S,51300,500,4315386,3298952,
000059.SZ,000059,20251209,93445200,4315650,C,0, ,0,300,3432468,0,
000059.SZ,000059,20251209,93445200,4315654,C,0, ,0,2200,3791716,0,
000059.SZ,000059,20251209,93445200,4315656,0,0,S,51300,3000,4315655,3298952,
000059.SZ,000059,20251209,93445200,4315672,C,0, ,0,2700,3347162,0,
000059.SZ,000059,20251209,93445230,4315967,0,0,S,51300,1900,4315966,3298952,
000059.SZ,000059,20251209,93448150,4337319,0,0,S,51300,300,4337318,3298952,
000059.SZ,000059,20251209,93448180,4337574,0,0,S,51300,100,4337573,3298952,
000059.SZ,000059,20251209,93448200,4337721,0,0,S,51300,2200,4337720,3298952,
000059.SZ,000059,20251209,93448200,4337725,0,0,S,51300,2700,4337724,3298952,
000059.SZ,000059,20251209,93448200,4337759,0,0,S,51300,300,4337758,3298952,
000059.SZ,000059,20251209,93448200,4337761,0,0,S,51300,300,4337760,3298952,
000059.SZ,000059,20251209,93448590,4340839,0,0,B,51400,2700,2934142,4340838,
000059.SZ,000059,20251209,93448590,4340840,0,0,B,51400,100,2958339,4340838,
000059.SZ,000059,20251209,93448590,4340841,0,0,B,51400,200,3009070,4340838,
000059.SZ,000059,20251209,93448590,4340842,0,0,B,51400,100,3029418,4340838,
000059.SZ,000059,20251209,93450030,4351594,C,0, ,0,300,3364700,0,
000059.SZ,000059,20251209,93450080,4351994,0,0,S,51300,300,4351993,3298952,
000059.SZ,000059,20251209,93455710,4392467,0,0,S,51300,600,4392466,3298952,
000059.SZ,000059,20251209,93455710,4392468,0,0,S,51300,100,4392466,3299098,
000059.SZ,000059,20251209,93455710,4392469,0,0,S,51300,800,4392466,3299140,
000059.SZ,000059,20251209,93501710,4442486,C,0, ,0,1100,0,3589489,
000059.SZ,000059,20251209,93503780,4460915,C,0, ,0,100,0,3812254,
000059.SZ,000059,20251209,93504800,4471677,0,0,S,51300,100,4471676,3299140,
000059.SZ,000059,20251209,93504870,4472287,C,0, ,0,10000,0,4170990,
000059.SZ,000059,20251209,93506040,4483522,0,0,B,51400,100,3029418,4483521,
000059.SZ,000059,20251209,93506040,4483523,0,0,B,51400,200,3278328,4483521,
000059.SZ,000059,20251209,93506040,4483524,0,0,B,51400,200,3278329,4483521,
000059.SZ,000059,20251209,93506040,4483525,0,0,B,51400,100,3283065,4483521,
000059.SZ,000059,20251209,93506040,4483526,0,0,B,51400,100,3283171,4483521,
000059.SZ,000059,20251209,93506040,4483527,0,0,B,51400,300,3296682,4483521,
000059.SZ,000059,20251209,93506040,4483528,0,0,B,51400,100,3346654,4483521,
000059.SZ,000059,20251209,93506040,4483529,0,0,B,51400,1500,3381933,4483521,
000059.SZ,000059,20251209,93506040,4483530,0,0,B,51400,1100,3398491,4483521,
000059.SZ,000059,20251209,93506040,4483531,0,0,B,51400,200,3437120,4483521,
000059.SZ,000059,20251209,93506040,4483532,0,0,B,51400,100,3444123,4483521,
000059.SZ,000059,20251209,93506040,4483533,0,0,B,51400,400,3580897,4483521,
000059.SZ,000059,20251209,93506040,4483534,0,0,B,51400,100,3581054,4483521,
000059.SZ,000059,20251209,93506050,4483668,0,0,B,51400,600,3581054,4483667,
000059.SZ,000059,20251209,93506050,4483669,0,0,B,51400,100,3587838,4483667,
000059.SZ,000059,20251209,93506060,4483797,C,0, ,0,4200,4445145,0,
000059.SZ,000059,20251209,93506180,4485024,0,0,S,51300,100,4485023,3299140,
000059.SZ,000059,20251209,93509240,4514671,0,0,B,51400,100,3587839,4514670,
000059.SZ,000059,20251209,93509240,4514672,0,0,B,51400,100,3587842,4514670,
000059.SZ,000059,20251209,93512330,4547155,C,0, ,0,400,1150037,0,
000059.SZ,000059,20251209,93512940,4553431,C,0, ,0,600,0,3505251,
000059.SZ,000059,20251209,93513280,4557129,0,0,S,51300,100,4557128,3299140,
000059.SZ,000059,20251209,93514620,4570777,0,0,B,51400,100,3587843,4570776,
000059.SZ,000059,20251209,93514620,4570778,0,0,B,51400,100,3587844,4570776,
000059.SZ,000059,20251209,93514620,4570779,0,0,B,51400,100,3587845,4570776,
000059.SZ,000059,20251209,93514620,4570780,0,0,B,51400,100,3587846,4570776,
000059.SZ,000059,20251209,93514620,4570781,0,0,B,51400,100,3587847,4570776,
000059.SZ,000059,20251209,93514620,4570782,0,0,B,51400,100,3587856,4570776,
000059.SZ,000059,20251209,93514620,4570783,0,0,B,51400,100,3587882,4570776,
000059.SZ,000059,20251209,93514620,4570784,0,0,B,51400,100,3588027,4570776,
000059.SZ,000059,20251209,93514620,4570785,0,0,B,51400,100,3589861,4570776,
000059.SZ,000059,20251209,93514620,4570786,0,0,B,51400,100,3602438,4570776,
000059.SZ,000059,20251209,93519390,4614456,0,0,B,51400,600,3602438,4614455,
000059.SZ,000059,20251209,93519390,4614457,0,0,B,51400,100,3665785,4614455,
000059.SZ,000059,20251209,93519390,4614458,0,0,B,51400,100,3722299,4614455,
000059.SZ,000059,20251209,93519390,4614459,0,0,B,51400,100,3722383,4614455,
000059.SZ,000059,20251209,93519390,4614460,0,0,B,51400,100,3732720,4614455,
000059.SZ,000059,20251209,93519390,4614462,0,0,B,51400,800,3732720,4614461,
000059.SZ,000059,20251209,93519390,4614492,0,0,S,51300,100,4614491,3299140,
000059.SZ,000059,20251209,93520220,4620683,C,0, ,0,3000,0,4582468,
000059.SZ,000059,20251209,93521210,4627731,0,0,B,51400,100,3820653,4627730,
000059.SZ,000059,20251209,93521220,4627777,0,0,B,51400,100,3820653,4627776,
000059.SZ,000059,20251209,93524080,4649538,C,0, ,0,2300,0,4032036,
000059.SZ,000059,20251209,93527070,4671553,C,0, ,0,4900,0,4032031,
000059.SZ,000059,20251209,93527310,4673566,C,0, ,0,6200,0,4625696,
000059.SZ,000059,20251209,93528810,4686044,0,0,S,51300,100,4686043,3299140,
000059.SZ,000059,20251209,93530510,4698732,C,0, ,0,3500,4534013,0,
000059.SZ,000059,20251209,93531190,4704115,0,0,B,51400,300,3820653,4704114,
000059.SZ,000059,20251209,93531190,4704116,0,0,B,51400,100,3831385,4704114,
000059.SZ,000059,20251209,93531190,4704117,0,0,B,51400,600,3869036,4704114,
000059.SZ,000059,20251209,93531190,4704118,0,0,B,51400,1300,3909025,4704114,
000059.SZ,000059,20251209,93531190,4704119,0,0,B,51400,100,3926070,4704114,
000059.SZ,000059,20251209,93531190,4704120,0,0,B,51400,300,3960339,4704114,
000059.SZ,000059,20251209,93531190,4704121,0,0,B,51400,100,3992979,4704114,
000059.SZ,000059,20251209,93531190,4704122,0,0,B,51400,1200,4036751,4704114,
000059.SZ,000059,20251209,93531190,4704123,0,0,B,51400,100,4047514,4704114,
000059.SZ,000059,20251209,93531190,4704124,0,0,B,51400,1200,4048740,4704114,
000059.SZ,000059,20251209,93531190,4704125,0,0,B,51400,600,4056923,4704114,
000059.SZ,000059,20251209,93531190,4704126,0,0,B,51400,300,4085490,4704114,
000059.SZ,000059,20251209,93531190,4704127,0,0,B,51400,200,4098204,4704114,
000059.SZ,000059,20251209,93531190,4704128,0,0,B,51400,1100,4121947,4704114,
000059.SZ,000059,20251209,93531190,4704129,0,0,B,51400,100,4172504,4704114,
000059.SZ,000059,20251209,93531190,4704130,0,0,B,51400,200,4181108,4704114,
000059.SZ,000059,20251209,93531190,4704131,0,0,B,51400,100,4190016,4704114,
000059.SZ,000059,20251209,93531190,4704132,0,0,B,51400,2100,4209644,4704114,
000059.SZ,000059,20251209,93531190,4704133,0,0,B,51400,200,4215082,4704114,
000059.SZ,000059,20251209,93531190,4704134,0,0,B,51400,2000,4231407,4704114,
000059.SZ,000059,20251209,93531190,4704135,0,0,B,51400,1600,4233367,4704114,
000059.SZ,000059,20251209,93531190,4704136,0,0,B,51400,2000,4276248,4704114,
000059.SZ,000059,20251209,93531190,4704137,0,0,B,51400,1700,4299796,4704114,
000059.SZ,000059,20251209,93531190,4704138,0,0,B,51400,1200,4321282,4704114,
000059.SZ,000059,20251209,93531190,4704139,0,0,B,51400,1800,4339034,4704114,
000059.SZ,000059,20251209,93531190,4704140,0,0,B,51400,1800,4344857,4704114,
000059.SZ,000059,20251209,93531190,4704141,0,0,B,51400,1800,4345059,4704114,
000059.SZ,000059,20251209,93531190,4704142,0,0,B,51400,1800,4348638,4704114,
000059.SZ,000059,20251209,93531190,4704143,0,0,B,51400,1100,4363658,4704114,
000059.SZ,000059,20251209,93531190,4704144,0,0,B,51400,100,4366745,4704114,
000059.SZ,000059,20251209,93531190,4704145,0,0,B,51400,400,4386013,4704114,
000059.SZ,000059,20251209,93531190,4704146,0,0,B,51400,100,4402254,4704114,
000059.SZ,000059,20251209,93531190,4704147,0,0,B,51400,100,4403099,4704114,
000059.SZ,000059,20251209,93531190,4704148,0,0,B,51400,1000,4407406,4704114,
000059.SZ,000059,20251209,93531190,4704149,0,0,B,51400,4500,4436031,4704114,
000059.SZ,000059,20251209,93531190,4704150,0,0,B,51400,100,4505700,4704114,
000059.SZ,000059,20251209,93531190,4704151,0,0,B,51400,300,4507076,4704114,
000059.SZ,000059,20251209,93531190,4704152,0,0,B,51400,100,4568983,4704114,
000059.SZ,000059,20251209,93531190,4704153,0,0,B,51400,100,4569624,4704114,
000059.SZ,000059,20251209,93531190,4704154,0,0,B,51400,100,4571342,4704114,
000059.SZ,000059,20251209,93531190,4704155,0,0,B,51400,100,4571478,4704114,
000059.SZ,000059,20251209,93531190,4704156,0,0,B,51400,500,4576229,4704114,
000059.SZ,000059,20251209,93531190,4704157,0,0,B,51400,900,4627665,4704114,
000059.SZ,000059,20251209,93531190,4704158,0,0,B,51400,1600,4627835,4704114,
000059.SZ,000059,20251209,93531190,4704159,0,0,B,51400,700,4638837,4704114,
000059.SZ,000059,20251209,93531190,4704160,0,0,B,51400,100,4639038,4704114,
000059.SZ,000059,20251209,93531190,4704161,0,0,B,51400,1100,4662402,4704114,
000059.SZ,000059,20251209,93531190,4704162,0,0,B,51400,100,4665833,4704114,
000059.SZ,000059,20251209,93531190,4704204,0,0,B,51400,300,4665833,4704203,
000059.SZ,000059,20251209,93531190,4704205,0,0,B,51400,600,4671563,4704203,
000059.SZ,000059,20251209,93531190,4704208,0,0,B,51400,900,4671563,4704207,
000059.SZ,000059,20251209,93531190,4704210,0,0,B,51400,200,4671563,4704209,
000059.SZ,000059,20251209,93531190,4704212,0,0,B,51400,1100,4671563,4704211,
000059.SZ,000059,20251209,93531190,4704214,0,0,B,51400,1400,4671563,4704213,
000059.SZ,000059,20251209,93531190,4704215,0,0,B,51400,600,4672166,4704213,
000059.SZ,000059,20251209,93531190,4704217,0,0,B,51400,300,4672166,4704216,
000059.SZ,000059,20251209,93531190,4704219,0,0,B,51400,1100,4672166,4704218,
000059.SZ,000059,20251209,93531190,4704221,0,0,B,51400,100,4672166,4704220,
000059.SZ,000059,20251209,93531190,4704222,0,0,B,51400,300,4704198,4704220,
000059.SZ,000059,20251209,93531200,4704310,0,0,S,51400,56,4704309,4704220,
000059.SZ,000059,20251209,93531200,4704314,0,0,S,51400,500,4704313,4704220,
000059.SZ,000059,20251209,93531200,4704316,0,0,S,51400,44,4704315,4704220,
000059.SZ,000059,20251209,93531200,4704317,0,0,S,51400,156,4704315,4704223,
000059.SZ,000059,20251209,93531200,4704324,C,0, ,0,4200,0,4031989,
000059.SZ,000059,20251209,93531220,4704463,0,0,S,51400,44,4704462,4704223,
000059.SZ,000059,20251209,93531220,4704464,0,0,S,51400,56,4704462,4704224,
000059.SZ,000059,20251209,93531250,4704840,0,0,S,51400,700,4704839,4704224,
000059.SZ,000059,20251209,93531280,4705111,0,0,S,51400,144,4705110,4704224,
000059.SZ,000059,20251209,93531280,4705112,0,0,S,51400,1056,4705110,4704225,
000059.SZ,000059,20251209,93531850,4710015,0,0,S,51400,100,4710014,4704225,
000059.SZ,000059,20251209,93532000,4711406,0,0,S,51400,100,4711405,4704225,
000059.SZ,000059,20251209,93532260,4713515,0,0,S,51400,100,4713514,4704225,
000059.SZ,000059,20251209,93533030,4719364,0,0,S,51400,100,4719363,4704225,
000059.SZ,000059,20251209,93533770,4725698,0,0,S,51400,144,4725697,4704225,
000059.SZ,000059,20251209,93533770,4725699,0,0,S,51400,156,4725697,4704226,
000059.SZ,000059,20251209,93533790,4725935,0,0,S,51400,100,4725934,4704226,
000059.SZ,000059,20251209,93533940,4726953,0,0,S,51400,244,4726952,4704226,
000059.SZ,000059,20251209,93533940,4726954,0,0,S,51400,256,4726952,4704227,
000059.SZ,000059,20251209,93534180,4728959,0,0,S,51400,644,4728958,4704227,
000059.SZ,000059,20251209,93534180,4728960,0,0,S,51400,200,4728958,4704228,
000059.SZ,000059,20251209,93534180,4728961,0,0,S,51400,856,4728958,4704232,
000059.SZ,000059,20251209,93534190,4729030,0,0,S,51400,300,4729029,4704232,
000059.SZ,000059,20251209,93534190,4729032,0,0,S,51400,44,4729031,4704232,
000059.SZ,000059,20251209,93534190,4729033,0,0,S,51400,100,4729031,4704233,
000059.SZ,000059,20251209,93534190,4729034,0,0,S,51400,156,4729031,4704234,
000059.SZ,000059,20251209,93534190,4729039,0,0,S,51400,44,4729038,4704234,
000059.SZ,000059,20251209,93534190,4729040,0,0,S,51400,456,4729038,4704235,
000059.SZ,000059,20251209,93534190,4729133,C,0, ,0,444,0,4704235,
000059.SZ,000059,20251209,93534190,4729134,C,0, ,0,200,0,4704246,
000059.SZ,000059,20251209,93534190,4729135,C,0, ,0,1000,0,4704237,
000059.SZ,000059,20251209,93534190,4729136,C,0, ,0,900,0,4704239,
000059.SZ,000059,20251209,93534190,4729137,C,0, ,0,1000,0,4704249,
000059.SZ,000059,20251209,93534190,4729138,C,0, ,0,1100,0,4704238,
000059.SZ,000059,20251209,93534190,4729139,C,0, ,0,1100,0,4704240,
000059.SZ,000059,20251209,93534190,4729140,C,0, ,0,800,0,4704241,
000059.SZ,000059,20251209,93534190,4729141,C,0, ,0,900,0,4704247,
000059.SZ,000059,20251209,93534190,4729142,C,0, ,0,800,0,4704243,
000059.SZ,000059,20251209,93534190,4729143,C,0, ,0,1600,0,4704245,
000059.SZ,000059,20251209,93534190,4729144,C,0, ,0,2300,0,4704244,
000059.SZ,000059,20251209,93534190,4729147,C,0, ,0,1000,0,4704250,
000059.SZ,000059,20251209,93534190,4729148,C,0, ,0,1300,0,4704248,
000059.SZ,000059,20251209,93534190,4729149,C,0, ,0,1000,0,4704251,
000059.SZ,000059,20251209,93534190,4729150,C,0, ,0,100,0,4704242,
000059.SZ,000059,20251209,93534190,4729151,C,0, ,0,2000,0,4704236,
000059.SZ,000059,20251209,93534990,4735683,C,0, ,0,300,0,4327156,
000059.SZ,000059,20251209,93535240,4737702,C,0, ,0,700,0,4338726,
000059.SZ,000059,20251209,93535940,4743050,C,0, ,0,700,0,4175050,
000059.SZ,000059,20251209,93535990,4743456,C,0, ,0,800,0,4537428,
000059.SZ,000059,20251209,93536050,4744038,C,0, ,0,600,0,4179479,
000059.SZ,000059,20251209,93536760,4750574,0,0,S,51400,100,4750573,4705070,
000059.SZ,000059,20251209,93536760,4750575,0,0,S,51400,100,4750573,4705165,
000059.SZ,000059,20251209,93536760,4750576,0,0,S,51400,100,4750573,4705170,
000059.SZ,000059,20251209,93536760,4750577,0,0,S,51400,100,4750573,4705190,
000059.SZ,000059,20251209,93536760,4750578,0,0,S,51400,100,4750573,4705289,
000059.SZ,000059,20251209,93536760,4750579,0,0,S,51400,200,4750573,4720354,
000059.SZ,000059,20251209,93538690,4766660,C,0, ,0,10000,0,67870,
000059.SZ,000059,20251209,93542190,4802382,C,0, ,0,600,0,4745022,
000059.SZ,000059,20251209,93543240,4813683,0,0,B,51500,600,864695,4813682,
000059.SZ,000059,20251209,93543520,4816130,C,0, ,0,700,0,3266094,
000059.SZ,000059,20251209,93543980,4819918,C,0, ,0,800,0,3502279,
000059.SZ,000059,20251209,93544410,4823044,0,0,B,51500,400,864695,4823043,
000059.SZ,000059,20251209,93544410,4823045,0,0,B,51500,900,946466,4823043,
000059.SZ,000059,20251209,93550500,4882804,C,0, ,0,10000,0,4561644,
000059.SZ,000059,20251209,93551480,4891930,C,0, ,0,2000,0,117060,
000059.SZ,000059,20251209,93557090,4939761,C,0, ,0,700,0,4550843,
000059.SZ,000059,20251209,93600860,4975647,C,0, ,0,100,0,3587752,
000059.SZ,000059,20251209,93604210,5010965,C,0, ,0,500,0,4112585,
000059.SZ,000059,20251209,93605410,5022119,0,0,B,51500,1100,946466,5022118,
000059.SZ,000059,20251209,93605410,5022120,0,0,B,51500,900,1846721,5022118,
000059.SZ,000059,20251209,93610600,5073415,C,0, ,0,2300,4704335,0,
000059.SZ,000059,20251209,93610600,5073511,C,0, ,0,4900,4704322,0,
000059.SZ,000059,20251209,93610620,5073683,C,0, ,0,1800,4704329,0,
000059.SZ,000059,20251209,93610640,5073832,C,0, ,0,1800,4704347,0,
000059.SZ,000059,20251209,93610890,5076585,C,0, ,0,7300,4704393,0,
000059.SZ,000059,20251209,93610890,5076588,C,0, ,0,2900,4704345,0,
000059.SZ,000059,20251209,93610900,5076618,C,0, ,0,4500,4704356,0,
000059.SZ,000059,20251209,93610900,5076633,C,0, ,0,3100,4704359,0,
000059.SZ,000059,20251209,93610900,5076643,C,0, ,0,1700,4704346,0,
000059.SZ,000059,20251209,93611590,5083207,C,0, ,0,6200,4704369,0,
000059.SZ,000059,20251209,93611710,5084332,0,0,S,51400,700,5084331,4720354,
000059.SZ,000059,20251209,93612220,5088275,C,0, ,0,1300,0,3347126,
000059.SZ,000059,20251209,93613360,5099187,C,0, ,0,5000,4704366,0,
000059.SZ,000059,20251209,93614460,5109152,C,0, ,0,600,0,5083457,
000059.SZ,000059,20251209,93616550,5127771,0,0,B,51500,800,1846721,5127770,
000059.SZ,000059,20251209,93622360,5178160,0,0,S,51400,600,5178159,4720354,
000059.SZ,000059,20251209,93623320,5187400,C,0, ,0,6000,3542938,0,
000059.SZ,000059,20251209,93626180,5211607,0,0,S,51400,2000,5211606,4720354,
000059.SZ,000059,20251209,93637890,5304166,0,0,S,51400,1900,5304165,4720354,
000059.SZ,000059,20251209,93637890,5304167,0,0,S,51400,100,5304165,4727019,
000059.SZ,000059,20251209,93641270,5327771,C,0, ,0,2000,1014987,0,
000059.SZ,000059,20251209,93648140,5378121,0,0,B,51500,600,1846721,5378120,
000059.SZ,000059,20251209,93650670,5396435,C,0, ,0,200,5016694,0,
000059.SZ,000059,20251209,93651040,5398675,0,0,S,51400,200,5398674,4727019,
000059.SZ,000059,20251209,93652090,5405883,C,0, ,0,700,0,5095480,
000059.SZ,000059,20251209,93652510,5409406,C,0, ,0,2300,0,5073693,
000059.SZ,000059,20251209,93652520,5409436,C,0, ,0,4900,0,5073512,
000059.SZ,000059,20251209,93653510,5416623,C,0, ,0,1800,0,5073388,
000059.SZ,000059,20251209,93653510,5416640,C,0, ,0,7300,0,5073700,
000059.SZ,000059,20251209,93653510,5416641,C,0, ,0,1800,0,5076644,
000059.SZ,000059,20251209,93653510,5416643,C,0, ,0,1700,0,5076703,
000059.SZ,000059,20251209,93653520,5416699,C,0, ,0,3100,0,5073509,
000059.SZ,000059,20251209,93653590,5417411,C,0, ,0,1100,0,4516690,
000059.SZ,000059,20251209,93654860,5426621,C,0, ,0,1500,0,4995333,
000059.SZ,000059,20251209,93655100,5428573,C,0, ,0,800,0,5090330,
000059.SZ,000059,20251209,93657160,5443272,C,0, ,0,500,4744896,0,
000059.SZ,000059,20251209,93658200,5452567,0,0,S,51400,100,5452566,4727019,
000059.SZ,000059,20251209,93700150,5468477,0,0,S,51400,500,5468476,4727019,
000059.SZ,000059,20251209,93700570,5473223,0,0,B,51500,800,1846721,5473222,
000059.SZ,000059,20251209,93701390,5481552,0,0,S,51400,100,5481551,4727019,
000059.SZ,000059,20251209,93701390,5481553,0,0,S,51400,900,5481551,4727051,
000059.SZ,000059,20251209,93701550,5484076,0,0,S,51400,100,5484075,4727051,
000059.SZ,000059,20251209,93701550,5484077,0,0,S,51400,1000,5484075,4727688,
000059.SZ,000059,20251209,93701550,5484078,0,0,S,51400,100,5484075,4744846,
000059.SZ,000059,20251209,93701550,5484079,0,0,S,51400,300,5484075,4744847,
000059.SZ,000059,20251209,93702350,5492761,C,0, ,0,1400,5378139,0,
000059.SZ,000059,20251209,93702360,5492831,C,0, ,0,700,5378404,0,
000059.SZ,000059,20251209,93702480,5493918,C,0, ,0,6600,5378134,0,
000059.SZ,000059,20251209,93702480,5493919,C,0, ,0,1600,5378133,0,
000059.SZ,000059,20251209,93702660,5495493,0,0,S,51400,100,5495492,4744847,
000059.SZ,000059,20251209,93706010,5525086,0,0,S,51400,100,5525085,4744909,
000059.SZ,000059,20251209,93706010,5525087,0,0,S,51400,100,5525085,4744912,
000059.SZ,000059,20251209,93706010,5525088,0,0,S,51400,100,5525085,4744917,
000059.SZ,000059,20251209,93706010,5525089,0,0,S,51400,100,5525085,4744921,
000059.SZ,000059,20251209,93706010,5525090,0,0,S,51400,200,5525085,4744926,
000059.SZ,000059,20251209,93706010,5525091,0,0,S,51400,100,5525085,4744939,
000059.SZ,000059,20251209,93706150,5526398,C,0, ,0,600,0,4829774,
000059.SZ,000059,20251209,93706150,5526401,C,0, ,0,300,0,4744939,
000059.SZ,000059,20251209,93706650,5530848,0,0,B,51500,500,1846721,5530847,
000059.SZ,000059,20251209,93708350,5544188,C,0, ,0,1200,0,2708180,
000059.SZ,000059,20251209,93709150,5549151,C,0, ,0,100,0,4744957,
000059.SZ,000059,20251209,93709570,5552861,C,0, ,0,20100,0,4117666,
000059.SZ,000059,20251209,93709970,5556420,0,0,S,51400,100,5556419,4744946,
000059.SZ,000059,20251209,93709970,5556421,0,0,S,51400,100,5556419,4744947,
000059.SZ,000059,20251209,93709970,5556422,0,0,S,51400,100,5556419,4745026,
000059.SZ,000059,20251209,93709970,5556423,0,0,S,51400,100,5556419,4745131,
000059.SZ,000059,20251209,93709970,5556424,0,0,S,51400,100,5556419,4745150,
000059.SZ,000059,20251209,93709970,5556425,0,0,S,51400,900,5556419,4816538,
000059.SZ,000059,20251209,93709970,5556426,0,0,S,51400,1700,5556419,4829431,
000059.SZ,000059,20251209,93709970,5556427,0,0,S,51400,700,5556419,4845684,
000059.SZ,000059,20251209,93709980,5556456,0,0,S,51400,400,5556455,4845684,
000059.SZ,000059,20251209,93709980,5556457,0,0,S,51400,3300,5556455,4896886,
000059.SZ,000059,20251209,93709980,5556458,0,0,S,51400,200,5556455,4908453,
000059.SZ,000059,20251209,93709980,5556459,0,0,S,51400,1700,5556455,4921994,
000059.SZ,000059,20251209,93709980,5556460,0,0,S,51400,500,5556455,4945430,
000059.SZ,000059,20251209,93709980,5556461,0,0,S,51400,3900,5556455,4955509,
000059.SZ,000059,20251209,93709980,5556463,0,0,S,51400,7700,5556462,4955509,
000059.SZ,000059,20251209,93709980,5556464,0,0,S,51400,100,5556462,4964389,
000059.SZ,000059,20251209,93709980,5556465,0,0,S,51400,100,5556462,4964408,
000059.SZ,000059,20251209,93709980,5556466,0,0,S,51400,100,5556462,4964411,
000059.SZ,000059,20251209,93709980,5556467,0,0,S,51400,100,5556462,4964412,
000059.SZ,000059,20251209,93709980,5556468,0,0,S,51400,100,5556462,4964413,
000059.SZ,000059,20251209,93709980,5556469,0,0,S,51400,100,5556462,4964415,
000059.SZ,000059,20251209,93709980,5556470,0,0,S,51400,100,5556462,4964417,
000059.SZ,000059,20251209,93709980,5556471,0,0,S,51400,300,5556462,4964418,
000059.SZ,000059,20251209,93709980,5556472,0,0,S,51400,100,5556462,4964420,
000059.SZ,000059,20251209,93709980,5556473,0,0,S,51400,100,5556462,4964426,
000059.SZ,000059,20251209,93709980,5556474,0,0,S,51400,100,5556462,4964491,
000059.SZ,000059,20251209,93709980,5556475,0,0,S,51400,900,5556462,4983109,
000059.SZ,000059,20251209,93709980,5556477,0,0,S,51400,500,5556476,4983109,
000059.SZ,000059,20251209,93709980,5556478,0,0,S,51400,100,5556476,5026175,
000059.SZ,000059,20251209,93709980,5556479,0,0,S,51400,500,5556476,5051438,
000059.SZ,000059,20251209,93709980,5556480,0,0,S,51400,700,5556476,5076491,
000059.SZ,000059,20251209,93709980,5556481,0,0,S,51400,100,5556476,5076721,
000059.SZ,000059,20251209,93709980,5556482,0,0,S,51400,600,5556476,5079481,
000059.SZ,000059,20251209,93709980,5556483,0,0,S,51400,300,5556476,5083730,
000059.SZ,000059,20251209,93709980,5556484,0,0,S,51400,7700,5556476,5088316,
000059.SZ,000059,20251209,93709980,5556514,0,0,S,51400,100,5556513,5088316,
000059.SZ,000059,20251209,93709980,5556516,0,0,S,51400,300,5556515,5088316,
000059.SZ,000059,20251209,93709980,5556518,0,0,S,51400,400,5556517,5088316,
000059.SZ,000059,20251209,93709980,5556520,0,0,S,51400,300,5556519,5088316,
000059.SZ,000059,20251209,93709980,5556522,0,0,S,51400,300,5556521,5088316,
000059.SZ,000059,20251209,93709980,5556524,0,0,S,51400,500,5556523,5088316,
000059.SZ,000059,20251209,93709980,5556525,0,0,S,51400,100,5556523,5088326,
000059.SZ,000059,20251209,93709980,5556527,0,0,S,51400,200,5556526,5088326,
000059.SZ,000059,20251209,93709980,5556531,0,0,S,51400,100,5556530,5088326,
000059.SZ,000059,20251209,93709980,5556535,0,0,S,51400,400,5556534,5088326,
000059.SZ,000059,20251209,93709990,5556550,0,0,S,51400,1000,5556549,5088326,
000059.SZ,000059,20251209,93709990,5556551,0,0,S,51400,600,5556549,5089622,
000059.SZ,000059,20251209,93709990,5556552,0,0,S,51400,600,5556549,5091961,
000059.SZ,000059,20251209,93709990,5556553,0,0,S,51400,600,5556549,5093548,
000059.SZ,000059,20251209,93709990,5556554,0,0,S,51400,300,5556549,5095635,
000059.SZ,000059,20251209,93709990,5556556,0,0,S,51400,400,5556555,5095635,
000059.SZ,000059,20251209,93709990,5556557,0,0,S,51400,100,5556555,5124317,
000059.SZ,000059,20251209,93709990,5556558,0,0,S,51400,100,5556555,5127130,
000059.SZ,000059,20251209,93709990,5556559,0,0,S,51400,12600,5556555,5133779,
000059.SZ,000059,20251209,93709990,5556561,0,0,S,51400,900,5556560,5133779,
000059.SZ,000059,20251209,93709990,5556563,0,0,S,51400,1800,5556562,5133779,
000059.SZ,000059,20251209,93709990,5556565,0,0,S,51400,20800,5556564,5133779,
000059.SZ,000059,20251209,93709990,5556571,0,0,S,51400,7000,5556570,5133779,
000059.SZ,000059,20251209,93709990,5556572,0,0,S,51400,12200,5556570,5140173,
000059.SZ,000059,20251209,93709990,5556573,0,0,S,51400,700,5556570,5217527,
000059.SZ,000059,20251209,93709990,5556574,0,0,S,51400,1000,5556570,5236773,
000059.SZ,000059,20251209,93709990,5556576,0,0,S,51400,20800,5556575,5236773,
000059.SZ,000059,20251209,93709990,5556578,0,0,S,51400,8200,5556577,5236773,
000059.SZ,000059,20251209,93709990,5556579,0,0,S,51400,9800,5556577,5242792,
000059.SZ,000059,20251209,93709990,5556582,0,0,S,51400,400,5556581,5242792,
000059.SZ,000059,20251209,93709990,5556583,0,0,S,51400,100,5556581,5262447,
000059.SZ,000059,20251209,93709990,5556584,0,0,S,51400,100,5556581,5284947,
000059.SZ,000059,20251209,93709990,5556585,0,0,S,51400,200,5556581,5294175,
000059.SZ,000059,20251209,93709990,5556587,0,0,S,51400,2500,5556586,5294175,
000059.SZ,000059,20251209,93709990,5556588,0,0,S,51400,100,5556586,5304205,
000059.SZ,000059,20251209,93709990,5556589,0,0,S,51400,100,5556586,5339924,
000059.SZ,000059,20251209,93709990,5556591,0,0,S,51400,1800,5556590,5339924,
000059.SZ,000059,20251209,93709990,5556612,0,0,S,51400,1900,5556611,5339924,
000059.SZ,000059,20251209,93710000,5556624,0,0,S,51400,400,5556623,5339924,
000059.SZ,000059,20251209,93710000,5556625,0,0,S,51400,700,5556623,5429189,
000059.SZ,000059,20251209,93710000,5556643,C,0, ,0,400,0,3100004,
000059.SZ,000059,20251209,93710000,5556674,C,0, ,0,4500,0,4032112,
000059.SZ,000059,20251209,93710000,5556738,C,0, ,0,2900,0,4032220,
000059.SZ,000059,20251209,93710000,5556790,C,0, ,0,6200,0,4704285,
000059.SZ,000059,20251209,93710250,5559354,0,0,S,51300,600,5559353,3299140,
000059.SZ,000059,20251209,93710250,5559355,0,0,S,51300,4000,5559353,3300117,
000059.SZ,000059,20251209,93710250,5559356,0,0,S,51300,200,5559353,3303135,
000059.SZ,000059,20251209,93710250,5559357,0,0,S,51300,200,5559353,3308771,
000059.SZ,000059,20251209,93710250,5559358,0,0,S,51300,800,5559353,3319039,
000059.SZ,000059,20251209,93710440,5561323,C,0, ,0,100,4739053,0,
000059.SZ,000059,20251209,93710450,5561514,C,0, ,0,300,4849352,0,
000059.SZ,000059,20251209,93710500,5561857,C,0, ,0,100,4723409,0,
000059.SZ,000059,20251209,93711100,5565897,C,0, ,0,37400,5556752,0,
000059.SZ,000059,20251209,93711110,5565974,0,0,S,51300,3800,5565973,3319039,
000059.SZ,000059,20251209,93711180,5566539,0,0,S,51300,5100,5566538,3319039,
000059.SZ,000059,20251209,93711180,5566540,0,0,S,51300,100,5566538,3324564,
000059.SZ,000059,20251209,93711180,5566541,0,0,S,51300,1400,5566538,3325326,
000059.SZ,000059,20251209,93711180,5566542,0,0,S,51300,1600,5566538,3331746,
000059.SZ,000059,20251209,93711180,5566543,0,0,S,51300,200,5566538,3333153,
000059.SZ,000059,20251209,93711180,5566544,0,0,S,51300,1700,5566538,3338165,
000059.SZ,000059,20251209,93711180,5566545,0,0,S,51300,100,5566538,3352756,
000059.SZ,000059,20251209,93711180,5566546,0,0,S,51300,600,5566538,3353780,
000059.SZ,000059,20251209,93711180,5566547,0,0,S,51300,1100,5566538,3353988,
000059.SZ,000059,20251209,93711180,5566548,0,0,S,51300,1900,5566538,3355025,
000059.SZ,000059,20251209,93711180,5566549,0,0,S,51300,100,5566538,3381520,
000059.SZ,000059,20251209,93711180,5566550,0,0,S,51300,1000,5566538,3382387,
000059.SZ,000059,20251209,93711180,5566551,0,0,S,51300,500,5566538,3397319,
000059.SZ,000059,20251209,93711180,5566552,0,0,S,51300,3600,5566538,3401465,
000059.SZ,000059,20251209,93711180,5566553,0,0,S,51300,800,5566538,3469390,
000059.SZ,000059,20251209,93711180,5566554,0,0,S,51300,100,5566538,3470177,
000059.SZ,000059,20251209,93711180,5566555,0,0,S,51300,400,5566538,3503217,
000059.SZ,000059,20251209,93711180,5566596,0,0,S,51300,300,5566595,3503217,
000059.SZ,000059,20251209,93711180,5566598,0,0,S,51300,300,5566597,3503217,
000059.SZ,000059,20251209,93711180,5566600,0,0,S,51300,300,5566599,3526843,
000059.SZ,000059,20251209,93711180,5566602,0,0,S,51300,300,5566601,3526843,
000059.SZ,000059,20251209,93711180,5566604,0,0,S,51300,100,5566603,3526843,
000059.SZ,000059,20251209,93711180,5566605,0,0,S,51300,100,5566603,3680081,
000059.SZ,000059,20251209,93711180,5566607,0,0,S,51300,100,5566606,3680081,
000059.SZ,000059,20251209,93711180,5566609,0,0,S,51300,500,5566608,3680081,
000059.SZ,000059,20251209,93711180,5566615,0,0,S,51300,300,5566614,3680081,
000059.SZ,000059,20251209,93711180,5566616,0,0,S,51300,500,5566614,3810184,
000059.SZ,000059,20251209,93711190,5566657,0,0,S,51300,300,5566656,3810184,
000059.SZ,000059,20251209,93711190,5566661,0,0,S,51300,200,5566660,3810184,
000059.SZ,000059,20251209,93711210,5566806,0,0,S,51300,100,5566805,3810184,
000059.SZ,000059,20251209,93711210,5566807,0,0,S,51300,400,5566805,3915320,
000059.SZ,000059,20251209,93711270,5567277,C,0, ,0,100,5179382,0,
000059.SZ,000059,20251209,93711500,5569057,C,0, ,0,1600,5556690,0,
000059.SZ,000059,20251209,93711500,5569058,C,0, ,0,400,5556694,0,
000059.SZ,000059,20251209,93711500,5569059,C,0, ,0,1500,5556693,0,
000059.SZ,000059,20251209,93713010,5581245,C,0, ,0,100,4811318,0,
000059.SZ,000059,20251209,93713010,5581246,C,0, ,0,200,4735771,0,
000059.SZ,000059,20251209,93713010,5581250,C,0, ,0,200,4735768,0,
000059.SZ,000059,20251209,93713010,5581256,C,0, ,0,1000,5556677,0,
000059.SZ,000059,20251209,93713370,5584528,C,0, ,0,400,5556709,0,
000059.SZ,000059,20251209,93713410,5584822,C,0, ,0,800,5556691,0,
000059.SZ,000059,20251209,93713480,5585529,C,0, ,0,200,5556710,0,
000059.SZ,000059,20251209,93713770,5588169,C,0, ,0,1500,5556708,0,
000059.SZ,000059,20251209,93714260,5592206,C,0, ,0,500,5556717,0,
000059.SZ,000059,20251209,93714750,5595420,C,0, ,0,600,5556683,0,
000059.SZ,000059,20251209,93714970,5597558,C,0, ,0,200,5556685,0,
000059.SZ,000059,20251209,93714980,5597587,C,0, ,0,800,5556701,0,
000059.SZ,000059,20251209,93714990,5597764,C,0, ,0,14100,5556623,0,
000059.SZ,000059,20251209,93715000,5597775,C,0, ,0,1900,5556647,0,
000059.SZ,000059,20251209,93715000,5597776,C,0, ,0,25000,5556644,0,
000059.SZ,000059,20251209,93715000,5597777,C,0, ,0,1900,5556626,0,
000059.SZ,000059,20251209,93715000,5597793,C,0, ,0,21200,5556660,0,
000059.SZ,000059,20251209,93715000,5597835,C,0, ,0,1500,5556706,0,
000059.SZ,000059,20251209,93715040,5598318,C,0, ,0,900,5556686,0,
000059.SZ,000059,20251209,93715180,5599497,C,0, ,0,500,5556670,0,
000059.SZ,000059,20251209,93715420,5601951,C,0, ,0,400,5556713,0,
000059.SZ,000059,20251209,93715490,5602528,C,0, ,0,700,5556704,0,
000059.SZ,000059,20251209,93715510,5602736,C,0, ,0,400,5556669,0,
000059.SZ,000059,20251209,93715780,5604834,C,0, ,0,2000,5556718,0,
000059.SZ,000059,20251209,93716020,5606733,C,0, ,0,300,5556714,0,
000059.SZ,000059,20251209,93716100,5607355,C,0, ,0,500,5556715,0,
000059.SZ,000059,20251209,93716310,5608973,C,0, ,0,400,5556666,0,
000059.SZ,000059,20251209,93716470,5610559,C,0, ,0,300,5556688,0,
000059.SZ,000059,20251209,93716680,5612165,C,0, ,0,800,5556719,0,
000059.SZ,000059,20251209,93716710,5612425,C,0, ,0,600,5556689,0,
000059.SZ,000059,20251209,93716750,5612678,C,0, ,0,100,5027454,0,
000059.SZ,000059,20251209,93716970,5614120,C,0, ,0,5300,5556703,0,
000059.SZ,000059,20251209,93717360,5617579,C,0, ,0,400,5556702,0,
000059.SZ,000059,20251209,93717390,5617746,C,0, ,0,400,5556707,0,
000059.SZ,000059,20251209,93717500,5618444,C,0, ,0,7400,5556668,0,
000059.SZ,000059,20251209,93717640,5619367,C,0, ,0,900,5556687,0,
000059.SZ,000059,20251209,93718160,5622555,C,0, ,0,700,5556712,0,
000059.SZ,000059,20251209,93718230,5623289,C,0, ,0,700,5556671,0,
000059.SZ,000059,20251209,93718280,5623729,C,0, ,0,1100,5556716,0,
000059.SZ,000059,20251209,93718600,5626046,C,0, ,0,200,5556722,0,
000059.SZ,000059,20251209,93718760,5627276,C,0, ,0,2400,5556711,0,
000059.SZ,000059,20251209,93718910,5628232,C,0, ,0,1100,5556684,0,
000059.SZ,000059,20251209,93718950,5628429,0,0,S,51300,1700,5628428,3915320,
000059.SZ,000059,20251209,93718960,5628454,C,0, ,0,200,5556732,0,
000059.SZ,000059,20251209,93720050,5636753,C,0, ,0,300,5557189,0,
000059.SZ,000059,20251209,93720060,5636798,C,0, ,0,600,5557197,0,
000059.SZ,000059,20251209,93720060,5636814,C,0, ,0,700,5557237,0,
000059.SZ,000059,20251209,93720280,5638850,C,0, ,0,100,5557236,0,
000059.SZ,000059,20251209,93722650,5655203,C,0, ,0,100,5402413,0,
000059.SZ,000059,20251209,93725300,5673666,0,0,B,51400,300,5556650,5673665,
000059.SZ,000059,20251209,93725300,5673667,0,0,B,51400,300,5556654,5673665,
000059.SZ,000059,20251209,93725300,5673668,0,0,B,51400,100,5556655,5673665,
000059.SZ,000059,20251209,93725370,5674180,C,0, ,0,700,5062254,0,
000059.SZ,000059,20251209,93725720,5676763,0,0,S,51300,100,5676762,3915320,
000059.SZ,000059,20251209,93725720,5676764,0,0,S,51300,600,5676762,3925343,
000059.SZ,000059,20251209,93726180,5679814,0,0,B,51400,200,5556655,5679813,
000059.SZ,000059,20251209,93726180,5679815,0,0,B,51400,300,5556656,5679813,
000059.SZ,000059,20251209,93726450,5681815,C,0, ,0,500,4258012,0,
000059.SZ,000059,20251209,93727810,5691373,0,0,B,51400,100,5556657,5691372,
000059.SZ,000059,20251209,93729310,5702236,0,0,B,51400,400,5556657,5702235,
000059.SZ,000059,20251209,93729310,5702237,0,0,B,51400,300,5556658,5702235,
000059.SZ,000059,20251209,93729310,5702238,0,0,B,51400,100,5556659,5702235,
000059.SZ,000059,20251209,93730060,5706711,0,0,B,51400,100,5556659,5706710,
000059.SZ,000059,20251209,93730190,5707667,C,0, ,0,600,5556726,0,
000059.SZ,000059,20251209,93732520,5727043,0,0,B,51400,100,5556659,5727042,
000059.SZ,000059,20251209,93732520,5727044,0,0,B,51400,300,5556661,5727042,
000059.SZ,000059,20251209,93732520,5727045,0,0,B,51400,100,5556662,5727042,
000059.SZ,000059,20251209,93732520,5727046,0,0,B,51400,100,5556667,5727042,
000059.SZ,000059,20251209,93737460,5766312,C,0, ,0,6000,5309321,0,
000059.SZ,000059,20251209,93739110,5777167,0,0,B,51400,200,5556667,5777166,
000059.SZ,000059,20251209,93740500,5787198,C,0, ,0,5000,0,5359716,
000059.SZ,000059,20251209,93748040,5843293,C,0, ,0,8000,5566672,0,
000059.SZ,000059,20251209,93748050,5843345,C,0, ,0,1800,5556740,0,
000059.SZ,000059,20251209,93748050,5843382,C,0, ,0,1700,5556741,0,
000059.SZ,000059,20251209,93751550,5868965,C,0, ,0,100,5575270,0,
000059.SZ,000059,20251209,93753140,5880069,0,0,S,51300,2300,5880068,3925343,
000059.SZ,000059,20251209,93754170,5886139,0,0,S,51300,400,5886138,3984657,
000059.SZ,000059,20251209,93754200,5886307,0,0,S,51300,600,5886306,3984657,
000059.SZ,000059,20251209,93754210,5886439,0,0,S,51300,100,5886438,3999930,
000059.SZ,000059,20251209,93757260,5907751,0,0,S,51300,300,5907750,3999930,
000059.SZ,000059,20251209,93758620,5918474,0,0,B,51400,4100,5556667,5918473,
000059.SZ,000059,20251209,93758620,5918475,0,0,B,51400,100,5556675,5918473,
000059.SZ,000059,20251209,93758620,5918476,0,0,B,51400,4800,5556676,5918473,
000059.SZ,000059,20251209,93758620,5918477,0,0,B,51400,300,5556678,5918473,
000059.SZ,000059,20251209,93758620,5918478,0,0,B,51400,300,5556679,5918473,
000059.SZ,000059,20251209,93758620,5918479,0,0,B,51400,1000,5556692,5918473,
000059.SZ,000059,20251209,93758620,5918480,0,0,B,51400,400,5556742,5918473,
000059.SZ,000059,20251209,93758620,5918481,0,0,B,51400,600,5557014,5918473,
000059.SZ,000059,20251209,93758620,5918482,0,0,B,51400,100,5557022,5918473,
000059.SZ,000059,20251209,93758620,5918483,0,0,B,51400,100,5557082,5918473,
000059.SZ,000059,20251209,93758620,5918484,0,0,B,51400,300,5557157,5918473,
000059.SZ,000059,20251209,93758620,5918485,0,0,B,51400,100,5568610,5918473,
000059.SZ,000059,20251209,93758620,5918486,0,0,B,51400,100,5579061,5918473,
000059.SZ,000059,20251209,93758620,5918487,0,0,B,51400,100,5580398,5918473,
000059.SZ,000059,20251209,93758630,5918513,0,0,B,51400,1000,5580398,5918512,
000059.SZ,000059,20251209,93758630,5918515,0,0,B,51400,1000,5580398,5918514,
000059.SZ,000059,20251209,93758630,5918517,0,0,B,51400,100,5580398,5918516,
000059.SZ,000059,20251209,93758630,5918519,0,0,B,51400,800,5580398,5918518,
000059.SZ,000059,20251209,93758630,5918521,0,0,B,51400,200,5580398,5918520,
000059.SZ,000059,20251209,93758630,5918523,0,0,B,51400,1300,5580398,5918522,
000059.SZ,000059,20251209,93758630,5918525,0,0,B,51400,1000,5580398,5918524,
000059.SZ,000059,20251209,93758630,5918527,0,0,B,51400,800,5580398,5918526,
000059.SZ,000059,20251209,93758630,5918529,0,0,B,51400,900,5580398,5918528,
000059.SZ,000059,20251209,93758630,5918531,0,0,B,51400,1600,5580398,5918530,
000059.SZ,000059,20251209,93758630,5918534,0,0,B,51400,1000,5580398,5918533,
000059.SZ,000059,20251209,93758630,5918536,0,0,B,51400,900,5580398,5918535,
000059.SZ,000059,20251209,93758630,5918538,0,0,B,51400,2300,5580398,5918537,
000059.SZ,000059,20251209,93758630,5918555,0,0,B,51400,400,5580398,5918554,
000059.SZ,000059,20251209,93758770,5919408,0,0,S,51300,3900,5919407,3999930,
000059.SZ,000059,20251209,93758970,5920796,0,0,B,51400,100,5580398,5920795,
000059.SZ,000059,20251209,93758970,5920801,0,0,B,51400,100,5580398,5920800,
000059.SZ,000059,20251209,93758970,5920803,0,0,B,51400,100,5580398,5920802,
000059.SZ,000059,20251209,93758980,5920918,0,0,B,51400,100,5580398,5920917,
000059.SZ,000059,20251209,93801790,5946687,C,0, ,0,1800,5918549,0,
000059.SZ,000059,20251209,93802450,5953981,C,0, ,0,400,5918547,0,
000059.SZ,000059,20251209,93802740,5956215,C,0, ,0,200,5918540,0,
000059.SZ,000059,20251209,93803420,5961957,C,0, ,0,100,5658149,0,
000059.SZ,000059,20251209,93803810,5965498,0,0,S,51300,100,5965497,3999930,
000059.SZ,000059,20251209,93804420,5971292,0,0,S,51300,100,5971291,3999930,
000059.SZ,000059,20251209,93804770,5974113,0,0,B,51400,1700,5580398,5974112,
000059.SZ,000059,20251209,93806140,5984327,0,0,B,51400,100,5580398,5984326,
000059.SZ,000059,20251209,93806390,5986399,C,0, ,0,700,5918543,0,
000059.SZ,000059,20251209,93807010,5991138,C,0, ,0,200,5918511,0,
000059.SZ,000059,20251209,93810650,6019262,0,0,S,51300,700,6019261,3999930,
000059.SZ,000059,20251209,93814420,6046943,C,0, ,0,100,5971293,0,
000059.SZ,000059,20251209,93817230,6067230,C,0, ,0,800,4749128,0,
000059.SZ,000059,20251209,93817310,6068084,0,0,S,51300,1300,6068083,3999930,
000059.SZ,000059,20251209,93817330,6068240,C,0, ,0,8000,0,5918574,
000059.SZ,000059,20251209,93819660,6086660,0,0,S,51300,3500,6086659,3999930,
000059.SZ,000059,20251209,93819660,6086661,0,0,S,51300,5300,6086659,4035598,
000059.SZ,000059,20251209,93819660,6086662,0,0,S,51300,10000,6086659,4053331,
000059.SZ,000059,20251209,93819660,6086663,0,0,S,51300,800,6086659,4060706,
000059.SZ,000059,20251209,93819660,6086667,0,0,S,51300,1200,6086666,4060706,
000059.SZ,000059,20251209,93819660,6086668,0,0,S,51300,100,6086666,4064473,
000059.SZ,000059,20251209,93819660,6086669,0,0,S,51300,400,6086666,4087544,
000059.SZ,000059,20251209,93819660,6086670,0,0,S,51300,4700,6086666,4136651,
000059.SZ,000059,20251209,93819660,6086671,0,0,S,51300,500,6086666,4149532,
000059.SZ,000059,20251209,93819660,6086672,0,0,S,51300,2000,6086666,4189045,
000059.SZ,000059,20251209,93819660,6086673,0,0,S,51300,200,6086666,4203290,
000059.SZ,000059,20251209,93819660,6086674,0,0,S,51300,200,6086666,4302184,
000059.SZ,000059,20251209,93819660,6086675,0,0,S,51300,16400,6086666,4322627,
000059.SZ,000059,20251209,93819660,6086677,0,0,S,51300,6600,6086676,4322627,
000059.SZ,000059,20251209,93819660,6086678,0,0,S,51300,200,6086676,4327224,
000059.SZ,000059,20251209,93819660,6086679,0,0,S,51300,900,6086676,4337698,
000059.SZ,000059,20251209,93819660,6086726,0,0,S,51300,100,6086725,4337698,
000059.SZ,000059,20251209,93819670,6086793,0,0,S,51300,100,6086792,4337698,
000059.SZ,000059,20251209,93819670,6086795,0,0,S,51300,400,6086794,4337698,
000059.SZ,000059,20251209,93819690,6086960,C,0, ,0,6900,5495450,0,
000059.SZ,000059,20251209,93819690,6086961,C,0, ,0,21700,5495448,0,
000059.SZ,000059,20251209,93819690,6086962,C,0, ,0,16400,5495449,0,
000059.SZ,000059,20251209,93819710,6087120,0,0,S,51300,500,6087119,4337698,
000059.SZ,000059,20251209,93819720,6087162,0,0,S,51300,600,6087161,4337698,
000059.SZ,000059,20251209,93820010,6089151,0,0,S,51300,2400,6089150,4337698,
000059.SZ,000059,20251209,93820010,6089152,0,0,S,51300,1900,6089150,4411688,
000059.SZ,000059,20251209,93820040,6089371,0,0,S,51300,100,6089370,4411688,
000059.SZ,000059,20251209,93820050,6089445,0,0,S,51300,300,6089444,4411688,
000059.SZ,000059,20251209,93820050,6089449,0,0,S,51300,100,6089448,4411688,
000059.SZ,000059,20251209,93820050,6089461,0,0,S,51300,400,6089460,4411688,
000059.SZ,000059,20251209,93820060,6089523,0,0,S,51300,100,6089522,4411688,
000059.SZ,000059,20251209,93820060,6089599,0,0,S,51300,100,6089598,4411688,
000059.SZ,000059,20251209,93820320,6091917,0,0,S,51300,400,6091916,4411688,
000059.SZ,000059,20251209,93820320,6091927,0,0,S,51300,500,6091926,4411688,
000059.SZ,000059,20251209,93820320,6091943,0,0,S,51300,400,6091942,4411688,
000059.SZ,000059,20251209,93820320,6091949,0,0,S,51300,200,6091948,4411688,
000059.SZ,000059,20251209,93820320,6091954,0,0,S,51300,200,6091953,4411688,
000059.SZ,000059,20251209,93820320,6091959,0,0,S,51300,200,6091958,4411688,
000059.SZ,000059,20251209,93820320,6091966,0,0,S,51300,100,6091965,4411688,
000059.SZ,000059,20251209,93820320,6091971,0,0,S,51300,300,6091970,4572585,
000059.SZ,000059,20251209,93820320,6091975,0,0,S,51300,100,6091974,4572585,
000059.SZ,000059,20251209,93820320,6091983,0,0,S,51300,200,6091982,4572585,
000059.SZ,000059,20251209,93820330,6092013,0,0,S,51300,100,6092012,4572585,
000059.SZ,000059,20251209,93820330,6092059,0,0,S,51300,400,6092058,4724631,
000059.SZ,000059,20251209,93820330,6092086,0,0,S,51300,100,6092085,4724631,
000059.SZ,000059,20251209,93820330,6092088,0,0,S,51300,100,6092087,4724631,
000059.SZ,000059,20251209,93820330,6092142,0,0,S,51300,400,6092141,4724631,
000059.SZ,000059,20251209,93820330,6092163,0,0,S,51300,100,6092162,4724631,
000059.SZ,000059,20251209,93820330,6092178,0,0,S,51300,400,6092177,4724631,
000059.SZ,000059,20251209,93820340,6092280,0,0,S,51300,200,6092279,4724631,
000059.SZ,000059,20251209,93820340,6092287,0,0,S,51300,300,6092286,4724631,
000059.SZ,000059,20251209,93820340,6092319,0,0,S,51300,200,6092318,4724631,
000059.SZ,000059,20251209,93820340,6092334,0,0,S,51300,100,6092333,4724631,
000059.SZ,000059,20251209,93820340,6092342,0,0,S,51300,400,6092341,4724631,
000059.SZ,000059,20251209,93820400,6092870,0,0,S,51300,1000,6092869,4724631,
000059.SZ,000059,20251209,93820640,6094690,0,0,S,51300,400,6094689,4724631,
000059.SZ,000059,20251209,93820640,6094701,0,0,S,51300,100,6094700,4724631,
000059.SZ,000059,20251209,93820650,6094729,0,0,S,51300,100,6094728,4724631,
000059.SZ,000059,20251209,93820650,6094731,0,0,S,51300,100,6094730,4724631,
000059.SZ,000059,20251209,93820650,6094736,0,0,S,51300,100,6094735,4724631,
000059.SZ,000059,20251209,93820860,6096019,C,0, ,0,1000,0,5920745,
000059.SZ,000059,20251209,93821050,6097201,0,0,S,51300,100,6097200,4724631,
000059.SZ,000059,20251209,93821070,6097493,0,0,S,51300,100,6097492,4724631,
000059.SZ,000059,20251209,93821070,6097573,0,0,S,51300,100,6097572,4724631,
000059.SZ,000059,20251209,93821090,6097721,0,0,S,51300,1000,6097720,4724631,
000059.SZ,000059,20251209,93821090,6097742,0,0,S,51300,600,6097741,4724631,
000059.SZ,000059,20251209,93821170,6098264,0,0,S,51300,100,6098263,4724631,
000059.SZ,000059,20251209,93821290,6099502,0,0,S,51300,300,6099501,4724631,
000059.SZ,000059,20251209,93821310,6099781,0,0,S,51300,300,6099780,4724631,
000059.SZ,000059,20251209,93821320,6099823,0,0,S,51300,700,6099822,4724631,
000059.SZ,000059,20251209,93821330,6100034,0,0,S,51300,300,6100033,4724631,
000059.SZ,000059,20251209,93821340,6100091,0,0,S,51300,300,6100090,4724631,
000059.SZ,000059,20251209,93821350,6100160,0,0,S,51300,400,6100159,4724631,
000059.SZ,000059,20251209,93821560,6101810,0,0,S,51300,300,6101809,4724631,
000059.SZ,000059,20251209,93822320,6107577,C,0, ,0,1300,5125725,0,
000059.SZ,000059,20251209,93822320,6107578,C,0, ,0,900,5125735,0,
000059.SZ,000059,20251209,93822330,6107580,C,0, ,0,800,5125696,0,
000059.SZ,000059,20251209,93822360,6107907,0,0,S,51300,600,6107906,4724631,
000059.SZ,000059,20251209,93822380,6108023,0,0,S,51300,100,6108022,4724631,
000059.SZ,000059,20251209,93822410,6108400,0,0,S,51300,300,6108399,4724631,
000059.SZ,000059,20251209,93822410,6108404,0,0,S,51300,100,6108403,4724631,
000059.SZ,000059,20251209,93822420,6108528,0,0,S,51300,400,6108527,4724631,
000059.SZ,000059,20251209,93822430,6108546,0,0,S,51300,600,6108545,4724631,
000059.SZ,000059,20251209,93822430,6108565,0,0,S,51300,100,6108564,4724631,
000059.SZ,000059,20251209,93822430,6108586,0,0,S,51300,700,6108585,4724631,
000059.SZ,000059,20251209,93822430,6108598,0,0,S,51300,100,6108597,4724631,
000059.SZ,000059,20251209,93822440,6108648,0,0,S,51300,100,6108647,4724631,
000059.SZ,000059,20251209,93822450,6108778,0,0,S,51300,300,6108777,4724631,
000059.SZ,000059,20251209,93823050,6112760,0,0,S,51300,100,6112759,4724631,
000059.SZ,000059,20251209,93823080,6112975,0,0,S,51300,200,6112974,4724631,
000059.SZ,000059,20251209,93823330,6115409,0,0,S,51300,900,6115408,4724631,
000059.SZ,000059,20251209,93823330,6115414,0,0,S,51300,800,6115413,4724631,
000059.SZ,000059,20251209,93823330,6115416,0,0,S,51300,1300,6115415,4724631,
000059.SZ,000059,20251209,93823340,6115493,0,0,S,51300,300,6115492,4724631,
000059.SZ,000059,20251209,93823340,6115565,0,0,S,51300,200,6115564,4724631,
