万得代码,交易所代码,自然日,时间,委托编号,交易所委托号,委托类型,委托代码,委托价格,委托数量,
000059.SZ,000059,20251209,91500040,0,424,0,S,56300,100,
000059.SZ,000059,20251209,91500050,0,1442,0,S,53200,10000,
000059.SZ,000059,20251209,91500070,0,5911,0,S,51900,8600,
000059.SZ,000059,20251209,91500080,0,9487,0,S,52200,100,
000059.SZ,000059,20251209,91500080,0,9492,0,S,51800,100,
000059.SZ,000059,20251209,91500080,0,9681,0,B,50800,50100,
000059.SZ,000059,20251209,91500080,0,12446,0,S,56000,1400,
000059.SZ,000059,20251209,91500080,0,12447,0,S,56400,3000,
000059.SZ,000059,20251209,91500090,0,13945,0,S,56400,1000,
000059.SZ,000059,20251209,91500090,0,14010,0,B,51000,8900,
000059.SZ,000059,20251209,91500090,0,14021,0,S,54800,8900,
000059.SZ,000059,20251209,91500100,0,18809,0,S,56400,900,
000059.SZ,000059,20251209,91500100,0,19079,0,S,54500,400,
000059.SZ,000059,20251209,91500120,0,23839,0,S,56300,11100,
000059.SZ,000059,20251209,91500120,0,25170,0,S,56400,1800,
000059.SZ,000059,20251209,91500130,0,26452,0,S,56400,100,
000059.SZ,000059,20251209,91500130,0,29249,0,S,54500,500,
000059.SZ,000059,20251209,91500130,0,29250,0,S,55400,500,
000059.SZ,000059,20251209,91500130,0,29349,0,B,50600,1000,
000059.SZ,000059,20251209,91500140,0,30430,0,S,56400,1800,
000059.SZ,000059,20251209,91500140,0,30934,0,B,50500,500,
000059.SZ,000059,20251209,91500140,0,32146,0,S,56400,9300,
000059.SZ,000059,20251209,91500150,0,33849,0,B,51200,50000,
000059.SZ,000059,20251209,91500150,0,33850,0,B,51300,50000,
000059.SZ,000059,20251209,91500160,0,38685,0,B,50600,500,
000059.SZ,000059,20251209,91500180,0,43428,0,B,51000,500,
000059.SZ,000059,20251209,91500180,0,43429,0,B,50500,500,
000059.SZ,000059,20251209,91500180,0,43469,0,B,50000,500,
000059.SZ,000059,20251209,91500180,0,44039,0,S,56100,100,
000059.SZ,000059,20251209,91500200,0,48328,0,S,56400,1300,
000059.SZ,000059,20251209,91500200,0,48749,0,S,56400,8000,
000059.SZ,000059,20251209,91500200,0,48750,0,S,56300,8000,
000059.SZ,000059,20251209,91500200,0,48751,0,S,55900,8000,
000059.SZ,000059,20251209,91500200,0,49094,0,S,56400,3600,
000059.SZ,000059,20251209,91500200,0,50016,0,S,54000,5000,
000059.SZ,000059,20251209,91500210,0,52786,0,S,51700,20000,
000059.SZ,000059,20251209,91500210,0,52787,0,S,51800,20000,
000059.SZ,000059,20251209,91500210,0,52789,0,S,52200,20000,
000059.SZ,000059,20251209,91500210,0,52790,0,S,52400,20000,
000059.SZ,000059,20251209,91500230,0,55681,0,B,50600,2700,
000059.SZ,000059,20251209,91500240,0,57816,0,S,53800,4000,
000059.SZ,000059,20251209,91500240,0,57817,0,S,54300,4000,
000059.SZ,000059,20251209,91500240,0,57878,0,S,56000,800,
000059.SZ,000059,20251209,91500240,0,57879,0,S,56400,3000,
000059.SZ,000059,20251209,91500250,0,59177,0,S,51600,26100,
000059.SZ,000059,20251209,91500250,0,59179,0,S,51900,20000,
000059.SZ,000059,20251209,91500250,0,59180,0,S,52000,20000,
000059.SZ,000059,20251209,91500250,0,59181,0,S,52100,20000,
000059.SZ,000059,20251209,91500250,0,59182,0,S,52300,20000,
000059.SZ,000059,20251209,91500290,0,65416,0,S,55000,20000,
000059.SZ,000059,20251209,91500290,0,65451,0,S,53700,8000,
000059.SZ,000059,20251209,91500300,0,67639,0,B,51100,5000,
000059.SZ,000059,20251209,91500300,0,67705,0,B,50700,5000,
000059.SZ,000059,20251209,91500300,0,67785,0,B,50400,5000,
000059.SZ,000059,20251209,91500300,0,67870,0,B,49700,10000,
000059.SZ,000059,20251209,91500300,0,67971,0,S,56300,5000,
000059.SZ,000059,20251209,91500320,0,70433,0,B,49500,900,
000059.SZ,000059,20251209,91500320,0,71353,0,B,50900,2800,
000059.SZ,000059,20251209,91500320,0,71363,0,S,51600,2800,
000059.SZ,000059,20251209,91500340,0,74185,0,S,56400,500,
000059.SZ,000059,20251209,91500340,0,74416,0,S,54200,5600,
000059.SZ,000059,20251209,91500360,0,77166,0,S,51900,2300,
000059.SZ,000059,20251209,91500400,0,81213,0,B,50000,200,
000059.SZ,000059,20251209,91500410,0,82109,0,S,53500,10000,
000059.SZ,000059,20251209,91500410,0,82110,0,S,55500,10000,
000059.SZ,000059,20251209,91500410,0,82833,0,S,52000,10000,
000059.SZ,000059,20251209,91500410,0,83235,0,B,50500,1000,
000059.SZ,000059,20251209,91500420,0,84229,0,B,50100,1600,
000059.SZ,000059,20251209,91500450,0,86905,0,S,52500,6400,
000059.SZ,000059,20251209,91500460,0,88610,0,S,53300,2000,
000059.SZ,000059,20251209,91500470,0,89912,0,B,50600,1000,
000059.SZ,000059,20251209,91500470,0,89964,0,S,53700,1000,
000059.SZ,000059,20251209,91500480,0,90151,0,B,51200,1600,
000059.SZ,000059,20251209,91500500,0,93066,0,S,52600,2000,
000059.SZ,000059,20251209,91500500,0,93211,0,S,56400,700,
000059.SZ,000059,20251209,91500530,0,96498,0,S,54300,10000,
000059.SZ,000059,20251209,91500540,0,97587,0,S,51800,2000,
000059.SZ,000059,20251209,91500550,0,97730,0,B,51100,5000,
000059.SZ,000059,20251209,91500550,0,97731,0,B,50900,5000,
000059.SZ,000059,20251209,91500550,0,97732,0,B,50500,5000,
000059.SZ,000059,20251209,91500550,0,98132,0,B,46200,100,
000059.SZ,000059,20251209,91500600,0,103640,0,B,50500,1000,
000059.SZ,000059,20251209,91500600,0,103641,0,S,52300,500,
000059.SZ,000059,20251209,91500600,0,103642,0,B,51000,500,
000059.SZ,000059,20251209,91500610,0,104261,0,S,51600,1000,
000059.SZ,000059,20251209,91500610,0,104946,0,B,51000,1000,
000059.SZ,000059,20251209,91500610,0,104947,0,B,50200,4000,
000059.SZ,000059,20251209,91500630,0,106585,0,B,50400,200,
000059.SZ,000059,20251209,91500640,0,107830,0,S,56300,900,
000059.SZ,000059,20251209,91500640,0,107845,0,S,55300,800,
000059.SZ,000059,20251209,91500640,0,107862,0,S,54300,700,
000059.SZ,000059,20251209,91500640,0,107873,0,S,53300,600,
000059.SZ,000059,20251209,91500650,0,108549,0,B,50100,500,
000059.SZ,000059,20251209,91500650,0,108550,0,B,49300,600,
000059.SZ,000059,20251209,91500650,0,108551,0,B,48500,700,
000059.SZ,000059,20251209,91500700,0,113336,0,B,50200,3000,
000059.SZ,000059,20251209,91500700,0,113471,0,S,56400,500,
000059.SZ,000059,20251209,91500700,0,113472,0,B,46200,500,
000059.SZ,000059,20251209,91500700,0,113473,0,B,48000,500,
000059.SZ,000059,20251209,91500710,0,113481,0,B,48000,100,
000059.SZ,000059,20251209,91500710,0,114405,0,S,56300,10000,
000059.SZ,000059,20251209,91500720,0,115026,0,S,56400,123800,
000059.SZ,000059,20251209,91500720,0,115027,0,S,56300,123900,
000059.SZ,000059,20251209,91500750,0,117060,0,B,51000,2000,
000059.SZ,000059,20251209,91500760,0,118366,0,S,56100,100,
000059.SZ,000059,20251209,91500770,0,118748,0,B,50800,3000,
000059.SZ,000059,20251209,91500790,0,120436,0,B,50900,4000,
000059.SZ,000059,20251209,91500800,0,121263,0,S,53000,20000,
000059.SZ,000059,20251209,91500800,0,121449,0,B,50100,1000,
000059.SZ,000059,20251209,91500800,0,121450,0,S,53400,1000,
000059.SZ,000059,20251209,91500830,0,123128,0,B,50800,3000,
000059.SZ,000059,20251209,91500830,0,123439,0,S,51800,20000,
000059.SZ,000059,20251209,91500840,0,123983,0,B,50000,1000,
000059.SZ,000059,20251209,91500840,0,124014,0,S,55100,2000,
000059.SZ,000059,20251209,91500840,0,124033,0,B,49000,1000,
000059.SZ,000059,20251209,91500850,0,125055,0,B,50000,1000,
000059.SZ,000059,20251209,91500850,0,125060,0,S,53100,900,
000059.SZ,000059,20251209,91500850,0,125126,0,B,51000,1000,
000059.SZ,000059,20251209,91500850,0,125308,0,B,50400,2200,
000059.SZ,000059,20251209,91500850,0,125309,0,S,52200,2000,
000059.SZ,000059,20251209,91500870,0,126245,0,S,53900,1000,
000059.SZ,000059,20251209,91500870,0,126304,0,S,54400,1000,
000059.SZ,000059,20251209,91500880,0,127118,0,S,56300,1000,
000059.SZ,000059,20251209,91500880,0,127480,0,B,49100,800,
000059.SZ,000059,20251209,91500890,0,127708,0,S,56000,5000,
000059.SZ,000059,20251209,91500930,0,130021,0,B,50700,10000,
000059.SZ,000059,20251209,91501000,0,134553,0,S,56400,2000,
000059.SZ,000059,20251209,91501010,0,135567,0,S,56400,300,
000059.SZ,000059,20251209,91501010,0,136029,0,S,52000,73300,
000059.SZ,000059,20251209,91501010,0,136030,0,S,52100,36700,
000059.SZ,000059,20251209,91501020,0,136412,0,B,46300,900,
000059.SZ,000059,20251209,91501030,0,137345,0,B,50000,1000,
000059.SZ,000059,20251209,91501030,0,137654,0,S,53000,1200,
000059.SZ,000059,20251209,91501040,0,138207,0,S,52300,10000,
000059.SZ,000059,20251209,91501060,0,139286,0,S,56400,1000,
000059.SZ,000059,20251209,91501160,0,145920,0,S,56300,1500,
000059.SZ,000059,20251209,91501160,0,145932,0,S,56200,300,
000059.SZ,000059,20251209,91501160,0,145968,0,B,51300,2000,
000059.SZ,000059,20251209,91501160,0,145971,0,B,50500,1000,
000059.SZ,000059,20251209,91501210,0,149948,0,S,56300,1200,
000059.SZ,000059,20251209,91501230,0,150966,0,B,49800,500,
000059.SZ,000059,20251209,91501240,0,151565,0,S,56300,4500,
000059.SZ,000059,20251209,91501270,0,152772,0,B,51000,600,
000059.SZ,000059,20251209,91501270,0,152959,0,B,49700,1000,
000059.SZ,000059,20251209,91501280,0,153279,0,B,50800,1000,
000059.SZ,000059,20251209,91501320,0,155264,0,S,55300,200,
000059.SZ,000059,20251209,91501330,0,155863,0,S,56300,2000,
000059.SZ,000059,20251209,91501330,0,155879,0,S,53900,1000,
000059.SZ,000059,20251209,91501330,0,155891,0,B,49100,2000,
000059.SZ,000059,20251209,91501360,0,157910,0,S,54400,1000,
000059.SZ,000059,20251209,91501360,0,157911,0,S,56400,1000,
000059.SZ,000059,20251209,91501360,0,157912,0,S,53400,500,
000059.SZ,000059,20251209,91501400,0,160476,0,S,56400,100,
000059.SZ,000059,20251209,91501480,0,164878,0,B,51200,40600,
000059.SZ,000059,20251209,91501510,0,167570,0,S,54000,1900,
000059.SZ,000059,20251209,91501510,0,167907,0,S,56400,1000,
000059.SZ,000059,20251209,91501540,0,170183,0,S,55500,1000,
000059.SZ,000059,20251209,91501580,0,173073,0,S,55400,1000,
000059.SZ,000059,20251209,91501580,0,173074,0,S,52400,1000,
000059.SZ,000059,20251209,91501600,0,174102,0,S,51600,15800,
000059.SZ,000059,20251209,91501600,0,174151,0,S,54000,1100,
000059.SZ,000059,20251209,91501600,0,174152,0,S,56400,8600,
000059.SZ,000059,20251209,91501640,0,176096,0,S,52800,3000,
000059.SZ,000059,20251209,91501640,0,176107,0,B,50600,3000,
000059.SZ,000059,20251209,91501660,0,178073,0,B,50700,2300,
000059.SZ,000059,20251209,91501750,0,182220,0,S,52300,10000,
000059.SZ,000059,20251209,91501750,0,182307,0,S,53100,4800,
000059.SZ,000059,20251209,91501750,0,182308,0,S,54900,10000,
000059.SZ,000059,20251209,91501750,0,182309,0,S,55600,20000,
000059.SZ,000059,20251209,91501820,0,185438,0,B,50900,500,
000059.SZ,000059,20251209,91501820,0,185441,0,B,51000,500,
000059.SZ,000059,20251209,91501870,0,187290,0,B,50700,3000,
000059.SZ,000059,20251209,91501870,0,187291,0,S,52100,1900,
000059.SZ,000059,20251209,91501900,0,188384,0,B,51000,3000,
000059.SZ,000059,20251209,91501900,0,188395,0,S,56000,20000,
000059.SZ,000059,20251209,91501960,0,191233,0,S,54400,100,
000059.SZ,000059,20251209,91501960,0,191234,0,B,47800,100,
000059.SZ,000059,20251209,91502000,0,192938,0,B,51500,2400,
000059.SZ,000059,20251209,91502000,0,193029,0,B,50300,3000,
000059.SZ,000059,20251209,91502000,0,193030,0,B,49800,3000,
000059.SZ,000059,20251209,91502000,0,193031,0,B,50800,3000,
000059.SZ,000059,20251209,91502050,0,195797,0,B,50700,3000,
000059.SZ,000059,20251209,91502050,0,195798,0,B,50200,3000,
000059.SZ,000059,20251209,91502080,0,196831,0,B,50800,3500,
000059.SZ,000059,20251209,91502170,0,200310,0,B,51300,100,
000059.SZ,000059,20251209,91502200,0,202006,0,B,51000,500,
000059.SZ,000059,20251209,91502230,0,203300,0,B,50200,500,
000059.SZ,000059,20251209,91502410,0,209539,0,S,56000,2600,
000059.SZ,000059,20251209,91502430,0,210734,0,S,55000,4000,
000059.SZ,000059,20251209,91502440,0,211093,0,S,56400,2000,
000059.SZ,000059,20251209,91502440,0,211117,0,S,55000,7000,
000059.SZ,000059,20251209,91502450,0,211150,0,S,56300,5000,
000059.SZ,000059,20251209,91502450,0,211153,0,B,50500,5000,
000059.SZ,000059,20251209,91502450,0,211159,0,B,46500,10000,
000059.SZ,000059,20251209,91502460,0,211771,0,S,55700,5000,
000059.SZ,000059,20251209,91502460,0,211829,0,S,53000,200,
000059.SZ,000059,20251209,91502460,0,211850,0,B,49800,5000,
000059.SZ,000059,20251209,91502490,0,213409,0,B,50200,50000,
000059.SZ,000059,20251209,91502510,0,213950,0,S,56300,100,
000059.SZ,000059,20251209,91502510,0,213951,0,B,50300,200,
000059.SZ,000059,20251209,91502510,0,214266,0,S,52300,6000,
000059.SZ,000059,20251209,91502530,0,215124,0,B,50000,7000,
000059.SZ,000059,20251209,91502530,0,215125,0,B,49000,7000,
000059.SZ,000059,20251209,91502530,0,215126,0,B,48000,7000,
000059.SZ,000059,20251209,91502530,0,215127,0,B,47000,7000,
000059.SZ,000059,20251209,91502530,0,215128,0,B,46200,7000,
000059.SZ,000059,20251209,91502540,0,215874,0,S,56400,9000,
000059.SZ,000059,20251209,91502550,0,216047,0,S,56400,200,
000059.SZ,000059,20251209,91502550,0,216049,0,S,53000,200,
000059.SZ,000059,20251209,91502570,0,217093,0,S,52800,3000,
000059.SZ,000059,20251209,91502570,0,217342,0,S,55000,10000,
000059.SZ,000059,20251209,91502580,0,217948,0,B,50600,10000,
000059.SZ,000059,20251209,91502590,0,218062,0,B,50500,10000,
000059.SZ,000059,20251209,91502590,0,218083,0,B,50600,1200,
000059.SZ,000059,20251209,91502590,0,218084,0,B,50400,10000,
000059.SZ,000059,20251209,91502590,0,218097,0,B,50300,10000,
000059.SZ,000059,20251209,91502620,0,219087,0,B,49000,2000,
000059.SZ,000059,20251209,91502620,0,219088,0,B,49500,2000,
000059.SZ,000059,20251209,91502660,0,220955,0,B,50600,2000,
000059.SZ,000059,20251209,91502660,0,220956,0,S,52100,1000,
000059.SZ,000059,20251209,91502660,0,220958,0,S,52600,2000,
000059.SZ,000059,20251209,91502670,0,221112,0,B,50800,43200,
000059.SZ,000059,20251209,91502730,0,223226,0,S,56400,5000,
000059.SZ,000059,20251209,91502820,0,225195,0,B,51500,600,
000059.SZ,000059,20251209,91502950,0,228142,0,S,53800,3000,
000059.SZ,000059,20251209,91502950,0,228173,0,S,55800,3000,
000059.SZ,000059,20251209,91502950,0,228215,0,B,50600,5000,
000059.SZ,000059,20251209,91502960,0,228849,0,B,51000,5000,
000059.SZ,000059,20251209,91503000,0,230121,0,S,56400,4000,
000059.SZ,000059,20251209,91503020,0,230594,0,S,52600,3300,
000059.SZ,000059,20251209,91503020,0,230595,0,S,53300,2000,
000059.SZ,000059,20251209,91503090,0,232201,0,B,50800,3000,
000059.SZ,000059,20251209,91503090,0,232202,0,B,50300,5000,
000059.SZ,000059,20251209,91503120,0,233288,0,B,50800,10000,
000059.SZ,000059,20251209,91503360,0,238551,0,S,56000,600,
000059.SZ,000059,20251209,91503360,0,238552,0,B,48000,700,
000059.SZ,000059,20251209,91503370,0,238741,0,S,56400,7000,
000059.SZ,000059,20251209,91503440,0,240539,0,B,49800,1000,
000059.SZ,000059,20251209,91503440,0,240540,0,B,46200,1100,
000059.SZ,000059,20251209,91503440,0,240628,0,S,56400,600,
000059.SZ,000059,20251209,91503510,0,242472,0,B,50800,10000,
000059.SZ,000059,20251209,91503560,0,244500,0,S,51600,2500,
000059.SZ,000059,20251209,91503570,0,244748,0,S,51800,800,
000059.SZ,000059,20251209,91503580,0,245133,0,S,56400,5900,
000059.SZ,000059,20251209,91503610,0,245892,0,S,56400,2000,
000059.SZ,000059,20251209,91503630,0,246355,0,B,50700,5000,
000059.SZ,000059,20251209,91503630,0,246356,0,B,50300,5000,
000059.SZ,000059,20251209,91503630,0,246357,0,B,50100,5000,
000059.SZ,000059,20251209,91503650,0,246981,0,B,50800,3000,
000059.SZ,000059,20251209,91503670,0,247406,0,B,49800,15000,
000059.SZ,000059,20251209,91503670,0,247407,0,S,56000,3000,
000059.SZ,000059,20251209,91503700,0,248434,0,S,53000,11000,
000059.SZ,000059,20251209,91503870,0,250582,0,B,50300,5000,
000059.SZ,000059,20251209,91503920,0,251393,0,S,56200,100,
000059.SZ,000059,20251209,91503990,0,252841,0,S,55500,400,
000059.SZ,000059,20251209,91504010,0,253260,0,S,56400,5000,
000059.SZ,000059,20251209,91504160,0,254813,0,S,53000,3000,
000059.SZ,000059,20251209,91504170,0,255119,0,B,51100,5000,
000059.SZ,000059,20251209,91504280,0,256398,0,S,52200,30000,
000059.SZ,000059,20251209,91504280,0,256399,0,S,52500,30000,
000059.SZ,000059,20251209,91504290,0,256427,0,S,51700,600,
000059.SZ,000059,20251209,91504300,0,256877,0,S,56300,200,
000059.SZ,000059,20251209,91504330,0,257155,0,B,51200,3200,
000059.SZ,000059,20251209,91504330,0,257157,0,B,51100,3500,
000059.SZ,000059,20251209,91504340,0,257160,0,B,50900,3800,
000059.SZ,000059,20251209,91504340,0,257162,0,B,51000,3600,
000059.SZ,000059,20251209,91504340,0,257166,0,S,52100,3800,
000059.SZ,000059,20251209,91504340,0,257168,0,S,52000,3500,
000059.SZ,000059,20251209,91504420,0,258208,0,B,50800,1000,
000059.SZ,000059,20251209,91504420,0,258209,0,B,50400,1000,
000059.SZ,000059,20251209,91504420,0,258210,0,B,50100,1000,
000059.SZ,000059,20251209,91504420,0,258211,0,B,49100,1000,
000059.SZ,000059,20251209,91504420,0,258212,0,B,48100,1000,
000059.SZ,000059,20251209,91504420,0,258213,0,B,47100,1000,
000059.SZ,000059,20251209,91504550,0,260371,0,S,51500,1500,
000059.SZ,000059,20251209,91504690,0,262739,0,S,54500,9500,
000059.SZ,000059,20251209,91504690,0,262742,0,S,55600,9500,
000059.SZ,000059,20251209,91504910,0,263590,0,B,50500,1000,
000059.SZ,000059,20251209,91504910,0,263594,0,S,53000,1000,
000059.SZ,000059,20251209,91505090,0,264889,0,S,56400,900,
000059.SZ,000059,20251209,91505090,0,264890,0,S,53700,100,
000059.SZ,000059,20251209,91505230,0,266186,0,B,50600,3900,
000059.SZ,000059,20251209,91505560,0,268962,0,S,52800,2000,
000059.SZ,000059,20251209,91505580,0,269332,0,B,50100,2000,
000059.SZ,000059,20251209,91505580,0,269333,0,B,47100,2000,
000059.SZ,000059,20251209,91505910,0,271422,0,S,52000,2000,
000059.SZ,000059,20251209,91505940,0,271709,0,S,51900,1000,
000059.SZ,000059,20251209,91506010,0,272042,0,B,51200,2000,
000059.SZ,000059,20251209,91506010,0,272043,0,S,53300,2000,
000059.SZ,000059,20251209,91506080,0,272212,0,B,51000,100,
000059.SZ,000059,20251209,91506610,0,275194,0,B,50600,3000,
000059.SZ,000059,20251209,91507180,0,277660,0,S,56400,10000,
000059.SZ,000059,20251209,91507620,0,279445,0,B,50000,1600,
000059.SZ,000059,20251209,91508580,0,281770,0,S,55500,20000,
000059.SZ,000059,20251209,91508700,0,282507,0,S,55000,6000,
000059.SZ,000059,20251209,91509210,0,283274,0,S,48800,100,
000059.SZ,000059,20251209,91509230,0,283278,0,S,48800,100,
000059.SZ,000059,20251209,91509230,0,283279,0,S,48800,100,
000059.SZ,000059,20251209,91509700,0,284521,0,B,47000,5300,
000059.SZ,000059,20251209,91510030,0,284701,0,B,50700,200,
000059.SZ,000059,20251209,91510930,0,286033,0,S,51500,300,
000059.SZ,000059,20251209,91511580,0,286753,0,S,55000,500,
000059.SZ,000059,20251209,91511610,0,286822,0,S,56300,300,
000059.SZ,000059,20251209,91514780,0,288616,0,S,51500,2000,
000059.SZ,000059,20251209,91517900,0,289151,0,B,51300,5000,
000059.SZ,000059,20251209,91519770,0,289551,0,B,47500,100,
000059.SZ,000059,20251209,91522070,0,290007,0,S,55100,200,
000059.SZ,000059,20251209,91522100,0,290022,0,B,50900,200,
000059.SZ,000059,20251209,91524220,0,290421,0,S,48800,200,
000059.SZ,000059,20251209,91524240,0,290422,0,S,48800,200,
000059.SZ,000059,20251209,91524340,0,290439,0,S,48800,200,
000059.SZ,000059,20251209,91527560,0,291068,0,S,56400,1000,
000059.SZ,000059,20251209,91529610,0,291511,0,S,52500,100,
000059.SZ,000059,20251209,91550140,0,296388,0,S,55800,1000,
000059.SZ,000059,20251209,91606930,0,301011,0,S,52600,300,
000059.SZ,000059,20251209,91628710,0,306835,0,B,51400,50000,
000059.SZ,000059,20251209,91635980,0,308878,0,B,51500,50000,
000059.SZ,000059,20251209,91639250,0,309744,0,S,48800,100,
000059.SZ,000059,20251209,91639350,0,309777,0,S,48800,100,
000059.SZ,000059,20251209,91639710,0,309897,0,S,54500,100,
000059.SZ,000059,20251209,91653530,0,313576,0,B,48300,1300,
000059.SZ,000059,20251209,91723160,0,322326,0,S,54600,600,
000059.SZ,000059,20251209,91736370,0,326519,0,B,51100,6000,
000059.SZ,000059,20251209,91741080,0,328064,0,B,50400,2400,
000059.SZ,000059,20251209,91743160,0,328708,0,B,51200,1000,
000059.SZ,000059,20251209,91755340,0,332646,0,S,52400,19100,
000059.SZ,000059,20251209,91758040,0,333570,0,S,56400,1000,
000059.SZ,000059,20251209,91758700,0,333789,0,S,51700,600,
000059.SZ,000059,20251209,91802390,0,334995,0,S,53100,100,
000059.SZ,000059,20251209,91808250,0,336831,0,B,50100,4000,
000059.SZ,000059,20251209,91813610,0,338557,0,S,51700,900,
000059.SZ,000059,20251209,91820610,0,340904,0,S,56300,500,
000059.SZ,000059,20251209,91821370,0,341168,0,B,50500,4700,
000059.SZ,000059,20251209,91834690,0,345779,0,B,50600,500,
000059.SZ,000059,20251209,91843220,0,348687,0,S,52100,4000,
000059.SZ,000059,20251209,91856620,0,353353,0,S,52100,4000,
000059.SZ,000059,20251209,91858860,0,354152,0,S,52100,4900,
000059.SZ,000059,20251209,91900730,0,354853,0,S,52500,1800,
000059.SZ,000059,20251209,91901720,0,355198,0,S,56400,1800,
000059.SZ,000059,20251209,91912830,0,359429,0,S,52100,5000,
000059.SZ,000059,20251209,91926850,0,364721,0,S,51800,2000,
000059.SZ,000059,20251209,91940270,0,369648,0,S,52400,3000,
000059.SZ,000059,20251209,91945930,0,371712,0,S,51900,20000,
000059.SZ,000059,20251209,91951840,0,373952,0,S,50300,100,
000059.SZ,000059,20251209,91957330,0,376156,0,S,48800,100,
000059.SZ,000059,20251209,91957410,0,376192,0,S,48800,100,
000059.SZ,000059,20251209,91957630,0,376285,0,S,54500,1000,
000059.SZ,000059,20251209,91959820,0,377167,0,S,56300,2000,
000059.SZ,000059,20251209,91959900,0,377200,0,S,51400,2000,
000059.SZ,000059,20251209,92000240,0,377345,0,B,53800,700,
000059.SZ,000059,20251209,92001330,0,377831,0,S,48800,100,
000059.SZ,000059,20251209,92001410,0,377860,0,S,48800,200,
000059.SZ,000059,20251209,92014480,0,382571,0,S,53500,2000,
000059.SZ,000059,20251209,92022910,0,385290,0,S,52000,33400,
000059.SZ,000059,20251209,92028880,0,387348,0,B,51000,3400,
000059.SZ,000059,20251209,92030740,0,387988,0,S,52500,2000,
000059.SZ,000059,20251209,92032760,0,388680,0,B,51000,100,
000059.SZ,000059,20251209,92032760,0,388681,0,S,53000,100,
000059.SZ,000059,20251209,92034790,0,389415,0,S,51700,33400,
000059.SZ,000059,20251209,92048330,0,394167,0,S,52000,3000,
000059.SZ,000059,20251209,92049770,0,394677,0,B,50500,5000,
000059.SZ,000059,20251209,92050650,0,394978,0,S,52900,1800,
000059.SZ,000059,20251209,92051560,0,395324,0,B,51100,10000,
000059.SZ,000059,20251209,92056000,0,396956,0,S,51500,16200,
000059.SZ,000059,20251209,92057910,0,397653,0,S,52500,3000,
000059.SZ,000059,20251209,92059650,0,398270,0,S,53500,2000,
000059.SZ,000059,20251209,92103180,0,399623,0,B,53800,1600,
000059.SZ,000059,20251209,92104150,0,399986,0,S,55800,1000,
000059.SZ,000059,20251209,92105760,0,400616,0,B,56400,100,
000059.SZ,000059,20251209,92108170,0,401517,0,S,52100,1500,
000059.SZ,000059,20251209,92108740,0,401742,0,S,53000,3000,
000059.SZ,000059,20251209,92111420,0,402773,0,B,51000,1000,
000059.SZ,000059,20251209,92116440,0,404734,0,S,48800,500,
000059.SZ,000059,20251209,92122320,0,407032,0,S,52300,1000,
000059.SZ,000059,20251209,92126870,0,408814,0,B,51000,30000,
000059.SZ,000059,20251209,92133340,0,411433,0,B,51200,2000,
000059.SZ,000059,20251209,92135970,0,412474,0,S,51500,14000,
000059.SZ,000059,20251209,92139170,0,413782,0,B,53800,1500,
000059.SZ,000059,20251209,92140590,0,414340,0,B,51100,2000,
000059.SZ,000059,20251209,92142820,0,415212,0,S,56400,1400,
000059.SZ,000059,20251209,92148160,0,417388,0,S,51800,3000,
000059.SZ,000059,20251209,92149020,0,417792,0,S,53000,5000,
000059.SZ,000059,20251209,92159800,0,422353,0,S,52800,2000,
000059.SZ,000059,20251209,92207190,0,426080,0,S,51500,600,
000059.SZ,000059,20251209,92211870,0,428095,0,B,50500,200,
000059.SZ,000059,20251209,92212620,0,428404,0,S,52800,3000,
000059.SZ,000059,20251209,92215950,0,429793,0,S,52100,1000,
000059.SZ,000059,20251209,92217450,0,430469,0,B,50000,600,
000059.SZ,000059,20251209,92218600,0,431002,0,B,50900,30000,
000059.SZ,000059,20251209,92218650,0,431019,0,S,52400,400,
000059.SZ,000059,20251209,92222340,0,432699,0,B,51300,17100,
000059.SZ,000059,20251209,92224520,0,433712,0,S,53300,2000,
000059.SZ,000059,20251209,92231160,0,436877,0,B,48500,10000,
000059.SZ,000059,20251209,92232790,0,437608,0,B,50700,40000,
000059.SZ,000059,20251209,92234120,0,438178,0,S,56400,100,
000059.SZ,000059,20251209,92234160,0,438191,0,S,51800,30000,
000059.SZ,000059,20251209,92239280,0,440480,0,S,53000,50000,
000059.SZ,000059,20251209,92240280,0,440910,0,S,53200,300,
000059.SZ,000059,20251209,92242220,0,441875,0,S,52600,1000,
000059.SZ,000059,20251209,92244500,0,443026,0,S,56400,200,
000059.SZ,000059,20251209,92245880,0,443731,0,B,51000,5000,
000059.SZ,000059,20251209,92248510,0,444991,0,B,50500,50000,
000059.SZ,000059,20251209,92258260,0,449633,0,B,50300,5000,
000059.SZ,000059,20251209,92300620,0,450729,0,S,56300,10000,
000059.SZ,000059,20251209,92309150,0,454875,0,S,52500,47900,
000059.SZ,000059,20251209,92309460,0,455030,0,S,50500,700,
000059.SZ,000059,20251209,92323440,0,462336,0,S,54400,4000,
000059.SZ,000059,20251209,92332350,0,467254,0,S,54800,4000,
000059.SZ,000059,20251209,92333000,0,467619,0,B,51200,3200,
000059.SZ,000059,20251209,92343720,0,473668,0,S,55100,5000,
000059.SZ,000059,20251209,92345300,0,474652,0,B,51100,400,
000059.SZ,000059,20251209,92347190,0,475849,0,S,49200,100,
000059.SZ,000059,20251209,92351140,0,478192,0,S,52200,3900,
000059.SZ,000059,20251209,92352320,0,478864,0,S,55300,5000,
000059.SZ,000059,20251209,92355550,0,480823,0,S,52100,30000,
000059.SZ,000059,20251209,92400070,0,483576,0,B,53800,100,
000059.SZ,000059,20251209,92400570,0,483954,0,S,55500,5000,
000059.SZ,000059,20251209,92414030,0,493530,0,S,54700,2000,
000059.SZ,000059,20251209,92419310,0,497754,0,S,56000,2000,
000059.SZ,000059,20251209,92428850,0,506093,0,S,51700,10000,
000059.SZ,000059,20251209,92430300,0,507499,0,S,49000,3800,
000059.SZ,000059,20251209,92433300,0,510359,0,S,51500,1400,
000059.SZ,000059,20251209,92434270,0,511278,0,B,50600,200,
000059.SZ,000059,20251209,92437470,0,514174,0,B,53800,100,
000059.SZ,000059,20251209,92439180,0,516291,0,B,53800,600,
000059.SZ,000059,20251209,92450080,0,528204,0,S,50700,100,
000059.SZ,000059,20251209,92450320,0,528743,0,S,50700,100,
000059.SZ,000059,20251209,92450380,0,528932,0,S,50500,2700,
000059.SZ,000059,20251209,92451280,0,530290,0,S,50500,500,
000059.SZ,000059,20251209,92451310,0,530357,0,S,50800,700,
000059.SZ,000059,20251209,92451320,0,530384,0,S,52900,27600,
000059.SZ,000059,20251209,92451410,0,530530,0,S,50500,900,
000059.SZ,000059,20251209,92451480,0,530625,0,S,52000,5000,
000059.SZ,000059,20251209,92452440,0,531875,0,S,55000,300,
000059.SZ,000059,20251209,92453640,0,533623,0,S,49800,300,
000059.SZ,000059,20251209,92454580,0,534942,0,S,51000,100,
000059.SZ,000059,20251209,92454980,0,535620,0,S,51000,100,
000059.SZ,000059,20251209,92454980,0,535625,0,S,51000,100,
000059.SZ,000059,20251209,92455010,0,535710,0,S,51300,5700,
000059.SZ,000059,20251209,92455050,0,535872,0,B,52100,100,
000059.SZ,000059,20251209,92455100,0,535968,0,B,52000,200,
000059.SZ,000059,20251209,92455900,0,537555,0,B,51500,4400,
000059.SZ,000059,20251209,92455970,0,537717,0,S,51000,100,
000059.SZ,000059,20251209,92456030,0,537895,0,S,51500,100,
000059.SZ,000059,20251209,92457170,0,541454,0,B,53800,1200,
000059.SZ,000059,20251209,92458200,0,544913,0,S,56400,3000,
000059.SZ,000059,20251209,92459490,0,549981,0,S,51400,300,
000059.SZ,000059,20251209,92459540,0,550260,0,S,51400,400,
000059.SZ,000059,20251209,92459540,0,550284,0,S,51400,1000,
000059.SZ,000059,20251209,92459540,0,550301,0,S,51400,100,
000059.SZ,000059,20251209,92459550,0,550330,0,S,51400,2000,
000059.SZ,000059,20251209,92459600,0,550608,0,S,51400,5900,
000059.SZ,000059,20251209,92459670,0,550969,0,S,50200,1400,
000059.SZ,000059,20251209,92459820,0,551597,0,B,54200,18400,
000059.SZ,000059,20251209,92459830,0,551650,0,S,50300,2900,
000059.SZ,000059,20251209,92459880,0,551900,0,S,49000,1100,
000059.SZ,000059,20251209,92459890,0,551975,0,S,50000,8400,
000059.SZ,000059,20251209,93000040,0,647119,0,S,51500,2600,
000059.SZ,000059,20251209,93000050,0,653150,0,S,56400,2100,
000059.SZ,000059,20251209,93000060,0,655501,0,B,50800,3600,
000059.SZ,000059,20251209,93000060,0,655651,0,S,51500,2400,
000059.SZ,000059,20251209,93000060,0,660216,0,S,51900,10000,
000059.SZ,000059,20251209,93000060,0,660549,0,S,51900,5000,
000059.SZ,000059,20251209,93000070,0,662224,0,S,51900,2000,
000059.SZ,000059,20251209,93000070,0,666526,0,S,51600,2900,
000059.SZ,000059,20251209,93000070,0,667277,0,S,51500,700,
000059.SZ,000059,20251209,93000090,0,677851,0,B,51600,2000,
000059.SZ,000059,20251209,93000100,0,680292,0,S,52000,5000,
000059.SZ,000059,20251209,93000100,0,682779,0,S,51900,5000,
000059.SZ,000059,20251209,93000100,0,682821,0,S,52000,5000,
000059.SZ,000059,20251209,93000100,0,684039,0,S,56300,600,
000059.SZ,000059,20251209,93000100,0,684176,0,S,52100,5000,
000059.SZ,000059,20251209,93000100,0,684225,0,S,52200,5000,
000059.SZ,000059,20251209,93000100,0,684229,0,S,52300,5000,
000059.SZ,000059,20251209,93000120,0,692790,0,S,52400,35000,
000059.SZ,000059,20251209,93000120,0,693692,0,S,53300,2000,
000059.SZ,000059,20251209,93000120,0,695644,0,S,51300,34800,
000059.SZ,000059,20251209,93000130,0,697015,0,S,52700,3000,
000059.SZ,000059,20251209,93000140,0,705134,0,S,52500,8800,
000059.SZ,000059,20251209,93000140,0,706272,0,S,56400,500,
000059.SZ,000059,20251209,93000150,0,710107,0,S,55300,600,
000059.SZ,000059,20251209,93000160,0,714043,0,B,51200,10000,
000059.SZ,000059,20251209,93000160,0,714863,0,B,51300,900,
000059.SZ,000059,20251209,93000160,0,716154,0,S,51500,5000,
000059.SZ,000059,20251209,93000160,0,718061,0,S,52300,35000,
000059.SZ,000059,20251209,93000160,0,718550,0,S,52000,5000,
000059.SZ,000059,20251209,93000170,0,721300,0,B,51100,10000,
000059.SZ,000059,20251209,93000170,0,724003,0,S,51500,400,
000059.SZ,000059,20251209,93000190,0,729400,0,S,52000,10000,
000059.SZ,000059,20251209,93000200,0,736019,0,S,51400,4900,
000059.SZ,000059,20251209,93000210,0,737330,0,B,51500,2000,
000059.SZ,000059,20251209,93000220,0,740325,0,S,53200,10000,
000059.SZ,000059,20251209,93000220,0,740434,0,S,54000,10000,
000059.SZ,000059,20251209,93000220,0,740889,0,S,56400,100,
000059.SZ,000059,20251209,93000240,0,750530,0,B,50600,1800,
000059.SZ,000059,20251209,93000250,0,751416,0,S,52000,20000,
000059.SZ,000059,20251209,93000260,0,754558,0,S,51500,1600,
000059.SZ,000059,20251209,93000260,0,757940,0,B,51500,50000,
000059.SZ,000059,20251209,93000270,0,760183,0,S,52200,20000,
000059.SZ,000059,20251209,93000280,0,761747,0,B,46200,200,
000059.SZ,000059,20251209,93000300,0,768222,0,B,51600,50000,
000059.SZ,000059,20251209,93000300,0,769046,0,B,50600,2000,
000059.SZ,000059,20251209,93000300,0,770155,0,B,50900,500,
000059.SZ,000059,20251209,93000320,0,775755,0,S,56400,10000,
000059.SZ,000059,20251209,93000320,0,776071,0,S,51600,1700,
000059.SZ,000059,20251209,93000330,0,778314,0,B,50300,2000,
000059.SZ,000059,20251209,93000340,0,780779,0,S,51700,15000,
000059.SZ,000059,20251209,93000340,0,780885,0,S,51600,10000,
000059.SZ,000059,20251209,93000350,0,781965,0,S,51400,300,
000059.SZ,000059,20251209,93000350,0,781984,0,S,51400,2400,
000059.SZ,000059,20251209,93000350,0,782150,0,S,51500,100,
000059.SZ,000059,20251209,93000350,0,782161,0,S,51300,100,
000059.SZ,000059,20251209,93000350,0,782466,0,S,51400,100,
000059.SZ,000059,20251209,93000350,0,782510,0,S,51400,200,
000059.SZ,000059,20251209,93000350,0,782539,0,S,51400,400,
000059.SZ,000059,20251209,93000350,0,782575,0,S,51400,17000,
000059.SZ,000059,20251209,93000350,0,782584,0,S,51400,14000,
000059.SZ,000059,20251209,93000350,0,782673,0,S,51400,700,
000059.SZ,000059,20251209,93000350,0,784096,0,S,51400,100,
000059.SZ,000059,20251209,93000350,0,784227,0,S,51400,100,
000059.SZ,000059,20251209,93000350,0,784270,0,S,51400,100,
000059.SZ,000059,20251209,93000350,0,784526,0,S,51400,5600,
000059.SZ,000059,20251209,93000350,0,784528,0,S,51400,3500,
000059.SZ,000059,20251209,93000360,0,785589,0,S,51400,900,
000059.SZ,000059,20251209,93000360,0,785616,0,S,51400,100,
000059.SZ,000059,20251209,93000370,0,787122,0,S,51400,100,
000059.SZ,000059,20251209,93000380,0,790817,0,B,52000,2000,
000059.SZ,000059,20251209,93000390,0,792090,0,B,51400,3800,
000059.SZ,000059,20251209,93000390,0,792666,0,S,51600,400,
000059.SZ,000059,20251209,93000400,0,794748,0,S,51700,200,
000059.SZ,000059,20251209,93000410,0,795238,0,S,51500,100,
000059.SZ,000059,20251209,93000410,0,796174,0,B,51300,400,
000059.SZ,000059,20251209,93000420,0,796880,0,B,51400,400,
000059.SZ,000059,20251209,93000450,0,802107,0,B,51500,100,
000059.SZ,000059,20251209,93000470,0,806041,0,S,51500,100,
000059.SZ,000059,20251209,93000480,0,807020,0,S,53000,7600,
000059.SZ,000059,20251209,93000480,0,807436,0,S,51400,100,
000059.SZ,000059,20251209,93000480,0,807682,0,S,51500,100,
000059.SZ,000059,20251209,93000520,0,812123,0,S,51900,1401,
000059.SZ,000059,20251209,93000540,0,815582,0,B,50600,1800,
000059.SZ,000059,20251209,93000570,0,821615,0,S,51500,2000,
000059.SZ,000059,20251209,93000580,0,822105,0,S,51500,100,
000059.SZ,000059,20251209,93000600,0,825991,0,B,50900,5000,
000059.SZ,000059,20251209,93000600,0,826297,0,S,51400,1700,
000059.SZ,000059,20251209,93000650,0,834611,0,S,52000,700,
000059.SZ,000059,20251209,93000690,0,841296,0,S,51100,100,
000059.SZ,000059,20251209,93000690,0,841495,0,S,52900,2000,
000059.SZ,000059,20251209,93000690,0,841649,0,S,55100,2000,
000059.SZ,000059,20251209,93000710,0,844097,0,S,52400,5000,
000059.SZ,000059,20251209,93000730,0,846303,0,S,51400,4300,
000059.SZ,000059,20251209,93000740,0,849504,0,S,54900,10000,
000059.SZ,000059,20251209,93000790,0,856093,0,B,51300,2200,
000059.SZ,000059,20251209,93000850,0,864695,0,S,51500,1000,
000059.SZ,000059,20251209,93000890,0,870823,0,S,51900,6700,
000059.SZ,000059,20251209,93000900,0,872831,0,S,51500,4900,
000059.SZ,000059,20251209,93000940,0,878488,0,S,51800,20000,
000059.SZ,000059,20251209,93000950,0,879670,0,S,52100,2000,
000059.SZ,000059,20251209,93000970,0,883371,0,S,55000,30000,
000059.SZ,000059,20251209,93000980,0,883848,0,S,51900,900,
000059.SZ,000059,20251209,93001010,0,888661,0,B,50500,500,
000059.SZ,000059,20251209,93001050,0,894482,0,S,51900,25000,
000059.SZ,000059,20251209,93001070,0,897364,0,S,52400,5000,
000059.SZ,000059,20251209,93001090,0,899874,0,B,51500,300,
000059.SZ,000059,20251209,93001090,0,900137,0,S,52000,1000,
000059.SZ,000059,20251209,93001090,0,900205,0,B,51300,10000,
000059.SZ,000059,20251209,93001130,0,904032,0,B,50700,1500,
000059.SZ,000059,20251209,93001130,0,904615,0,S,52500,5000,
000059.SZ,000059,20251209,93001140,0,905508,0,S,52000,2000,
000059.SZ,000059,20251209,93001140,0,905649,0,S,51900,10000,
000059.SZ,000059,20251209,93001140,0,905916,0,S,52100,10000,
000059.SZ,000059,20251209,93001190,0,910247,0,S,52000,1000,
000059.SZ,000059,20251209,93001190,0,910295,0,S,56400,500,
000059.SZ,000059,20251209,93001210,0,912328,0,S,52400,500,
000059.SZ,000059,20251209,93001230,0,914846,0,S,54900,5000,
000059.SZ,000059,20251209,93001240,0,915177,0,B,50500,10000,
000059.SZ,000059,20251209,93001300,0,920066,0,S,51500,1400,
000059.SZ,000059,20251209,93001310,0,920746,0,B,50900,1600,
000059.SZ,000059,20251209,93001320,0,921934,0,S,51900,18900,
000059.SZ,000059,20251209,93001420,0,929356,0,B,51500,100,
000059.SZ,000059,20251209,93001430,0,930410,0,B,51500,100,
000059.SZ,000059,20251209,93001470,0,934162,0,B,51500,100,
000059.SZ,000059,20251209,93001530,0,938440,0,B,50800,5000,
000059.SZ,000059,20251209,93001530,0,939126,0,B,51500,100,
000059.SZ,000059,20251209,93001570,0,942344,0,B,50500,2000,
000059.SZ,000059,20251209,93001610,0,946466,0,S,51500,2000,
000059.SZ,000059,20251209,93001750,0,959522,0,S,56400,1000,
000059.SZ,000059,20251209,93001790,0,962646,0,S,56400,200,
000059.SZ,000059,20251209,93001860,0,968188,0,S,53600,600,
000059.SZ,000059,20251209,93001890,0,970756,0,S,52000,3300,
000059.SZ,000059,20251209,93001970,0,978938,0,B,51300,10000,
000059.SZ,000059,20251209,93001970,0,979078,0,B,51000,19000,
000059.SZ,000059,20251209,93002120,0,991428,0,S,51400,2200,
000059.SZ,000059,20251209,93002150,0,994084,0,B,51100,100000,
000059.SZ,000059,20251209,93002160,0,995231,0,B,51400,400,
000059.SZ,000059,20251209,93002240,0,999788,0,S,56400,5700,
000059.SZ,000059,20251209,93002420,0,1008865,0,B,49500,1000,
000059.SZ,000059,20251209,93002430,0,1009389,0,S,51400,2200,
000059.SZ,000059,20251209,93002430,0,1009876,0,S,51400,2200,
000059.SZ,000059,20251209,93002450,0,1011290,0,B,50800,100,
000059.SZ,000059,20251209,93002480,0,1012980,0,S,51400,5800,
000059.SZ,000059,20251209,93002480,0,1013167,0,S,51400,5800,
000059.SZ,000059,20251209,93002480,0,1013176,0,S,51400,3600,
000059.SZ,000059,20251209,93002500,0,1014462,0,B,51300,10200,
000059.SZ,000059,20251209,93002510,0,1014684,0,B,50900,2000,
000059.SZ,000059,20251209,93002510,0,1014717,0,S,54500,28900,
000059.SZ,000059,20251209,93002510,0,1014987,0,S,51600,2000,
000059.SZ,000059,20251209,93002510,0,1015001,0,S,55900,28900,
000059.SZ,000059,20251209,93002520,0,1015236,0,S,51700,1500,
000059.SZ,000059,20251209,93002530,0,1015707,0,B,50900,600,
000059.SZ,000059,20251209,93002570,0,1018754,0,S,56400,3000,
000059.SZ,000059,20251209,93002620,0,1021752,0,S,51500,100,
000059.SZ,000059,20251209,93002670,0,1025228,0,S,53800,5000,
000059.SZ,000059,20251209,93002690,0,1026518,0,B,51100,100,
000059.SZ,000059,20251209,93002790,0,1032353,0,S,53400,200,
000059.SZ,000059,20251209,93002800,0,1032910,0,S,51400,2800,
000059.SZ,000059,20251209,93002930,0,1040449,0,S,51800,200,
000059.SZ,000059,20251209,93003020,0,1046767,0,S,53000,3000,
000059.SZ,000059,20251209,93003030,0,1047167,0,S,51900,4000,
000059.SZ,000059,20251209,93003150,0,1054896,0,B,50500,7000,
000059.SZ,000059,20251209,93003150,0,1055019,0,S,51400,200,
000059.SZ,000059,20251209,93003170,0,1056608,0,B,51900,2400,
000059.SZ,000059,20251209,93003170,0,1056770,0,B,51300,26900,
000059.SZ,000059,20251209,93003230,0,1059569,0,B,49900,3000,
000059.SZ,000059,20251209,93003250,0,1060233,0,S,56400,4000,
000059.SZ,000059,20251209,93003280,0,1061931,0,B,51700,300,
000059.SZ,000059,20251209,93004200,0,1107019,0,B,51400,4700,
000059.SZ,000059,20251209,93004280,0,1110054,0,S,51400,1300,
000059.SZ,000059,20251209,93004290,0,1110270,0,S,51400,500,
000059.SZ,000059,20251209,93004340,0,1111794,0,S,51500,21600,
000059.SZ,000059,20251209,93004370,0,1112516,0,S,51400,200,
000059.SZ,000059,20251209,93004560,0,1121552,0,S,51400,200,
000059.SZ,000059,20251209,93004580,0,1122113,0,S,51400,100,
000059.SZ,000059,20251209,93004580,0,1122200,0,B,50800,5000,
000059.SZ,000059,20251209,93004600,0,1123191,0,S,51300,500,
000059.SZ,000059,20251209,93004600,0,1123234,0,S,51300,600,
000059.SZ,000059,20251209,93004610,0,1123539,0,S,51300,600,
000059.SZ,000059,20251209,93004610,0,1123557,0,S,51300,200,
000059.SZ,000059,20251209,93004610,0,1123561,0,S,51300,500,
000059.SZ,000059,20251209,93004620,0,1123739,0,S,51300,600,
000059.SZ,000059,20251209,93004660,0,1125796,0,S,51300,800,
000059.SZ,000059,20251209,93004800,0,1131102,0,S,51400,400,
000059.SZ,000059,20251209,93005020,0,1140195,0,S,52400,5000,
000059.SZ,000059,20251209,93005030,0,1140757,0,S,56400,2000,
000059.SZ,000059,20251209,93005160,0,1146230,0,S,51900,6000,
000059.SZ,000059,20251209,93005350,0,1150037,0,S,51500,400,
000059.SZ,000059,20251209,93005800,0,1161928,0,S,51400,800,
000059.SZ,000059,20251209,93005850,0,1163082,0,B,51600,1000,
000059.SZ,000059,20251209,93006040,0,1169378,0,S,52000,2000,
000059.SZ,000059,20251209,93006110,0,1172007,0,B,51300,300,
000059.SZ,000059,20251209,93006180,0,1173841,0,B,51900,600,
000059.SZ,000059,20251209,93006450,0,1181561,0,S,51400,100,
000059.SZ,000059,20251209,93006480,0,1182490,0,B,51500,100,
000059.SZ,000059,20251209,93006650,0,1188053,0,S,51600,4200,
000059.SZ,000059,20251209,93006660,0,1188267,0,S,51400,100,
000059.SZ,000059,20251209,93006790,0,1192329,0,S,51500,1100,
000059.SZ,000059,20251209,93006930,0,1196014,0,S,56400,200,
000059.SZ,000059,20251209,93007080,0,1200849,0,B,51400,200,
000059.SZ,000059,20251209,93007220,0,1203497,0,B,51400,100,
000059.SZ,000059,20251209,93007590,0,1212575,0,S,51400,2000,
000059.SZ,000059,20251209,93007600,0,1212942,0,S,51400,100,
000059.SZ,000059,20251209,93007650,0,1213921,0,S,51400,800,
000059.SZ,000059,20251209,93007660,0,1214287,0,S,51400,1700,
000059.SZ,000059,20251209,93007670,0,1214399,0,S,51400,1200,
000059.SZ,000059,20251209,93007670,0,1214576,0,S,51400,900,
000059.SZ,000059,20251209,93007680,0,1214660,0,S,51400,300,
000059.SZ,000059,20251209,93007730,0,1216380,0,S,51400,1400,
000059.SZ,000059,20251209,93007740,0,1216701,0,S,51400,200,
000059.SZ,000059,20251209,93007760,0,1216990,0,S,51400,900,
000059.SZ,000059,20251209,93007810,0,1217817,0,S,51400,1000,
000059.SZ,000059,20251209,93007920,0,1219954,0,B,51400,100,
000059.SZ,000059,20251209,93008230,0,1226379,0,S,51500,100,
000059.SZ,000059,20251209,93008240,0,1226467,0,S,51400,200,
000059.SZ,000059,20251209,93008460,0,1229504,0,B,51300,200,
000059.SZ,000059,20251209,93008800,0,1234161,0,B,51400,1100,
000059.SZ,000059,20251209,93008880,0,1235604,0,B,51400,100,
000059.SZ,000059,20251209,93009190,0,1240987,0,B,51900,200,
000059.SZ,000059,20251209,93009280,0,1242074,0,S,51400,600,
000059.SZ,000059,20251209,93009460,0,1246482,0,S,51400,100,
000059.SZ,000059,20251209,93009500,0,1247160,0,S,51400,6400,
000059.SZ,000059,20251209,93010230,0,1260833,0,S,51200,2900,
000059.SZ,000059,20251209,93010420,0,1265290,0,B,51400,100,
000059.SZ,000059,20251209,93010700,0,1271577,0,B,51400,3300,
000059.SZ,000059,20251209,93011430,0,1279997,0,B,51400,1100,
000059.SZ,000059,20251209,93011480,0,1280505,0,B,51400,1100,
000059.SZ,000059,20251209,93011550,0,1281462,0,B,51400,1100,
000059.SZ,000059,20251209,93011680,0,1283002,0,B,51400,1000,
000059.SZ,000059,20251209,93011730,0,1283499,0,B,51400,1100,
000059.SZ,000059,20251209,93011750,0,1283703,0,B,51400,6600,
000059.SZ,000059,20251209,93011780,0,1283978,0,B,51400,3000,
000059.SZ,000059,20251209,93012080,0,1286947,0,B,51300,200,
000059.SZ,000059,20251209,93012140,0,1287521,0,B,51000,200,
000059.SZ,000059,20251209,93012140,0,1287523,0,B,51000,100,
000059.SZ,000059,20251209,93012220,0,1288365,0,B,51400,800,
000059.SZ,000059,20251209,93012220,0,1288452,0,S,51400,100,
000059.SZ,000059,20251209,93012220,0,1288473,0,S,51400,100,
000059.SZ,000059,20251209,93012220,0,1288478,0,B,51400,100,
000059.SZ,000059,20251209,93012350,0,1290973,0,S,51400,100,
000059.SZ,000059,20251209,93012960,0,1302834,0,S,51400,600,
000059.SZ,000059,20251209,93013690,0,1315372,0,S,51400,300,
000059.SZ,000059,20251209,93014240,0,1321400,0,B,51400,700,
000059.SZ,000059,20251209,93014280,0,1321912,0,S,51400,100,
000059.SZ,000059,20251209,93014310,0,1322183,0,B,51400,700,
000059.SZ,000059,20251209,93014720,0,1326912,0,S,51400,100,
000059.SZ,000059,20251209,93014810,0,1328021,0,B,51400,500,
000059.SZ,000059,20251209,93015080,0,1330589,0,S,51400,100,
000059.SZ,000059,20251209,93015100,0,1330867,0,B,51300,10000,
000059.SZ,000059,20251209,93015160,0,1331721,0,S,51400,100,
000059.SZ,000059,20251209,93015250,0,1332886,0,S,51400,1800,
000059.SZ,000059,20251209,93015250,0,1332887,0,S,51400,100,
000059.SZ,000059,20251209,93015250,0,1332888,0,B,51900,1200,
000059.SZ,000059,20251209,93015500,0,1339259,0,B,51300,700,
000059.SZ,000059,20251209,93015610,0,1343975,0,S,51400,100,
000059.SZ,000059,20251209,93015720,0,1345970,0,S,51400,100,
000059.SZ,000059,20251209,93016010,0,1350567,0,S,51400,100,
000059.SZ,000059,20251209,93017870,0,1376653,0,S,51700,1000,
000059.SZ,000059,20251209,93018490,0,1386904,0,S,51400,100,
000059.SZ,000059,20251209,93018560,0,1387893,0,B,51300,200,
000059.SZ,000059,20251209,93018880,0,1393755,0,S,51400,500,
000059.SZ,000059,20251209,93018970,0,1395137,0,S,51400,8800,
000059.SZ,000059,20251209,93019460,0,1402570,0,S,51400,100,
000059.SZ,000059,20251209,93019470,0,1402682,0,S,51400,100,
000059.SZ,000059,20251209,93019470,0,1402683,0,S,51400,100,
000059.SZ,000059,20251209,93019600,0,1404956,0,B,51300,100,
000059.SZ,000059,20251209,93019600,0,1405016,0,S,51400,100,
000059.SZ,000059,20251209,93020290,0,1413425,0,S,51400,1100,
000059.SZ,000059,20251209,93020700,0,1418412,0,B,51200,28600,
000059.SZ,000059,20251209,93021220,0,1424275,0,S,51400,600,
000059.SZ,000059,20251209,93021220,0,1424375,0,B,51400,100,
000059.SZ,000059,20251209,93021260,0,1426134,0,B,51400,200,
000059.SZ,000059,20251209,93022460,0,1448105,0,S,51200,3000,
000059.SZ,000059,20251209,93023240,0,1457742,0,S,51400,200,
000059.SZ,000059,20251209,93024150,0,1467371,0,S,51400,400,
000059.SZ,000059,20251209,93024160,0,1467802,0,S,51400,2100,
000059.SZ,000059,20251209,93024160,0,1467806,0,S,51400,2400,
000059.SZ,000059,20251209,93024170,0,1468059,0,B,51900,200,
000059.SZ,000059,20251209,93024480,0,1473334,0,S,51400,200,
000059.SZ,000059,20251209,93024650,0,1477060,0,B,51400,100,
000059.SZ,000059,20251209,93024790,0,1480119,0,B,51300,100,
000059.SZ,000059,20251209,93024970,0,1482235,0,B,51400,100,
000059.SZ,000059,20251209,93025050,0,1483723,0,B,51400,100,
000059.SZ,000059,20251209,93025080,0,1484007,0,B,51400,5000,
000059.SZ,000059,20251209,93025140,0,1484877,0,S,51300,2400,
000059.SZ,000059,20251209,93026570,0,1503241,0,B,51300,400,
000059.SZ,000059,20251209,93027110,0,1508566,0,S,51400,3700,
000059.SZ,000059,20251209,93027170,0,1510089,0,B,51900,400,
000059.SZ,000059,20251209,93028490,0,1531223,0,S,51000,700,
000059.SZ,000059,20251209,93030030,0,1552289,0,S,56400,100,
000059.SZ,000059,20251209,93030340,0,1557950,0,S,51600,20000,
000059.SZ,000059,20251209,93030650,0,1564631,0,B,51400,16300,
000059.SZ,000059,20251209,93030840,0,1567828,0,S,51400,100,
000059.SZ,000059,20251209,93031030,0,1570236,0,S,56300,100,
000059.SZ,000059,20251209,93032200,0,1588018,0,S,51600,30000,
000059.SZ,000059,20251209,93032990,0,1596330,0,B,51300,100,
000059.SZ,000059,20251209,93032990,0,1596341,0,B,51300,100,
000059.SZ,000059,20251209,93032990,0,1596366,0,B,51300,100,
000059.SZ,000059,20251209,93033000,0,1596452,0,S,51400,500,
000059.SZ,000059,20251209,93033150,0,1598099,0,S,51400,500,
000059.SZ,000059,20251209,93033180,0,1598668,0,B,51900,900,
000059.SZ,000059,20251209,93033290,0,1601991,0,B,51400,100,
000059.SZ,000059,20251209,93033720,0,1609482,0,S,51400,1100,
000059.SZ,000059,20251209,93034140,0,1615092,0,S,51400,100,
000059.SZ,000059,20251209,93035330,0,1634266,0,B,50500,5000,
000059.SZ,000059,20251209,93035980,0,1642167,0,S,51400,1100,
000059.SZ,000059,20251209,93036170,0,1644897,0,S,51400,600,
000059.SZ,000059,20251209,93036180,0,1644954,0,S,51400,3000,
000059.SZ,000059,20251209,93037480,0,1672337,0,B,51400,1000,
000059.SZ,000059,20251209,93037660,0,1674832,0,B,51300,100,
000059.SZ,000059,20251209,93037740,0,1676336,0,B,51000,1000,
000059.SZ,000059,20251209,93038530,0,1686801,0,S,51400,13000,
000059.SZ,000059,20251209,93038850,0,1690672,0,S,51400,100,
000059.SZ,000059,20251209,93039150,0,1695939,0,S,51300,100,
000059.SZ,000059,20251209,93039530,0,1703978,0,S,51400,700,
000059.SZ,000059,20251209,93041450,0,1738123,0,S,51800,2800,
000059.SZ,000059,20251209,93041700,0,1742017,0,S,51800,5000,
000059.SZ,000059,20251209,93042480,0,1757926,0,S,51400,100,
000059.SZ,000059,20251209,93043500,0,1777263,0,S,51400,100,
000059.SZ,000059,20251209,93044550,0,1795287,0,S,51400,700,
000059.SZ,000059,20251209,93045000,0,1802459,0,B,51400,100,
000059.SZ,000059,20251209,93045160,0,1805329,0,S,51300,700,
000059.SZ,000059,20251209,93045160,0,1805337,0,S,51300,1200,
000059.SZ,000059,20251209,93045160,0,1805339,0,S,51300,100,
000059.SZ,000059,20251209,93045160,0,1805341,0,S,51300,200,
000059.SZ,000059,20251209,93045160,0,1805455,0,S,51300,400,
000059.SZ,000059,20251209,93045820,0,1816642,0,B,50800,5000,
000059.SZ,000059,20251209,93046680,0,1830836,0,B,51300,300,
000059.SZ,000059,20251209,93047140,0,1836563,0,B,51300,3100,
000059.SZ,000059,20251209,93047620,0,1842497,0,S,51400,100,
000059.SZ,000059,20251209,93047970,0,1846721,0,S,51500,10000,
000059.SZ,000059,20251209,93048020,0,1847282,0,S,51300,200,
000059.SZ,000059,20251209,93048210,0,1849851,0,B,51900,200,
000059.SZ,000059,20251209,93050980,0,1888509,0,B,51300,8300,
000059.SZ,000059,20251209,93051170,0,1890809,0,B,51300,2200,
000059.SZ,000059,20251209,93051210,0,1891387,0,S,51400,2900,
000059.SZ,000059,20251209,93051400,0,1894256,0,B,51300,400,
000059.SZ,000059,20251209,93052240,0,1906321,0,B,51300,1000,
000059.SZ,000059,20251209,93054230,0,1932173,0,S,51400,800,
000059.SZ,000059,20251209,93054520,0,1937121,0,B,50900,2500,
000059.SZ,000059,20251209,93054550,0,1937542,0,B,51200,2500,
000059.SZ,000059,20251209,93054580,0,1937840,0,S,51400,1000,
000059.SZ,000059,20251209,93054650,0,1938944,0,S,52500,1000,
000059.SZ,000059,20251209,93055490,0,1950603,0,B,51300,300,
000059.SZ,000059,20251209,93055730,0,1953928,0,B,50000,1200,
000059.SZ,000059,20251209,93056040,0,1957629,0,B,50500,3000,
000059.SZ,000059,20251209,93056090,0,1958378,0,B,51300,200,
000059.SZ,000059,20251209,93056260,0,1960401,0,B,50500,700,
000059.SZ,000059,20251209,93056330,0,1961413,0,S,51400,400,
000059.SZ,000059,20251209,93056390,0,1962098,0,S,51400,1200,
000059.SZ,000059,20251209,93057710,0,1979861,0,B,51400,2200,
000059.SZ,000059,20251209,93058100,0,1985528,0,S,51400,3700,
000059.SZ,000059,20251209,93058230,0,1987298,0,S,52200,900,
000059.SZ,000059,20251209,93058320,0,1988599,0,S,51400,1100,
000059.SZ,000059,20251209,93058650,0,1993743,0,B,50500,1000,
000059.SZ,000059,20251209,93100040,0,2012159,0,S,51400,3100,
000059.SZ,000059,20251209,93100070,0,2012640,0,B,50800,2500,
000059.SZ,000059,20251209,93100390,0,2018591,0,B,51300,7700,
000059.SZ,000059,20251209,93100400,0,2018957,0,B,51600,600,
000059.SZ,000059,20251209,93100430,0,2019379,0,S,51400,100,
000059.SZ,000059,20251209,93101040,0,2031249,0,B,51300,200,
000059.SZ,000059,20251209,93102870,0,2060814,0,B,51000,1000,
000059.SZ,000059,20251209,93103170,0,2065813,0,S,51400,300,
000059.SZ,000059,20251209,93103170,0,2065826,0,B,51900,200,
000059.SZ,000059,20251209,93103270,0,2067928,0,S,51400,1200,
000059.SZ,000059,20251209,93103320,0,2068953,0,S,51400,3500,
000059.SZ,000059,20251209,93103330,0,2068993,0,S,51400,100,
000059.SZ,000059,20251209,93103340,0,2069287,0,S,51400,8300,
000059.SZ,000059,20251209,93103810,0,2078195,0,B,51400,300,
000059.SZ,000059,20251209,93104200,0,2084269,0,S,51400,500,
000059.SZ,000059,20251209,93104200,0,2084270,0,S,51400,400,
000059.SZ,000059,20251209,93104200,0,2084271,0,S,51400,500,
000059.SZ,000059,20251209,93104200,0,2084288,0,S,51400,800,
000059.SZ,000059,20251209,93104210,0,2084559,0,S,51400,100,
000059.SZ,000059,20251209,93104220,0,2084754,0,S,51400,400,
000059.SZ,000059,20251209,93105430,0,2104551,0,B,50700,2500,
000059.SZ,000059,20251209,93105440,0,2104750,0,S,51400,100,
000059.SZ,000059,20251209,93105490,0,2105583,0,S,51400,500,
000059.SZ,000059,20251209,93106150,0,2115077,0,S,51400,400,
000059.SZ,000059,20251209,93106150,0,2115096,0,S,51400,200,
000059.SZ,000059,20251209,93106150,0,2115106,0,S,51400,400,
000059.SZ,000059,20251209,93106300,0,2117793,0,B,51300,7600,
000059.SZ,000059,20251209,93106310,0,2118130,0,B,51600,100,
000059.SZ,000059,20251209,93106390,0,2119462,0,B,51300,100,
000059.SZ,000059,20251209,93107920,0,2146960,0,S,51300,1100,
000059.SZ,000059,20251209,93107920,0,2147052,0,S,51400,100,
000059.SZ,000059,20251209,93107930,0,2147132,0,S,51300,1200,
000059.SZ,000059,20251209,93107940,0,2147291,0,S,51300,3900,
000059.SZ,000059,20251209,93107970,0,2147693,0,S,51300,800,
000059.SZ,000059,20251209,93109170,0,2163959,0,B,51900,300,
000059.SZ,000059,20251209,93109180,0,2164109,0,S,51400,1100,
000059.SZ,000059,20251209,93109180,0,2164127,0,S,51400,100,
000059.SZ,000059,20251209,93109180,0,2164176,0,B,51300,5900,
000059.SZ,000059,20251209,93109200,0,2164531,0,B,51600,1700,
000059.SZ,000059,20251209,93109490,0,2169292,0,B,51300,100,
000059.SZ,000059,20251209,93110030,0,2177528,0,B,51000,5000,
000059.SZ,000059,20251209,93110050,0,2177791,0,S,51400,100,
000059.SZ,000059,20251209,93110100,0,2178597,0,S,51400,800,
000059.SZ,000059,20251209,93111900,0,2202181,0,B,51400,2700,
000059.SZ,000059,20251209,93111920,0,2202302,0,B,51300,1200,
000059.SZ,000059,20251209,93112140,0,2205534,0,S,51400,200,
000059.SZ,000059,20251209,93112140,0,2205605,0,S,51300,100,
000059.SZ,000059,20251209,93112200,0,2206459,0,B,51900,300,
000059.SZ,000059,20251209,93112260,0,2207233,0,S,51400,300,
000059.SZ,000059,20251209,93112260,0,2207380,0,S,51400,1800,
000059.SZ,000059,20251209,93112800,0,2215753,0,B,51300,200,
000059.SZ,000059,20251209,93115240,0,2246874,0,S,51400,400,
000059.SZ,000059,20251209,93115250,0,2246882,0,S,51400,100,
000059.SZ,000059,20251209,93115250,0,2246908,0,S,51400,100,
000059.SZ,000059,20251209,93115260,0,2247065,0,S,51400,100,
000059.SZ,000059,20251209,93115270,0,2247213,0,B,50600,2500,
000059.SZ,000059,20251209,93115290,0,2247526,0,S,51400,400,
000059.SZ,000059,20251209,93115920,0,2256789,0,B,51300,100,
000059.SZ,000059,20251209,93117410,0,2276825,0,S,53000,2000,
000059.SZ,000059,20251209,93117430,0,2277010,0,S,51400,100,
000059.SZ,000059,20251209,93119310,0,2300079,0,S,52000,1000,
000059.SZ,000059,20251209,93119310,0,2300162,0,B,51300,200,
000059.SZ,000059,20251209,93121050,0,2320050,0,B,50500,2500,
000059.SZ,000059,20251209,93121060,0,2320175,0,S,51400,100,
000059.SZ,000059,20251209,93123920,0,2354445,0,S,51400,400,
000059.SZ,000059,20251209,93124690,0,2363375,0,S,53200,1000,
000059.SZ,000059,20251209,93126220,0,2382056,0,B,51400,1400,
000059.SZ,000059,20251209,93126420,0,2384272,0,B,50400,2500,
000059.SZ,000059,20251209,93127180,0,2392824,0,B,51300,4700,
000059.SZ,000059,20251209,93127200,0,2393049,0,B,51600,1200,
000059.SZ,000059,20251209,93130100,0,2426135,0,B,51000,600,
000059.SZ,000059,20251209,93130160,0,2427018,0,S,51400,400,
000059.SZ,000059,20251209,93130160,0,2427041,0,S,51400,2400,
000059.SZ,000059,20251209,93131370,0,2443515,0,B,50300,2500,
000059.SZ,000059,20251209,93132060,0,2451897,0,S,51400,100,
000059.SZ,000059,20251209,93133300,0,2466115,0,S,53600,2000,
000059.SZ,000059,20251209,93133560,0,2469449,0,S,51300,700,
000059.SZ,000059,20251209,93135400,0,2491030,0,B,51400,4200,
000059.SZ,000059,20251209,93135410,0,2491169,0,S,51400,200,
000059.SZ,000059,20251209,93135450,0,2491610,0,B,51400,200,
000059.SZ,000059,20251209,93135940,0,2496646,0,B,51300,10000,
000059.SZ,000059,20251209,93136150,0,2498817,0,S,51400,600,
000059.SZ,000059,20251209,93136150,0,2498820,0,S,51400,2100,
000059.SZ,000059,20251209,93136170,0,2499107,0,B,51900,400,
000059.SZ,000059,20251209,93136300,0,2500758,0,B,51300,3400,
000059.SZ,000059,20251209,93136320,0,2500976,0,B,51600,1300,
000059.SZ,000059,20251209,93136870,0,2508612,0,B,51300,10500,
000059.SZ,000059,20251209,93136870,0,2508618,0,B,51300,3500,
000059.SZ,000059,20251209,93137080,0,2511109,0,B,51300,4600,
000059.SZ,000059,20251209,93137090,0,2511269,0,B,51400,1000,
000059.SZ,000059,20251209,93137090,0,2511284,0,B,51400,200,
000059.SZ,000059,20251209,93137090,0,2511287,0,B,51400,1000,
000059.SZ,000059,20251209,93137090,0,2511298,0,B,51400,900,
000059.SZ,000059,20251209,93137090,0,2511304,0,B,51400,600,
000059.SZ,000059,20251209,93137090,0,2511308,0,B,51400,500,
000059.SZ,000059,20251209,93137570,0,2518387,0,B,46200,1000,
000059.SZ,000059,20251209,93137760,0,2520860,0,S,51300,300,
000059.SZ,000059,20251209,93138490,0,2529229,0,B,51300,10800,
000059.SZ,000059,20251209,93138760,0,2531792,0,B,51300,2800,
000059.SZ,000059,20251209,93138890,0,2533006,0,B,50500,1000,
000059.SZ,000059,20251209,93139000,0,2534055,0,B,51400,10000,
000059.SZ,000059,20251209,93139200,0,2536191,0,S,51400,1600,
000059.SZ,000059,20251209,93139200,0,2536253,0,B,51900,800,
000059.SZ,000059,20251209,93139200,0,2536274,0,B,51300,7700,
000059.SZ,000059,20251209,93139300,0,2537860,0,B,50400,200,
000059.SZ,000059,20251209,93139300,0,2537861,0,B,50400,100,
000059.SZ,000059,20251209,93139330,0,2538109,0,B,51600,3400,
000059.SZ,000059,20251209,93139550,0,2541109,0,B,51400,1000,
000059.SZ,000059,20251209,93139640,0,2542261,0,B,51400,1900,
000059.SZ,000059,20251209,93141170,0,2560483,0,B,51300,900,
000059.SZ,000059,20251209,93141370,0,2562543,0,S,51900,10000,
000059.SZ,000059,20251209,93141880,0,2567892,0,S,51400,800,
000059.SZ,000059,20251209,93141990,0,2568771,0,B,51400,3700,
000059.SZ,000059,20251209,93142190,0,2571217,0,B,51900,500,
000059.SZ,000059,20251209,93142200,0,2571371,0,S,51400,200,
000059.SZ,000059,20251209,93142210,0,2571388,0,S,51400,700,
000059.SZ,000059,20251209,93142210,0,2571428,0,S,51400,100,
000059.SZ,000059,20251209,93142250,0,2572098,0,S,51400,2400,
000059.SZ,000059,20251209,93142260,0,2572248,0,S,51400,2100,
000059.SZ,000059,20251209,93143080,0,2582943,0,B,51600,300,
000059.SZ,000059,20251209,93145170,0,2607683,0,S,51400,1300,
000059.SZ,000059,20251209,93145990,0,2618412,0,S,51400,100,
000059.SZ,000059,20251209,93146070,0,2619356,0,S,51400,200,
000059.SZ,000059,20251209,93146100,0,2619663,0,S,51400,100,
000059.SZ,000059,20251209,93146110,0,2619809,0,S,51400,100,
000059.SZ,000059,20251209,93146240,0,2621584,0,S,51400,100,
000059.SZ,000059,20251209,93146350,0,2623295,0,S,51400,400,
000059.SZ,000059,20251209,93146360,0,2623518,0,S,51400,3100,
000059.SZ,000059,20251209,93146710,0,2628452,0,S,51300,2500,
000059.SZ,000059,20251209,93147970,0,2641259,0,S,56400,400,
000059.SZ,000059,20251209,93148160,0,2643397,0,S,51400,2000,
000059.SZ,000059,20251209,93148190,0,2643647,0,B,51900,200,
000059.SZ,000059,20251209,93148820,0,2651562,0,S,56300,50000,
000059.SZ,000059,20251209,93149280,0,2656872,0,S,51400,1300,
000059.SZ,000059,20251209,93151160,0,2677470,0,S,51300,300,
000059.SZ,000059,20251209,93153790,0,2708180,0,B,51200,1200,
000059.SZ,000059,20251209,93154150,0,2711589,0,S,51400,400,
000059.SZ,000059,20251209,93154250,0,2713117,0,B,50600,30000,
000059.SZ,000059,20251209,93154790,0,2719788,0,S,52500,2000,
000059.SZ,000059,20251209,93155700,0,2731509,0,S,52100,20000,
000059.SZ,000059,20251209,93156040,0,2735466,0,S,51400,100,
000059.SZ,000059,20251209,93156200,0,2737447,0,S,51600,1000,
000059.SZ,000059,20251209,93156240,0,2737800,0,S,56400,100,
000059.SZ,000059,20251209,93157270,0,2748865,0,S,51400,1200,
000059.SZ,000059,20251209,93157300,0,2749301,0,B,51400,600,
000059.SZ,000059,20251209,93157470,0,2753080,0,S,51400,100,
000059.SZ,000059,20251209,93157510,0,2753501,0,S,51400,100,
000059.SZ,000059,20251209,93157550,0,2753844,0,S,51400,100,
000059.SZ,000059,20251209,93157590,0,2754262,0,S,51400,100,
000059.SZ,000059,20251209,93157650,0,2755138,0,S,51400,100,
000059.SZ,000059,20251209,93157650,0,2755152,0,S,51400,500,
000059.SZ,000059,20251209,93158750,0,2767469,0,B,51300,5900,
000059.SZ,000059,20251209,93200070,0,2780946,0,S,51400,1800,
000059.SZ,000059,20251209,93200070,0,2780965,0,S,51400,7300,
000059.SZ,000059,20251209,93200160,0,2782307,0,S,51400,100,
000059.SZ,000059,20251209,93200200,0,2782931,0,S,51400,2400,
000059.SZ,000059,20251209,93202300,0,2811357,0,S,51400,300,
000059.SZ,000059,20251209,93203280,0,2822169,0,S,51400,400,
000059.SZ,000059,20251209,93203550,0,2826196,0,B,51400,4500,
000059.SZ,000059,20251209,93203560,0,2826369,0,S,51300,400,
000059.SZ,000059,20251209,93203560,0,2826371,0,S,51300,300,
000059.SZ,000059,20251209,93204670,0,2840689,0,B,51300,5800,
000059.SZ,000059,20251209,93204680,0,2840846,0,S,51400,200,
000059.SZ,000059,20251209,93204690,0,2840867,0,S,51400,1200,
000059.SZ,000059,20251209,93204690,0,2840957,0,S,51400,100,
000059.SZ,000059,20251209,93204740,0,2841471,0,S,51400,200,
000059.SZ,000059,20251209,93206170,0,2856743,0,B,51900,300,
000059.SZ,000059,20251209,93207440,0,2871904,0,B,50900,400,
000059.SZ,000059,20251209,93207590,0,2873636,0,B,51400,2500,
000059.SZ,000059,20251209,93209150,0,2890293,0,S,51400,1100,
000059.SZ,000059,20251209,93209150,0,2890295,0,S,51400,600,
000059.SZ,000059,20251209,93209150,0,2890316,0,B,51400,100,
000059.SZ,000059,20251209,93212180,0,2921993,0,B,51900,200,
000059.SZ,000059,20251209,93212280,0,2923305,0,S,51400,100,
000059.SZ,000059,20251209,93213100,0,2934142,0,S,51400,4200,
000059.SZ,000059,20251209,93213780,0,2944259,0,S,51300,900,
000059.SZ,000059,20251209,93213790,0,2944502,0,S,51400,200,
000059.SZ,000059,20251209,93213790,0,2944523,0,S,51400,200,
000059.SZ,000059,20251209,93213840,0,2945132,0,S,51400,200,
000059.SZ,000059,20251209,93214170,0,2949541,0,S,52100,20100,
000059.SZ,000059,20251209,93214230,0,2950843,0,S,51400,1000,
000059.SZ,000059,20251209,93214640,0,2956677,0,S,51100,3400,
000059.SZ,000059,20251209,93214680,0,2957104,0,S,51300,100,
000059.SZ,000059,20251209,93214680,0,2957140,0,S,51300,100,
000059.SZ,000059,20251209,93214710,0,2957347,0,S,51300,200,
000059.SZ,000059,20251209,93214710,0,2957358,0,S,51300,100,
000059.SZ,000059,20251209,93214710,0,2957367,0,S,51400,1500,
000059.SZ,000059,20251209,93214790,0,2958339,0,S,51400,100,
000059.SZ,000059,20251209,93215170,0,2962626,0,B,51900,200,
000059.SZ,000059,20251209,93215220,0,2963406,0,S,51400,200,
000059.SZ,000059,20251209,93216050,0,2974705,0,S,51400,3500,
000059.SZ,000059,20251209,93216070,0,2975078,0,S,51300,100,
000059.SZ,000059,20251209,93216080,0,2975156,0,S,51300,100,
000059.SZ,000059,20251209,93216080,0,2975254,0,S,51400,200,
000059.SZ,000059,20251209,93216090,0,2975282,0,S,51400,100,
000059.SZ,000059,20251209,93216090,0,2975285,0,S,51400,200,
000059.SZ,000059,20251209,93216100,0,2975455,0,S,51400,600,
000059.SZ,000059,20251209,93216100,0,2975462,0,S,51400,500,
000059.SZ,000059,20251209,93217940,0,2997605,0,S,56400,3700,
000059.SZ,000059,20251209,93217940,0,2997680,0,S,51300,200,
000059.SZ,000059,20251209,93217950,0,2997747,0,S,51300,100,
000059.SZ,000059,20251209,93217960,0,2997839,0,S,51400,100,
000059.SZ,000059,20251209,93217960,0,2997853,0,S,51400,600,
000059.SZ,000059,20251209,93217990,0,2998188,0,S,51400,400,
000059.SZ,000059,20251209,93218010,0,2998327,0,S,51400,100,
000059.SZ,000059,20251209,93218180,0,3000277,0,S,51300,6100,
000059.SZ,000059,20251209,93218190,0,3000377,0,S,51300,100,
000059.SZ,000059,20251209,93218200,0,3000522,0,S,51400,1900,
000059.SZ,000059,20251209,93218220,0,3000825,0,S,51300,23500,
000059.SZ,000059,20251209,93218240,0,3001069,0,S,51300,500,
000059.SZ,000059,20251209,93218240,0,3001071,0,S,51300,100,
000059.SZ,000059,20251209,93218240,0,3001080,0,S,51500,1100,
000059.SZ,000059,20251209,93218240,0,3001091,0,S,51300,300,
000059.SZ,000059,20251209,93218240,0,3001093,0,S,51300,200,
000059.SZ,000059,20251209,93218250,0,3001252,0,S,51500,1100,
000059.SZ,000059,20251209,93218260,0,3001348,0,S,51300,11800,
000059.SZ,000059,20251209,93218260,0,3001355,0,S,51300,91500,
000059.SZ,000059,20251209,93218260,0,3001432,0,S,51300,1100,
000059.SZ,000059,20251209,93218260,0,3001434,0,S,51300,100,
000059.SZ,000059,20251209,93218260,0,3001436,0,S,51300,300,
000059.SZ,000059,20251209,93218260,0,3001438,0,S,51300,400,
000059.SZ,000059,20251209,93218260,0,3001440,0,S,51300,1700,
000059.SZ,000059,20251209,93218260,0,3001443,0,S,51300,1900,
000059.SZ,000059,20251209,93218260,0,3001445,0,S,51300,1000,
000059.SZ,000059,20251209,93218260,0,3001450,0,S,51300,2900,
000059.SZ,000059,20251209,93218260,0,3001453,0,S,51300,4400,
000059.SZ,000059,20251209,93218260,0,3001461,0,S,51300,1000,
000059.SZ,000059,20251209,93218260,0,3001470,0,S,51300,1600,
000059.SZ,000059,20251209,93218260,0,3001476,0,S,51300,1500,
000059.SZ,000059,20251209,93218260,0,3001479,0,S,51300,5700,
000059.SZ,000059,20251209,93218260,0,3001484,0,S,51300,6200,
000059.SZ,000059,20251209,93218260,0,3001487,0,S,51300,400,
000059.SZ,000059,20251209,93218270,0,3001519,0,S,51300,10200,
000059.SZ,000059,20251209,93218270,0,3001524,0,S,51300,1000,
000059.SZ,000059,20251209,93218270,0,3001526,0,S,51300,7100,
000059.SZ,000059,20251209,93218270,0,3001568,0,S,51300,1500,
000059.SZ,000059,20251209,93218270,0,3001571,0,B,51300,11600,
000059.SZ,000059,20251209,93218270,0,3001576,0,S,51300,10200,
000059.SZ,000059,20251209,93218270,0,3001591,0,S,51200,100,
000059.SZ,000059,20251209,93218270,0,3001608,0,S,51300,2200,
000059.SZ,000059,20251209,93218270,0,3001610,0,S,51300,400,
000059.SZ,000059,20251209,93218270,0,3001611,0,S,51300,500,
000059.SZ,000059,20251209,93218270,0,3001612,0,S,51300,1200,
000059.SZ,000059,20251209,93218270,0,3001613,0,S,51300,1900,
000059.SZ,000059,20251209,93218270,0,3001614,0,S,51300,400,
000059.SZ,000059,20251209,93218270,0,3001615,0,S,51300,300,
000059.SZ,000059,20251209,93218270,0,3001616,0,S,51300,2000,
000059.SZ,000059,20251209,93218270,0,3001617,0,S,51300,100,
000059.SZ,000059,20251209,93218270,0,3001618,0,S,51300,500,
000059.SZ,000059,20251209,93218270,0,3001619,0,S,51300,100,
000059.SZ,000059,20251209,93218270,0,3001620,0,S,51300,100,
000059.SZ,000059,20251209,93218270,0,3001623,0,S,51300,300,
000059.SZ,000059,20251209,93218270,0,3001624,0,S,51300,400,
000059.SZ,000059,20251209,93218270,0,3001625,0,S,51300,200,
000059.SZ,000059,20251209,93218270,0,3001626,0,S,51300,300,
000059.SZ,000059,20251209,93218270,0,3001627,0,S,51300,300,
000059.SZ,000059,20251209,93218270,0,3001628,0,S,51300,300,
000059.SZ,000059,20251209,93218270,0,3001629,0,S,51300,300,
000059.SZ,000059,20251209,93218270,0,3001630,0,S,51300,1800,
000059.SZ,000059,20251209,93218270,0,3001631,0,S,51300,100,
000059.SZ,000059,20251209,93218270,0,3001633,0,S,51300,100,
000059.SZ,000059,20251209,93218270,0,3001635,0,S,51300,100,
000059.SZ,000059,20251209,93218270,0,3001636,0,S,51300,200,
000059.SZ,000059,20251209,93218270,0,3001637,0,S,51300,600,
000059.SZ,000059,20251209,93218270,0,3001638,0,S,51300,6500,
000059.SZ,000059,20251209,93218270,0,3001646,0,S,51300,200,
000059.SZ,000059,20251209,93218270,0,3001647,0,S,51300,600,
000059.SZ,000059,20251209,93218280,0,3001648,0,S,51300,300,
000059.SZ,000059,20251209,93218280,0,3001650,0,S,51300,300,
000059.SZ,000059,20251209,93218280,0,3001651,0,S,51300,500,
000059.SZ,000059,20251209,93218280,0,3001652,0,S,51300,300,
000059.SZ,000059,20251209,93218280,0,3001653,0,S,51300,300,
000059.SZ,000059,20251209,93218280,0,3001654,0,S,51300,400,
000059.SZ,000059,20251209,93218280,0,3001655,0,S,51300,700,
000059.SZ,000059,20251209,93218280,0,3001656,0,S,51300,300,
000059.SZ,000059,20251209,93218280,0,3001663,0,S,51300,100,
000059.SZ,000059,20251209,93218280,0,3001668,0,S,51300,10200,
000059.SZ,000059,20251209,93218290,0,3001771,0,S,51300,3200,
000059.SZ,000059,20251209,93218320,0,3002263,0,S,52500,900,
000059.SZ,000059,20251209,93218340,0,3002515,0,S,51300,200,
000059.SZ,000059,20251209,93218360,0,3002657,0,B,50400,100,
000059.SZ,000059,20251209,93218840,0,3009070,0,S,51400,200,
000059.SZ,000059,20251209,93218890,0,3009531,0,S,51200,1800,
000059.SZ,000059,20251209,93218970,0,3010459,0,S,51900,20000,
000059.SZ,000059,20251209,93219180,0,3012807,0,S,51200,2200,
000059.SZ,000059,20251209,93219720,0,3019980,0,B,51300,17300,
000059.SZ,000059,20251209,93219770,0,3020421,0,S,51300,2600,
000059.SZ,000059,20251209,93219780,0,3020609,0,S,51300,100,
000059.SZ,000059,20251209,93220660,0,3028790,0,S,51300,100,
000059.SZ,000059,20251209,93220740,0,3029418,0,S,51400,200,
000059.SZ,000059,20251209,93221150,0,3032998,0,S,51300,400,
000059.SZ,000059,20251209,93221160,0,3033110,0,S,51300,100,
000059.SZ,000059,20251209,93221170,0,3033192,0,B,51200,17500,
000059.SZ,000059,20251209,93221170,0,3033242,0,B,51200,3000,
000059.SZ,000059,20251209,93221310,0,3034612,0,B,51300,100,
000059.SZ,000059,20251209,93221800,0,3040155,0,S,51300,100,
000059.SZ,000059,20251209,93221800,0,3040188,0,S,51300,100,
000059.SZ,000059,20251209,93221990,0,3041922,0,S,51300,300,
000059.SZ,000059,20251209,93222100,0,3043105,0,S,51300,500,
000059.SZ,000059,20251209,93222210,0,3044118,0,S,51300,100,
000059.SZ,000059,20251209,93222370,0,3045972,0,S,51300,200,
000059.SZ,000059,20251209,93222490,0,3046959,0,S,51300,31400,
000059.SZ,000059,20251209,93222500,0,3046967,0,S,51300,1300,
000059.SZ,000059,20251209,93222530,0,3047260,0,B,51300,200,
000059.SZ,000059,20251209,93222770,0,3050331,0,S,51300,100,
000059.SZ,000059,20251209,93224180,0,3062554,0,B,51300,700,
000059.SZ,000059,20251209,93224180,0,3062557,0,B,51300,1200,
000059.SZ,000059,20251209,93224180,0,3062559,0,B,51300,100,
000059.SZ,000059,20251209,93224180,0,3062561,0,B,51300,200,
000059.SZ,000059,20251209,93224430,0,3065131,0,S,51300,1100,
000059.SZ,000059,20251209,93224610,0,3067196,0,S,51300,100,
000059.SZ,000059,20251209,93228060,0,3100004,0,B,50300,400,
000059.SZ,000059,20251209,93229150,0,3110322,0,B,51000,5000,
000059.SZ,000059,20251209,93230220,0,3119807,0,B,51300,400,
000059.SZ,000059,20251209,93231560,0,3133695,0,B,51300,400,
000059.SZ,000059,20251209,93231890,0,3137362,0,B,51000,500,
000059.SZ,000059,20251209,93232300,0,3141203,0,S,51300,800,
000059.SZ,000059,20251209,93233150,0,3148518,0,S,51300,300,
000059.SZ,000059,20251209,93233350,0,3150908,0,B,51300,800,
000059.SZ,000059,20251209,93233360,0,3150998,0,B,51300,1200,
000059.SZ,000059,20251209,93233380,0,3151222,0,B,51300,1100,
000059.SZ,000059,20251209,93233410,0,3151447,0,B,51300,3900,
000059.SZ,000059,20251209,93234550,0,3162619,0,B,51300,200,
000059.SZ,000059,20251209,93234590,0,3162924,0,B,51300,1000,
000059.SZ,000059,20251209,93235080,0,3167603,0,B,51300,300,
000059.SZ,000059,20251209,93235900,0,3174833,0,B,51200,3000,
000059.SZ,000059,20251209,93235900,0,3174834,0,B,51200,2900,
000059.SZ,000059,20251209,93236210,0,3177455,0,S,51300,2800,
000059.SZ,000059,20251209,93236260,0,3177948,0,B,51300,300,
000059.SZ,000059,20251209,93237940,0,3194642,0,S,56400,1000,
000059.SZ,000059,20251209,93238090,0,3196049,0,B,51200,6100,
000059.SZ,000059,20251209,93238090,0,3196050,0,B,51200,2900,
000059.SZ,000059,20251209,93238250,0,3197763,0,S,51300,100,
000059.SZ,000059,20251209,93239170,0,3206269,0,B,51300,1700,
000059.SZ,000059,20251209,93239180,0,3206438,0,B,51300,100,
000059.SZ,000059,20251209,93239190,0,3206461,0,B,51300,100,
000059.SZ,000059,20251209,93239210,0,3206743,0,B,51300,10000,
000059.SZ,000059,20251209,93239520,0,3209712,0,S,53200,3700,
000059.SZ,000059,20251209,93239610,0,3210517,0,B,51400,1900,
000059.SZ,000059,20251209,93239620,0,3210643,0,B,51400,1000,
000059.SZ,000059,20251209,93239700,0,3211474,0,B,51400,1000,
000059.SZ,000059,20251209,93239700,0,3211536,0,B,51300,100,
000059.SZ,000059,20251209,93241840,0,3233315,0,B,51300,500,
000059.SZ,000059,20251209,93241840,0,3233329,0,B,51300,100,
000059.SZ,000059,20251209,93242170,0,3236390,0,B,51200,1500,
000059.SZ,000059,20251209,93242170,0,3236445,0,B,51300,4400,
000059.SZ,000059,20251209,93242350,0,3238515,0,S,51300,4600,
000059.SZ,000059,20251209,93242770,0,3241878,0,B,51300,200,
000059.SZ,000059,20251209,93242880,0,3242937,0,B,51200,600,
000059.SZ,000059,20251209,93243080,0,3244715,0,B,51300,1100,
000059.SZ,000059,20251209,93243200,0,3245711,0,B,51200,800,
000059.SZ,000059,20251209,93243310,0,3246762,0,S,52000,10000,
000059.SZ,000059,20251209,93243570,0,3249422,0,B,51300,1700,
000059.SZ,000059,20251209,93243590,0,3249656,0,B,51200,1500,
000059.SZ,000059,20251209,93243900,0,3252279,0,B,51300,3000,
000059.SZ,000059,20251209,93243920,0,3252402,0,B,51300,3000,
000059.SZ,000059,20251209,93245150,0,3263176,0,B,51300,100,
000059.SZ,000059,20251209,93245170,0,3263287,0,S,51200,600,
000059.SZ,000059,20251209,93245170,0,3263298,0,B,51200,3100,
000059.SZ,000059,20251209,93245470,0,3266094,0,B,51200,700,
000059.SZ,000059,20251209,93245520,0,3266479,0,S,51300,200,
000059.SZ,000059,20251209,93245540,0,3266709,0,B,51300,1100,
000059.SZ,000059,20251209,93245670,0,3268119,0,S,55800,1000,
000059.SZ,000059,20251209,93245720,0,3268548,0,B,51300,1400,
000059.SZ,000059,20251209,93245750,0,3268814,0,S,51300,200,
000059.SZ,000059,20251209,93245750,0,3268835,0,S,51300,100,
000059.SZ,000059,20251209,93245800,0,3269456,0,S,51300,200,
000059.SZ,000059,20251209,93245800,0,3269457,0,S,51300,100,
000059.SZ,000059,20251209,93245800,0,3269463,0,S,51300,1000,
000059.SZ,000059,20251209,93245800,0,3269470,0,S,51300,400,
000059.SZ,000059,20251209,93245800,0,3269517,0,S,51300,600,
000059.SZ,000059,20251209,93245810,0,3269571,0,S,51300,600,
000059.SZ,000059,20251209,93245810,0,3269686,0,S,51300,100,
000059.SZ,000059,20251209,93245810,0,3269688,0,S,51300,200,
000059.SZ,000059,20251209,93245820,0,3269796,0,S,51300,200,
000059.SZ,000059,20251209,93245900,0,3270635,0,B,51300,200,
000059.SZ,000059,20251209,93245940,0,3271153,0,S,51300,500,
000059.SZ,000059,20251209,93245960,0,3271259,0,S,51300,100,
000059.SZ,000059,20251209,93245960,0,3271319,0,B,51300,1100,
000059.SZ,000059,20251209,93245970,0,3271376,0,B,51300,5100,
000059.SZ,000059,20251209,93245970,0,3271405,0,S,51300,1500,
000059.SZ,000059,20251209,93245980,0,3271501,0,B,51300,10300,
000059.SZ,000059,20251209,93246070,0,3272630,0,B,51300,1000,
000059.SZ,000059,20251209,93246080,0,3272710,0,B,51300,200,
000059.SZ,000059,20251209,93246390,0,3275675,0,B,51300,100,
000059.SZ,000059,20251209,93246390,0,3275731,0,B,51300,2000,
000059.SZ,000059,20251209,93246410,0,3275833,0,B,51300,300,
000059.SZ,000059,20251209,93246650,0,3278212,0,B,51000,400,
000059.SZ,000059,20251209,93246670,0,3278328,0,S,51400,200,
000059.SZ,000059,20251209,93246670,0,3278329,0,S,51400,200,
000059.SZ,000059,20251209,93246920,0,3280326,0,B,51300,100,
000059.SZ,000059,20251209,93247260,0,3282997,0,S,51300,1300,
000059.SZ,000059,20251209,93247260,0,3283065,0,S,51400,100,
000059.SZ,000059,20251209,93247270,0,3283171,0,S,51400,100,
000059.SZ,000059,20251209,93247340,0,3283785,0,S,51200,100,
000059.SZ,000059,20251209,93247860,0,3288057,0,B,51300,1100,
000059.SZ,000059,20251209,93247990,0,3289109,0,B,51300,1700,
000059.SZ,000059,20251209,93248150,0,3290572,0,B,51300,100,
000059.SZ,000059,20251209,93248150,0,3290575,0,B,51300,100,
000059.SZ,000059,20251209,93248150,0,3290580,0,B,51300,500,
000059.SZ,000059,20251209,93248150,0,3290583,0,B,51300,400,
000059.SZ,000059,20251209,93248150,0,3290586,0,B,51300,100,
000059.SZ,000059,20251209,93248150,0,3290588,0,B,51300,100,
000059.SZ,000059,20251209,93248150,0,3290589,0,B,51300,100,
000059.SZ,000059,20251209,93248150,0,3290590,0,B,51300,200,
000059.SZ,000059,20251209,93248150,0,3290594,0,B,51300,400,
000059.SZ,000059,20251209,93248150,0,3290602,0,B,51300,100,
000059.SZ,000059,20251209,93248150,0,3290604,0,B,51300,100,
000059.SZ,000059,20251209,93248150,0,3290605,0,B,51300,100,
000059.SZ,000059,20251209,93248150,0,3290606,0,B,51300,100,
000059.SZ,000059,20251209,93248160,0,3290750,0,B,51300,100,
000059.SZ,000059,20251209,93248160,0,3290752,0,B,51300,100,
000059.SZ,000059,20251209,93248180,0,3290938,0,B,51300,900,
000059.SZ,000059,20251209,93248220,0,3291521,0,B,51400,100,
000059.SZ,000059,20251209,93248270,0,3292049,0,B,51300,100,
000059.SZ,000059,20251209,93248450,0,3293698,0,B,51300,100,
000059.SZ,000059,20251209,93248450,0,3293699,0,B,51300,300,
000059.SZ,000059,20251209,93248450,0,3293705,0,B,51300,100,
000059.SZ,000059,20251209,93248450,0,3293706,0,B,51300,300,
000059.SZ,000059,20251209,93248510,0,3294256,0,B,51300,300,
000059.SZ,000059,20251209,93248540,0,3294541,0,B,51300,500,
000059.SZ,000059,20251209,93248580,0,3295090,0,B,51300,100,
000059.SZ,000059,20251209,93248610,0,3295494,0,B,51300,100,
000059.SZ,000059,20251209,93248610,0,3295495,0,B,51300,300,
000059.SZ,000059,20251209,93248660,0,3295954,0,B,51300,1000,
000059.SZ,000059,20251209,93248690,0,3296334,0,B,51300,100,
000059.SZ,000059,20251209,93248710,0,3296523,0,B,51300,1400,
000059.SZ,000059,20251209,93248730,0,3296682,0,S,51400,300,
000059.SZ,000059,20251209,93248730,0,3296726,0,B,51300,100,
000059.SZ,000059,20251209,93248760,0,3296976,0,B,51300,200,
000059.SZ,000059,20251209,93248760,0,3296981,0,B,51300,100,
000059.SZ,000059,20251209,93248760,0,3296984,0,B,51300,100,
000059.SZ,000059,20251209,93248780,0,3297149,0,B,51300,600,
000059.SZ,000059,20251209,93248780,0,3297150,0,B,51300,1600,
000059.SZ,000059,20251209,93248960,0,3298787,0,B,51300,3400,
000059.SZ,000059,20251209,93248970,0,3298809,0,B,51300,100,
000059.SZ,000059,20251209,93248970,0,3298810,0,B,51300,900,
000059.SZ,000059,20251209,93248970,0,3298812,0,B,51300,200,
000059.SZ,000059,20251209,93248970,0,3298823,0,B,51300,100,
000059.SZ,000059,20251209,93248980,0,3298927,0,B,51300,1100,
000059.SZ,000059,20251209,93248980,0,3298952,0,B,51300,16600,
000059.SZ,000059,20251209,93248990,0,3299098,0,B,51300,100,
000059.SZ,000059,20251209,93248990,0,3299140,0,B,51300,1900,
000059.SZ,000059,20251209,93249080,0,3300117,0,B,51300,4000,
000059.SZ,000059,20251209,93249370,0,3303135,0,B,51300,200,
000059.SZ,000059,20251209,93249970,0,3308771,0,B,51300,200,
000059.SZ,000059,20251209,93250510,0,3313636,0,B,50800,10000,
000059.SZ,000059,20251209,93251170,0,3319039,0,B,51300,9700,
000059.SZ,000059,20251209,93251290,0,3320160,0,S,51300,2000,
000059.SZ,000059,20251209,93251750,0,3324564,0,B,51300,100,
000059.SZ,000059,20251209,93251800,0,3325326,0,B,51300,1400,
000059.SZ,000059,20251209,93252410,0,3331746,0,B,51300,1600,
000059.SZ,000059,20251209,93252560,0,3333153,0,B,51300,200,
000059.SZ,000059,20251209,93253170,0,3338165,0,B,51300,1700,
000059.SZ,000059,20251209,93254180,0,3346596,0,S,54800,1000,
000059.SZ,000059,20251209,93254190,0,3346654,0,S,51400,100,
000059.SZ,000059,20251209,93254240,0,3347126,0,B,51300,1300,
000059.SZ,000059,20251209,93254250,0,3347162,0,S,51400,2700,
000059.SZ,000059,20251209,93254770,0,3352756,0,B,51300,100,
000059.SZ,000059,20251209,93254860,0,3353780,0,B,51300,600,
000059.SZ,000059,20251209,93254890,0,3353988,0,B,51300,1100,
000059.SZ,000059,20251209,93254980,0,3354931,0,B,51300,400,
000059.SZ,000059,20251209,93254990,0,3355025,0,B,51300,1900,
000059.SZ,000059,20251209,93256050,0,3364700,0,S,51400,300,
000059.SZ,000059,20251209,93257980,0,3381520,0,B,51300,100,
000059.SZ,000059,20251209,93258020,0,3381933,0,S,51400,1500,
000059.SZ,000059,20251209,93258080,0,3382387,0,B,51300,1000,
000059.SZ,000059,20251209,93259700,0,3397319,0,B,51300,500,
000059.SZ,000059,20251209,93259850,0,3398491,0,S,51400,1100,
000059.SZ,000059,20251209,93300080,0,3400560,0,B,50900,1000,
000059.SZ,000059,20251209,93300100,0,3400775,0,B,51300,4500,
000059.SZ,000059,20251209,93300170,0,3401465,0,B,51300,3600,
000059.SZ,000059,20251209,93301080,0,3412380,0,S,51300,200,
000059.SZ,000059,20251209,93302180,0,3423323,0,S,53800,1000,
000059.SZ,000059,20251209,93302610,0,3427417,0,S,51400,2800,
000059.SZ,000059,20251209,93303150,0,3432468,0,S,51400,300,
000059.SZ,000059,20251209,93303250,0,3433564,0,B,51200,9000,
000059.SZ,000059,20251209,93303530,0,3436335,0,B,51000,5000,
000059.SZ,000059,20251209,93303540,0,3436395,0,S,51000,100,
000059.SZ,000059,20251209,93303590,0,3437120,0,S,51400,200,
000059.SZ,000059,20251209,93303600,0,3437233,0,S,51400,1800,
000059.SZ,000059,20251209,93304240,0,3443568,0,S,52500,1400,
000059.SZ,000059,20251209,93304280,0,3444123,0,S,51400,100,
000059.SZ,000059,20251209,93306890,0,3469390,0,B,51300,800,
000059.SZ,000059,20251209,93306980,0,3470177,0,B,51300,100,
000059.SZ,000059,20251209,93310210,0,3502279,0,B,51300,800,
000059.SZ,000059,20251209,93310300,0,3503217,0,B,51300,1000,
000059.SZ,000059,20251209,93310450,0,3505251,0,B,51300,600,
000059.SZ,000059,20251209,93310470,0,3505381,0,S,55000,1000,
000059.SZ,000059,20251209,93311000,0,3511043,0,B,50900,3000,
000059.SZ,000059,20251209,93311180,0,3512836,0,B,51200,600,
000059.SZ,000059,20251209,93311430,0,3515128,0,S,52800,1000,
000059.SZ,000059,20251209,93312570,0,3526843,0,B,51300,700,
000059.SZ,000059,20251209,93314110,0,3542938,0,S,51500,6000,
000059.SZ,000059,20251209,93315350,0,3553698,0,S,51300,100,
000059.SZ,000059,20251209,93318230,0,3580897,0,S,51400,400,
000059.SZ,000059,20251209,93318240,0,3581054,0,S,51400,700,
000059.SZ,000059,20251209,93318900,0,3587752,0,B,51300,100,
000059.SZ,000059,20251209,93318910,0,3587838,0,S,51400,100,
000059.SZ,000059,20251209,93318910,0,3587839,0,S,51400,100,
000059.SZ,000059,20251209,93318910,0,3587842,0,S,51400,100,
000059.SZ,000059,20251209,93318910,0,3587843,0,S,51400,100,
000059.SZ,000059,20251209,93318910,0,3587844,0,S,51400,100,
000059.SZ,000059,20251209,93318910,0,3587845,0,S,51400,100,
000059.SZ,000059,20251209,93318910,0,3587846,0,S,51400,100,
000059.SZ,000059,20251209,93318910,0,3587847,0,S,51400,100,
000059.SZ,000059,20251209,93318910,0,3587856,0,S,51400,100,
000059.SZ,000059,20251209,93318920,0,3587882,0,S,51400,100,
000059.SZ,000059,20251209,93318930,0,3588027,0,S,51400,100,
000059.SZ,000059,20251209,93319070,0,3589489,0,B,51300,1100,
000059.SZ,000059,20251209,93319120,0,3589861,0,S,51400,100,
000059.SZ,000059,20251209,93319370,0,3592766,0,B,51400,1400,
000059.SZ,000059,20251209,93319640,0,3595509,0,S,51900,22100,
000059.SZ,000059,20251209,93320420,0,3602438,0,S,51400,700,
000059.SZ,000059,20251209,93323800,0,3632612,0,S,51500,17100,
000059.SZ,000059,20251209,93323910,0,3633365,0,B,51300,1900,
000059.SZ,000059,20251209,93324210,0,3635970,0,S,51400,500,
000059.SZ,000059,20251209,93327690,0,3665785,0,S,51400,100,
000059.SZ,000059,20251209,93329410,0,3680081,0,B,51300,1000,
000059.SZ,000059,20251209,93329660,0,3682119,0,B,50900,2000,
000059.SZ,000059,20251209,93330360,0,3687913,0,B,50800,5000,
000059.SZ,000059,20251209,93330910,0,3692806,0,S,51400,100,
000059.SZ,000059,20251209,93332500,0,3705951,0,S,51600,20000,
000059.SZ,000059,20251209,93333100,0,3711039,0,S,51300,300,
000059.SZ,000059,20251209,93334330,0,3722299,0,S,51400,100,
000059.SZ,000059,20251209,93334340,0,3722383,0,S,51400,100,
000059.SZ,000059,20251209,93335610,0,3732720,0,S,51400,900,
000059.SZ,000059,20251209,93335890,0,3734832,0,S,51300,100,
000059.SZ,000059,20251209,93339580,0,3766748,0,S,51300,100,
000059.SZ,000059,20251209,93340120,0,3771831,0,S,51700,20000,
000059.SZ,000059,20251209,93340590,0,3777036,0,S,51000,100,
000059.SZ,000059,20251209,93342150,0,3791716,0,S,51400,2200,
000059.SZ,000059,20251209,93343740,0,3807831,0,S,51800,1000,
000059.SZ,000059,20251209,93343750,0,3807880,0,S,56400,1500,
000059.SZ,000059,20251209,93344020,0,3810184,0,B,51300,1100,
000059.SZ,000059,20251209,93344220,0,3812254,0,B,51300,100,
000059.SZ,000059,20251209,93345270,0,3820653,0,S,51400,500,
000059.SZ,000059,20251209,93346130,0,3829077,0,S,51500,2800,
000059.SZ,000059,20251209,93346310,0,3831385,0,S,51400,100,
000059.SZ,000059,20251209,93347690,0,3843716,0,B,51400,1000,
000059.SZ,000059,20251209,93348280,0,3848851,0,S,51800,20000,
000059.SZ,000059,20251209,93349370,0,3859298,0,S,56300,1000,
000059.SZ,000059,20251209,93349410,0,3859667,0,S,51000,800,
000059.SZ,000059,20251209,93349470,0,3860274,0,B,50000,1000,
000059.SZ,000059,20251209,93350510,0,3869036,0,S,51400,600,
000059.SZ,000059,20251209,93350520,0,3869090,0,B,51300,1800,
000059.SZ,000059,20251209,93351530,0,3877596,0,B,50800,1000,
000059.SZ,000059,20251209,93352740,0,3888976,0,S,51500,500,
000059.SZ,000059,20251209,93355140,0,3909025,0,S,51400,1300,
000059.SZ,000059,20251209,93355820,0,3915320,0,B,51300,2200,
000059.SZ,000059,20251209,93356870,0,3923305,0,S,51300,1400,
000059.SZ,000059,20251209,93357150,0,3925235,0,S,51400,1900,
000059.SZ,000059,20251209,93357170,0,3925343,0,B,51300,2900,
000059.SZ,000059,20251209,93357250,0,3926070,0,S,51400,100,
000059.SZ,000059,20251209,93400020,0,3950997,0,S,51400,4200,
000059.SZ,000059,20251209,93400030,0,3951080,0,S,51400,2900,
000059.SZ,000059,20251209,93400800,0,3960339,0,S,51400,300,
000059.SZ,000059,20251209,93400810,0,3960408,0,S,51400,4500,
000059.SZ,000059,20251209,93401300,0,3966474,0,S,51300,100,
000059.SZ,000059,20251209,93401310,0,3966513,0,S,51300,200,
000059.SZ,000059,20251209,93401320,0,3966594,0,S,51400,4900,
000059.SZ,000059,20251209,93401340,0,3966785,0,S,51400,100,
000059.SZ,000059,20251209,93402970,0,3982033,0,B,51600,400,
000059.SZ,000059,20251209,93403260,0,3984657,0,B,51300,1000,
000059.SZ,000059,20251209,93404140,0,3992451,0,S,51100,2100,
000059.SZ,000059,20251209,93404200,0,3992979,0,S,51400,100,
000059.SZ,000059,20251209,93404970,0,3999930,0,B,51300,10000,
000059.SZ,000059,20251209,93406040,0,4008775,0,S,52000,1000,
000059.SZ,000059,20251209,93408730,0,4031989,0,B,51300,4200,
000059.SZ,000059,20251209,93408730,0,4032031,0,B,51300,4900,
000059.SZ,000059,20251209,93408730,0,4032036,0,B,51300,2300,
000059.SZ,000059,20251209,93408740,0,4032112,0,B,51300,4500,
000059.SZ,000059,20251209,93408750,0,4032220,0,B,51300,2900,
000059.SZ,000059,20251209,93408840,0,4032977,0,B,51300,300,
000059.SZ,000059,20251209,93409190,0,4035566,0,B,52000,1600,
000059.SZ,000059,20251209,93409200,0,4035598,0,B,51300,5300,
000059.SZ,000059,20251209,93409290,0,4036751,0,S,51400,1200,
000059.SZ,000059,20251209,93410430,0,4047514,0,S,51400,100,
000059.SZ,000059,20251209,93410460,0,4047848,0,B,51400,1000,
000059.SZ,000059,20251209,93410560,0,4048740,0,S,51400,1200,
000059.SZ,000059,20251209,93411020,0,4053331,0,B,51300,10000,
000059.SZ,000059,20251209,93411400,0,4056923,0,S,51400,600,
000059.SZ,000059,20251209,93411930,0,4060706,0,B,51300,2000,
000059.SZ,000059,20251209,93412190,0,4062813,0,S,51300,100,
000059.SZ,000059,20251209,93412340,0,4064473,0,B,51300,100,
000059.SZ,000059,20251209,93412350,0,4064586,0,S,51700,10000,
000059.SZ,000059,20251209,93412720,0,4067883,0,B,50800,2400,
000059.SZ,000059,20251209,93414860,0,4085490,0,S,51400,300,
000059.SZ,000059,20251209,93415150,0,4087544,0,B,51300,400,
000059.SZ,000059,20251209,93416040,0,4094928,0,B,49100,1000,
000059.SZ,000059,20251209,93416440,0,4098204,0,S,51400,200,
000059.SZ,000059,20251209,93418150,0,4112382,0,S,51400,3000,
000059.SZ,000059,20251209,93418170,0,4112585,0,B,51300,500,
000059.SZ,000059,20251209,93418770,0,4117666,0,B,51300,20100,
000059.SZ,000059,20251209,93419290,0,4121947,0,S,51400,1100,
000059.SZ,000059,20251209,93420400,0,4131014,0,S,51600,3000,
000059.SZ,000059,20251209,93421170,0,4136651,0,B,51300,4700,
000059.SZ,000059,20251209,93421810,0,4141592,0,S,51000,100,
000059.SZ,000059,20251209,93421820,0,4141682,0,B,51000,2000,
000059.SZ,000059,20251209,93422180,0,4144387,0,B,51400,18700,
000059.SZ,000059,20251209,93422290,0,4145241,0,S,51300,11200,
000059.SZ,000059,20251209,93422850,0,4149532,0,B,51300,500,
000059.SZ,000059,20251209,93423870,0,4157003,0,S,51800,3000,
000059.SZ,000059,20251209,93424080,0,4158433,0,B,50200,500,
000059.SZ,000059,20251209,93424210,0,4159487,0,S,51300,100,
000059.SZ,000059,20251209,93425680,0,4170990,0,B,51200,10000,
000059.SZ,000059,20251209,93425920,0,4172504,0,S,51400,100,
000059.SZ,000059,20251209,93426300,0,4175050,0,B,51300,700,
000059.SZ,000059,20251209,93426410,0,4175913,0,B,51400,300,
000059.SZ,000059,20251209,93426960,0,4179479,0,B,51300,600,
000059.SZ,000059,20251209,93427200,0,4181108,0,S,51400,200,
000059.SZ,000059,20251209,93428160,0,4189045,0,B,51300,2000,
000059.SZ,000059,20251209,93428260,0,4190016,0,S,51400,100,
000059.SZ,000059,20251209,93430060,0,4202494,0,S,53300,3300,
000059.SZ,000059,20251209,93430170,0,4203290,0,B,51300,200,
000059.SZ,000059,20251209,93430960,0,4209644,0,S,51400,2100,
000059.SZ,000059,20251209,93431580,0,4215082,0,S,51400,200,
000059.SZ,000059,20251209,93432780,0,4223996,0,B,51400,5000,
000059.SZ,000059,20251209,93432920,0,4225088,0,B,51400,400,
000059.SZ,000059,20251209,93433150,0,4226706,0,S,51300,1900,
000059.SZ,000059,20251209,93433720,0,4231407,0,S,51400,2000,
000059.SZ,000059,20251209,93433960,0,4233367,0,S,51400,1600,
000059.SZ,000059,20251209,93437110,0,4257296,0,B,51400,1900,
000059.SZ,000059,20251209,93437220,0,4258012,0,S,51500,500,
000059.SZ,000059,20251209,93439100,0,4271535,0,S,51300,200,
000059.SZ,000059,20251209,93439680,0,4275889,0,S,51500,3000,
000059.SZ,000059,20251209,93439720,0,4276248,0,S,51400,2000,
000059.SZ,000059,20251209,93440370,0,4281276,0,B,51200,1100,
000059.SZ,000059,20251209,93441790,0,4291397,0,S,51000,900,
000059.SZ,000059,20251209,93442980,0,4299796,0,S,51400,1700,
000059.SZ,000059,20251209,93443270,0,4302184,0,B,51300,200,
000059.SZ,000059,20251209,93445150,0,4315386,0,S,51300,500,
000059.SZ,000059,20251209,93445200,0,4315655,0,S,51300,3000,
000059.SZ,000059,20251209,93445230,0,4315966,0,S,51300,1900,
000059.SZ,000059,20251209,93445880,0,4321282,0,S,51400,1200,
000059.SZ,000059,20251209,93446050,0,4322627,0,B,51300,23000,
000059.SZ,000059,20251209,93446630,0,4327156,0,B,51300,300,
000059.SZ,000059,20251209,93446640,0,4327224,0,B,51300,200,
000059.SZ,000059,20251209,93448050,0,4336433,0,B,51000,3000,
000059.SZ,000059,20251209,93448150,0,4337318,0,S,51300,300,
000059.SZ,000059,20251209,93448180,0,4337573,0,S,51300,100,
000059.SZ,000059,20251209,93448200,0,4337698,0,B,51300,5000,
000059.SZ,000059,20251209,93448200,0,4337720,0,S,51300,2200,
000059.SZ,000059,20251209,93448200,0,4337724,0,S,51300,2700,
000059.SZ,000059,20251209,93448200,0,4337758,0,S,51300,300,
000059.SZ,000059,20251209,93448200,0,4337760,0,S,51300,300,
000059.SZ,000059,20251209,93448330,0,4338726,0,B,51300,700,
000059.SZ,000059,20251209,93448360,0,4339034,0,S,51400,1800,
000059.SZ,000059,20251209,93448590,0,4340838,0,B,51400,3100,
000059.SZ,000059,20251209,93448950,0,4343438,0,B,51200,4300,
000059.SZ,000059,20251209,93449170,0,4344857,0,S,51400,1800,
000059.SZ,000059,20251209,93449190,0,4345059,0,S,51400,1800,
000059.SZ,000059,20251209,93449580,0,4348638,0,S,51400,1800,
000059.SZ,000059,20251209,93450080,0,4351993,0,S,51200,300,
000059.SZ,000059,20251209,93451230,0,4359963,0,S,52000,500,
000059.SZ,000059,20251209,93451720,0,4363658,0,S,51400,1100,
000059.SZ,000059,20251209,93451880,0,4364795,0,B,51200,36600,
000059.SZ,000059,20251209,93452170,0,4366745,0,S,51400,100,
000059.SZ,000059,20251209,93454910,0,4386013,0,S,51400,400,
000059.SZ,000059,20251209,93455710,0,4392466,0,S,51000,1500,
000059.SZ,000059,20251209,93457220,0,4402254,0,S,51400,100,
000059.SZ,000059,20251209,93457330,0,4403099,0,S,51400,100,
000059.SZ,000059,20251209,93457930,0,4407406,0,S,51400,1000,
000059.SZ,000059,20251209,93458450,0,4411688,0,B,51300,5000,
000059.SZ,000059,20251209,93459470,0,4419836,0,S,51500,23000,
000059.SZ,000059,20251209,93501140,0,4436031,0,S,51400,4500,
000059.SZ,000059,20251209,93502000,0,4445145,0,S,51400,4200,
000059.SZ,000059,20251209,93503060,0,4454101,0,S,52900,9000,
000059.SZ,000059,20251209,93504340,0,4466563,0,B,51000,6000,
000059.SZ,000059,20251209,93504800,0,4471676,0,S,51300,100,
000059.SZ,000059,20251209,93505610,0,4479876,0,B,50400,500,
000059.SZ,000059,20251209,93506040,0,4483521,0,B,51400,4500,
000059.SZ,000059,20251209,93506050,0,4483667,0,B,51400,700,
000059.SZ,000059,20251209,93506180,0,4485023,0,S,51300,100,
000059.SZ,000059,20251209,93508210,0,4505700,0,S,51400,100,
000059.SZ,000059,20251209,93508360,0,4507076,0,S,51400,300,
000059.SZ,000059,20251209,93509240,0,4514670,0,B,51400,200,
000059.SZ,000059,20251209,93509390,0,4516690,0,B,51300,1100,
000059.SZ,000059,20251209,93510640,0,4531098,0,B,51000,10000,
000059.SZ,000059,20251209,93510930,0,4534013,0,S,51400,3500,
000059.SZ,000059,20251209,93511260,0,4537428,0,B,51300,800,
000059.SZ,000059,20251209,93511610,0,4540641,0,B,50300,400,
000059.SZ,000059,20251209,93512680,0,4550843,0,B,51300,700,
000059.SZ,000059,20251209,93513280,0,4557128,0,S,51300,100,
000059.SZ,000059,20251209,93513720,0,4561644,0,B,51300,10000,
000059.SZ,000059,20251209,93514420,0,4568983,0,S,51400,100,
000059.SZ,000059,20251209,93514500,0,4569624,0,S,51400,100,
000059.SZ,000059,20251209,93514620,0,4570776,0,B,51400,1000,
000059.SZ,000059,20251209,93514680,0,4571342,0,S,51400,100,
000059.SZ,000059,20251209,93514690,0,4571478,0,S,51400,100,
000059.SZ,000059,20251209,93514790,0,4572585,0,B,51300,700,
000059.SZ,000059,20251209,93515150,0,4576229,0,S,51400,500,
000059.SZ,000059,20251209,93515610,0,4582468,0,B,51000,3000,
000059.SZ,000059,20251209,93518860,0,4610103,0,B,51100,5000,
000059.SZ,000059,20251209,93518880,0,4610208,0,S,52100,400,
000059.SZ,000059,20251209,93519390,0,4614455,0,B,52100,1000,
000059.SZ,000059,20251209,93519390,0,4614461,0,B,51400,800,
000059.SZ,000059,20251209,93519390,0,4614491,0,S,51300,100,
000059.SZ,000059,20251209,93520880,0,4625464,0,B,50800,20000,
000059.SZ,000059,20251209,93520920,0,4625696,0,B,51300,6200,
000059.SZ,000059,20251209,93521200,0,4627665,0,S,51400,900,
000059.SZ,000059,20251209,93521210,0,4627730,0,B,51400,100,
000059.SZ,000059,20251209,93521220,0,4627776,0,B,51400,100,
000059.SZ,000059,20251209,93521230,0,4627835,0,S,51400,1600,
000059.SZ,000059,20251209,93522650,0,4638837,0,S,51400,700,
000059.SZ,000059,20251209,93522680,0,4639038,0,S,51400,100,
000059.SZ,000059,20251209,93525720,0,4662402,0,S,51400,1100,
000059.SZ,000059,20251209,93526240,0,4665833,0,S,51400,400,
000059.SZ,000059,20251209,93527050,0,4671384,0,S,52000,900,
000059.SZ,000059,20251209,93527070,0,4671563,0,S,51400,4200,
000059.SZ,000059,20251209,93527150,0,4672166,0,S,51400,2100,
000059.SZ,000059,20251209,93528810,0,4686043,0,S,51300,100,
000059.SZ,000059,20251209,93529190,0,4688793,0,B,50800,2000,
000059.SZ,000059,20251209,93531190,0,4704114,0,B,51400,39000,
000059.SZ,000059,20251209,93531190,0,4704198,0,S,51400,300,
000059.SZ,000059,20251209,93531190,0,4704203,0,B,51400,900,
000059.SZ,000059,20251209,93531190,0,4704207,0,B,51400,900,
000059.SZ,000059,20251209,93531190,0,4704209,0,B,51400,200,
000059.SZ,000059,20251209,93531190,0,4704211,0,B,51400,1100,
000059.SZ,000059,20251209,93531190,0,4704213,0,B,51400,2000,
000059.SZ,000059,20251209,93531190,0,4704216,0,B,51400,300,
000059.SZ,000059,20251209,93531190,0,4704218,0,B,51400,1100,
000059.SZ,000059,20251209,93531190,0,4704220,0,B,51400,1000,
000059.SZ,000059,20251209,93531190,0,4704223,0,B,51400,200,
000059.SZ,000059,20251209,93531190,0,4704224,0,B,51400,900,
000059.SZ,000059,20251209,93531190,0,4704225,0,B,51400,1600,
000059.SZ,000059,20251209,93531190,0,4704226,0,B,51400,500,
000059.SZ,000059,20251209,93531190,0,4704227,0,B,51400,900,
000059.SZ,000059,20251209,93531190,0,4704228,0,B,51400,200,
000059.SZ,000059,20251209,93531190,0,4704232,0,B,51400,1200,
000059.SZ,000059,20251209,93531190,0,4704233,0,B,51400,100,
000059.SZ,000059,20251209,93531190,0,4704234,0,B,51400,200,
000059.SZ,000059,20251209,93531190,0,4704235,0,B,51400,900,
000059.SZ,000059,20251209,93531190,0,4704236,0,B,51400,2000,
000059.SZ,000059,20251209,93531190,0,4704237,0,B,51400,1000,
000059.SZ,000059,20251209,93531190,0,4704238,0,B,51400,1100,
000059.SZ,000059,20251209,93531190,0,4704239,0,B,51400,900,
000059.SZ,000059,20251209,93531190,0,4704240,0,B,51400,1100,
000059.SZ,000059,20251209,93531190,0,4704241,0,B,51400,800,
000059.SZ,000059,20251209,93531190,0,4704242,0,B,51400,100,
000059.SZ,000059,20251209,93531190,0,4704243,0,B,51400,800,
000059.SZ,000059,20251209,93531190,0,4704244,0,B,51400,2300,
000059.SZ,000059,20251209,93531190,0,4704245,0,B,51400,1600,
000059.SZ,000059,20251209,93531190,0,4704246,0,B,51400,200,
000059.SZ,000059,20251209,93531190,0,4704247,0,B,51400,900,
000059.SZ,000059,20251209,93531190,0,4704248,0,B,51400,1300,
000059.SZ,000059,20251209,93531190,0,4704249,0,B,51400,1000,
000059.SZ,000059,20251209,93531190,0,4704250,0,B,51400,1000,
000059.SZ,000059,20251209,93531190,0,4704251,0,B,51400,1000,
000059.SZ,000059,20251209,93531200,0,4704285,0,B,51300,6200,
000059.SZ,000059,20251209,93531200,0,4704309,0,S,51400,56,
000059.SZ,000059,20251209,93531200,0,4704313,0,S,51400,500,
000059.SZ,000059,20251209,93531200,0,4704315,0,S,51400,200,
000059.SZ,000059,20251209,93531200,0,4704322,0,S,51500,4900,
000059.SZ,000059,20251209,93531200,0,4704329,0,S,51500,1800,
000059.SZ,000059,20251209,93531200,0,4704335,0,S,51500,2300,
000059.SZ,000059,20251209,93531200,0,4704345,0,S,51500,2900,
000059.SZ,000059,20251209,93531200,0,4704346,0,S,51500,1700,
000059.SZ,000059,20251209,93531200,0,4704347,0,S,51500,1800,
000059.SZ,000059,20251209,93531200,0,4704356,0,S,51500,4500,
000059.SZ,000059,20251209,93531200,0,4704359,0,S,51500,3100,
000059.SZ,000059,20251209,93531200,0,4704366,0,S,51500,5000,
000059.SZ,000059,20251209,93531210,0,4704369,0,S,51500,6200,
000059.SZ,000059,20251209,93531210,0,4704393,0,S,51500,7300,
000059.SZ,000059,20251209,93531220,0,4704462,0,S,51400,100,
000059.SZ,000059,20251209,93531250,0,4704839,0,S,51400,700,
000059.SZ,000059,20251209,93531270,0,4705070,0,B,51400,100,
000059.SZ,000059,20251209,93531280,0,4705110,0,S,51400,1200,
000059.SZ,000059,20251209,93531290,0,4705165,0,B,51400,100,
000059.SZ,000059,20251209,93531290,0,4705170,0,B,51400,100,
000059.SZ,000059,20251209,93531290,0,4705190,0,B,51400,100,
000059.SZ,000059,20251209,93531310,0,4705289,0,B,51400,100,
000059.SZ,000059,20251209,93531850,0,4710014,0,S,51400,100,
000059.SZ,000059,20251209,93532000,0,4711405,0,S,51400,100,
000059.SZ,000059,20251209,93532260,0,4713514,0,S,51400,100,
000059.SZ,000059,20251209,93532370,0,4714215,0,S,56400,5900,
000059.SZ,000059,20251209,93533030,0,4719363,0,S,51400,100,
000059.SZ,000059,20251209,93533150,0,4720177,0,S,51500,400,
000059.SZ,000059,20251209,93533160,0,4720251,0,S,51500,900,
000059.SZ,000059,20251209,93533180,0,4720354,0,B,51400,5400,
000059.SZ,000059,20251209,93533210,0,4720625,0,B,50900,1000,
000059.SZ,000059,20251209,93533480,0,4723409,0,S,51500,100,
000059.SZ,000059,20251209,93533650,0,4724631,0,B,51300,20000,
000059.SZ,000059,20251209,93533770,0,4725697,0,S,51400,300,
000059.SZ,000059,20251209,93533790,0,4725934,0,S,51400,100,
000059.SZ,000059,20251209,93533810,0,4726083,0,B,51300,5000,
000059.SZ,000059,20251209,93533940,0,4726952,0,S,51400,500,
000059.SZ,000059,20251209,93533950,0,4727019,0,B,51400,1000,
000059.SZ,000059,20251209,93533950,0,4727051,0,B,51400,1000,
000059.SZ,000059,20251209,93534030,0,4727688,0,B,51400,1000,
000059.SZ,000059,20251209,93534180,0,4728958,0,S,51400,1700,
000059.SZ,000059,20251209,93534190,0,4729029,0,S,51400,300,
000059.SZ,000059,20251209,93534190,0,4729031,0,S,51400,300,
000059.SZ,000059,20251209,93534190,0,4729038,0,S,51400,500,
000059.SZ,000059,20251209,93535000,0,4735768,0,S,51500,200,
000059.SZ,000059,20251209,93535000,0,4735771,0,S,51500,200,
000059.SZ,000059,20251209,93535430,0,4739053,0,S,51500,100,
000059.SZ,000059,20251209,93536160,0,4744846,0,B,51400,100,
000059.SZ,000059,20251209,93536160,0,4744847,0,B,51400,400,
000059.SZ,000059,20251209,93536160,0,4744896,0,S,51500,500,
000059.SZ,000059,20251209,93536160,0,4744909,0,B,51400,100,
000059.SZ,000059,20251209,93536160,0,4744912,0,B,51400,100,
000059.SZ,000059,20251209,93536160,0,4744917,0,B,51400,100,
000059.SZ,000059,20251209,93536160,0,4744919,0,S,51500,1100,
000059.SZ,000059,20251209,93536160,0,4744921,0,B,51400,100,
000059.SZ,000059,20251209,93536160,0,4744926,0,B,51400,200,
000059.SZ,000059,20251209,93536170,0,4744939,0,B,51400,400,
000059.SZ,000059,20251209,93536170,0,4744946,0,B,51400,100,
000059.SZ,000059,20251209,93536170,0,4744947,0,B,51400,100,
000059.SZ,000059,20251209,93536170,0,4744957,0,B,51400,100,
000059.SZ,000059,20251209,93536170,0,4744976,0,S,51500,300,
000059.SZ,000059,20251209,93536170,0,4745022,0,B,51400,600,
000059.SZ,000059,20251209,93536170,0,4745026,0,B,51400,100,
000059.SZ,000059,20251209,93536180,0,4745131,0,B,51400,100,
000059.SZ,000059,20251209,93536180,0,4745150,0,B,51400,100,
000059.SZ,000059,20251209,93536230,0,4745796,0,B,51200,1000,
000059.SZ,000059,20251209,93536600,0,4749128,0,S,51500,800,
000059.SZ,000059,20251209,93536760,0,4750573,0,S,51400,700,
000059.SZ,000059,20251209,93539150,0,4770381,0,S,51500,2200,
000059.SZ,000059,20251209,93540410,0,4785423,0,S,52500,40500,
000059.SZ,000059,20251209,93543010,0,4811318,0,S,51500,100,
000059.SZ,000059,20251209,93543160,0,4812478,0,S,51500,3600,
000059.SZ,000059,20251209,93543240,0,4813682,0,B,51800,600,
000059.SZ,000059,20251209,93543570,0,4816538,0,B,51400,900,
000059.SZ,000059,20251209,93544410,0,4823043,0,B,51500,1300,
000059.SZ,000059,20251209,93544460,0,4823395,0,B,51100,1000,
000059.SZ,000059,20251209,93545170,0,4829431,0,B,51400,1700,
000059.SZ,000059,20251209,93545220,0,4829774,0,B,51400,600,
000059.SZ,000059,20251209,93547010,0,4845684,0,B,51400,1100,
000059.SZ,000059,20251209,93547450,0,4849352,0,S,51500,300,
000059.SZ,000059,20251209,93549360,0,4871578,0,B,51200,700,
000059.SZ,000059,20251209,93549360,0,4871579,0,S,51500,100,
000059.SZ,000059,20251209,93551990,0,4896886,0,B,51400,3300,
000059.SZ,000059,20251209,93553350,0,4908453,0,B,51400,200,
000059.SZ,000059,20251209,93553790,0,4911765,0,B,51300,20000,
000059.SZ,000059,20251209,93554990,0,4921994,0,B,51400,1700,
000059.SZ,000059,20251209,93557320,0,4941540,0,B,51200,2000,
000059.SZ,000059,20251209,93557770,0,4945430,0,B,51400,500,
000059.SZ,000059,20251209,93559040,0,4955509,0,B,51400,11600,
000059.SZ,000059,20251209,93600150,0,4964116,0,S,51500,2100,
000059.SZ,000059,20251209,93600170,0,4964389,0,B,51400,100,
000059.SZ,000059,20251209,93600170,0,4964408,0,B,51400,100,
000059.SZ,000059,20251209,93600170,0,4964411,0,B,51400,100,
000059.SZ,000059,20251209,93600170,0,4964412,0,B,51400,100,
000059.SZ,000059,20251209,93600170,0,4964413,0,B,51400,100,
000059.SZ,000059,20251209,93600170,0,4964415,0,B,51400,100,
000059.SZ,000059,20251209,93600170,0,4964417,0,B,51400,100,
