万得代码,交易所代码,自然日,时间,成交编号,成交代码,委托代码,BS标志,成交价格,成交数量,叫卖序号,叫买序号,
000056.SZ,000056,20251209,91538190,290399,C,0, ,0,600,0,277237,
000056.SZ,000056,20251209,91617370,302189,C,0, ,0,274300,192551,0,
000056.SZ,000056,20251209,91634810,307080,C,0, ,0,100,0,245929,
000056.SZ,000056,20251209,91639640,308440,C,0, ,0,61200,148926,0,
000056.SZ,000056,20251209,91717510,319395,C,0, ,0,16600,0,311528,
000056.SZ,000056,20251209,91803150,333572,C,0, ,0,61200,314660,0,
000056.SZ,000056,20251209,91903590,355037,C,0, ,0,22300,287316,0,
000056.SZ,000056,20251209,91905500,355781,C,0, ,0,43700,285847,0,
000056.SZ,000056,20251209,91907680,356646,C,0, ,0,500,0,305617,
000056.SZ,000056,20251209,91946690,371826,C,0, ,0,4500,56034,0,
000056.SZ,000056,20251209,91954910,375153,C,0, ,0,4600,93337,0,
000056.SZ,000056,20251209,92500000,556015,0,0,B,22900,100,123320,378579,
000056.SZ,000056,20251209,92500000,556016,0,0,S,22900,400,488505,378579,
000056.SZ,000056,20251209,92500000,556017,0,0,S,22900,100,423114,378579,
000056.SZ,000056,20251209,92500000,556018,0,0,S,22900,12400,467117,378579,
000056.SZ,000056,20251209,92500000,556019,0,0,S,22900,4700,467117,381090,
000056.SZ,000056,20251209,92500000,556020,0,0,B,22900,500,23671,381090,
000056.SZ,000056,20251209,92500000,556021,0,0,S,22900,6900,549146,381090,
000056.SZ,000056,20251209,92500000,556022,0,0,B,22900,100,62105,381090,
000056.SZ,000056,20251209,92500000,556023,0,0,B,22900,100,62105,423366,
000056.SZ,000056,20251209,92500000,556024,0,0,B,22900,100,62105,423600,
000056.SZ,000056,20251209,92500000,556025,0,0,B,22900,100,62105,424062,
000056.SZ,000056,20251209,92500000,556026,0,0,B,22900,2200,62105,511135,
000056.SZ,000056,20251209,92500000,556027,0,0,B,22900,500,62105,531070,
000056.SZ,000056,20251209,92500000,556028,0,0,B,22900,100,62105,525944,
000056.SZ,000056,20251209,92500000,556029,0,0,B,22900,1100,62105,538947,
000056.SZ,000056,20251209,92500000,556030,0,0,B,22900,1000,75892,538947,
000056.SZ,000056,20251209,92500000,556031,0,0,B,22900,1100,112187,538947,
000056.SZ,000056,20251209,92500000,556032,0,0,B,22900,5600,435540,538947,
000056.SZ,000056,20251209,92500000,556033,0,0,S,22900,10100,435540,397831,
000056.SZ,000056,20251209,92500000,556034,0,0,S,22900,1000,435540,7394,
000056.SZ,000056,20251209,92500000,556035,0,0,S,22900,100,435540,15450,
000056.SZ,000056,20251209,92500000,556036,0,0,S,22900,500,435540,66573,
000056.SZ,000056,20251209,92500000,556037,0,0,S,22900,8700,435540,90203,
000056.SZ,000056,20251209,92500000,556038,0,0,S,22900,15000,464569,90203,
000056.SZ,000056,20251209,92500000,556039,0,0,S,22900,3000,492267,90203,
000056.SZ,000056,20251209,92500000,556040,0,0,S,22900,16700,507718,90203,
000056.SZ,000056,20251209,92500000,556041,0,0,S,22900,200,507718,95005,
000056.SZ,000056,20251209,92500000,556042,0,0,S,22900,1500,507718,113264,
000056.SZ,000056,20251209,92500000,556043,0,0,S,22900,5000,507718,116876,
000056.SZ,000056,20251209,92500000,556044,0,0,S,22900,100,507718,309592,
000056.SZ,000056,20251209,92500000,556045,0,0,S,22900,500,507718,366434,
000056.SZ,000056,20251209,92500000,556046,0,0,S,22900,2700,507718,385358,
000056.SZ,000056,20251209,92500000,556047,0,0,S,22900,900,538211,385358,
000056.SZ,000056,20251209,92500000,556048,0,0,S,22900,6200,538211,399047,
000056.SZ,000056,20251209,92500000,556049,0,0,S,22900,300,551994,399047,
000056.SZ,000056,20251209,92500000,556050,0,0,S,22900,100,552106,399047,
000056.SZ,000056,20251209,92500000,556051,0,0,S,22900,3400,552315,399047,
000056.SZ,000056,20251209,92500000,556052,0,0,S,22900,100,552315,404568,
000056.SZ,000056,20251209,92500000,556053,0,0,S,22900,500,552315,436700,
000056.SZ,000056,20251209,92500000,556054,0,0,S,22900,2000,552315,439080,
000056.SZ,000056,20251209,92500000,556055,0,0,S,22900,200,552315,526001,
000056.SZ,000056,20251209,92500000,556056,0,0,S,22900,400,552315,15449,
000056.SZ,000056,20251209,92500000,556057,0,0,S,22900,100,552315,15671,
000056.SZ,000056,20251209,92500000,556058,0,0,S,22900,1000,552315,39264,
000056.SZ,000056,20251209,92500000,556059,0,0,S,22900,1100,552315,39521,
000056.SZ,000056,20251209,92500000,556060,0,0,S,22900,500,552315,53348,
000056.SZ,000056,20251209,92500000,556061,0,0,S,22900,100,552315,92013,
000056.SZ,000056,20251209,92500000,556062,0,0,S,22900,4300,552315,139536,
000056.SZ,000056,20251209,92500000,556063,0,0,S,22900,4400,552526,139536,
000056.SZ,000056,20251209,92500000,556064,0,0,S,22900,3700,552526,145551,
000056.SZ,000056,20251209,92500000,556065,0,0,S,22900,400,553248,145551,
000056.SZ,000056,20251209,93000040,664076,0,0,S,22900,900,664075,145551,
000056.SZ,000056,20251209,93000080,688543,C,0, ,0,52000,0,306044,
000056.SZ,000056,20251209,93000090,693854,0,0,S,22900,1000,693853,145551,
000056.SZ,000056,20251209,93000130,717408,0,0,B,23000,300,15661,717407,
000056.SZ,000056,20251209,93000170,737386,0,0,S,22900,600,737385,145551,
000056.SZ,000056,20251209,93000170,737387,0,0,S,22900,3400,737385,148485,
000056.SZ,000056,20251209,93000170,737912,C,0, ,0,5100,393725,0,
000056.SZ,000056,20251209,93000220,758573,C,0, ,0,3900,0,56298,
000056.SZ,000056,20251209,93000220,758651,C,0, ,0,3800,0,56297,
000056.SZ,000056,20251209,93000240,764124,C,0, ,0,600,494387,0,
000056.SZ,000056,20251209,93000250,769467,0,0,S,22900,600,769466,148485,
000056.SZ,000056,20251209,93000350,800218,0,0,S,22900,1500,800217,148485,
000056.SZ,000056,20251209,93000350,800219,0,0,S,22900,6600,800217,161247,
000056.SZ,000056,20251209,93000350,800220,0,0,S,22900,1000,800217,220197,
000056.SZ,000056,20251209,93000350,800221,0,0,S,22900,500,800217,780583,
000056.SZ,000056,20251209,93000350,800222,0,0,S,22900,100,800217,796382,
000056.SZ,000056,20251209,93000360,803127,0,0,B,22900,9500,800217,803126,
000056.SZ,000056,20251209,93000380,806643,0,0,S,22900,100,806642,803126,
000056.SZ,000056,20251209,93000410,811701,0,0,S,22900,5400,811700,803126,
000056.SZ,000056,20251209,93000410,811702,0,0,S,22900,100,811700,803184,
000056.SZ,000056,20251209,93000410,811703,0,0,S,22900,100,811700,803416,
000056.SZ,000056,20251209,93000410,811704,0,0,S,22900,4400,811700,803578,
000056.SZ,000056,20251209,93000410,811738,0,0,S,22900,200,811737,803578,
000056.SZ,000056,20251209,93000410,812425,0,0,S,22900,100,812424,803578,
000056.SZ,000056,20251209,93000450,818901,0,0,S,22900,100,818900,803578,
000056.SZ,000056,20251209,93000450,818917,0,0,S,22900,200,818916,803578,
000056.SZ,000056,20251209,93000460,820559,0,0,S,22900,3400,820558,803578,
000056.SZ,000056,20251209,93000460,820756,0,0,S,22900,200,820755,803578,
000056.SZ,000056,20251209,93000470,822999,0,0,S,22900,100,822998,803578,
000056.SZ,000056,20251209,93000500,826754,0,0,S,22900,8200,826753,803578,
000056.SZ,000056,20251209,93000500,826915,0,0,S,22900,10600,826914,803578,
000056.SZ,000056,20251209,93000500,826917,0,0,S,22900,8000,826916,803578,
000056.SZ,000056,20251209,93000500,827778,C,0, ,0,400,0,18518,
000056.SZ,000056,20251209,93000670,855998,0,0,S,22900,3500,855997,803578,
000056.SZ,000056,20251209,93000680,856579,0,0,S,22900,100,856578,803578,
000056.SZ,000056,20251209,93000680,856692,0,0,S,22900,4200,856691,803578,
000056.SZ,000056,20251209,93000720,864268,0,0,S,22900,3500,864267,803578,
000056.SZ,000056,20251209,93000820,879275,0,0,S,22900,100,879274,803578,
000056.SZ,000056,20251209,93000830,880153,0,0,S,22900,400,880152,803578,
000056.SZ,000056,20251209,93000830,880159,0,0,S,22900,100,880158,803578,
000056.SZ,000056,20251209,93000830,880161,0,0,S,22900,100,880160,803578,
000056.SZ,000056,20251209,93000830,880165,0,0,S,22900,200,880164,803578,
000056.SZ,000056,20251209,93000830,880233,0,0,S,22900,900,880232,803578,
000056.SZ,000056,20251209,93000920,895358,C,0, ,0,6500,0,189488,
000056.SZ,000056,20251209,93001170,929258,0,0,S,22900,1900,929257,803578,
000056.SZ,000056,20251209,93001170,929259,0,0,S,22900,100,929257,805951,
000056.SZ,000056,20251209,93001170,929260,0,0,S,22900,100,929257,814408,
000056.SZ,000056,20251209,93001170,929261,0,0,S,22900,100,929257,816859,
000056.SZ,000056,20251209,93001170,929262,0,0,S,22900,4800,929257,856849,
000056.SZ,000056,20251209,93001260,937364,0,0,S,22900,3900,937363,856849,
000056.SZ,000056,20251209,93001260,937365,0,0,S,22900,100,937363,867601,
000056.SZ,000056,20251209,93001260,937366,0,0,S,22900,1500,937363,914540,
000056.SZ,000056,20251209,93001260,937367,0,0,S,22900,2500,937363,931306,
000056.SZ,000056,20251209,93001410,948560,0,0,B,22900,300,941645,948559,
000056.SZ,000056,20251209,93001410,948561,0,0,B,22900,400,946058,948559,
000056.SZ,000056,20251209,93001500,956291,0,0,B,23000,100,110384,956290,
000056.SZ,000056,20251209,93001790,983551,0,0,S,22900,1000,983550,948559,
000056.SZ,000056,20251209,93001790,983552,0,0,S,22900,600,983550,948562,
000056.SZ,000056,20251209,93001800,984254,0,0,S,22900,2700,984253,948562,
000056.SZ,000056,20251209,93001800,984255,0,0,S,22900,900,984253,948563,
000056.SZ,000056,20251209,93002010,1003631,C,0, ,0,26700,0,1001896,
000056.SZ,000056,20251209,93002070,1010382,0,0,S,22900,2400,1010381,948563,
000056.SZ,000056,20251209,93002070,1010383,0,0,S,22900,800,1010381,980224,
000056.SZ,000056,20251209,93002070,1010384,0,0,S,22900,3100,1010381,983694,
000056.SZ,000056,20251209,93002070,1010624,C,0, ,0,500,0,752924,
000056.SZ,000056,20251209,93002090,1011725,0,0,S,22900,200,1011724,983694,
000056.SZ,000056,20251209,93002950,1066023,0,0,B,22900,2100,1011724,1066022,
000056.SZ,000056,20251209,93003320,1088185,0,0,S,22800,500,1088184,13042,
000056.SZ,000056,20251209,93003400,1091953,0,0,S,22800,500,1091952,13042,
000056.SZ,000056,20251209,93003400,1091954,0,0,S,22800,300,1091952,15448,
000056.SZ,000056,20251209,93003410,1092440,0,0,B,22900,200,1011724,1092439,
000056.SZ,000056,20251209,93003700,1109241,0,0,S,22800,100,1109240,15660,
000056.SZ,000056,20251209,93003700,1109242,0,0,S,22800,5300,1109240,18551,
000056.SZ,000056,20251209,93003830,1115790,0,0,S,22800,1300,1115789,18551,
000056.SZ,000056,20251209,93004000,1124017,0,0,B,22900,1400,1011724,1124016,
000056.SZ,000056,20251209,93004030,1126752,C,0, ,0,14200,365018,0,
000056.SZ,000056,20251209,93004160,1132550,0,0,B,22900,400,1011724,1132549,
000056.SZ,000056,20251209,93004390,1140825,0,0,B,22900,1300,1011724,1140824,
000056.SZ,000056,20251209,93004390,1140826,0,0,B,22900,600,1016461,1140824,
000056.SZ,000056,20251209,93004390,1141061,0,0,B,22900,100,1016461,1141060,
000056.SZ,000056,20251209,93004430,1143234,0,0,S,22800,300,1143233,18551,
000056.SZ,000056,20251209,93004650,1152588,C,0, ,0,22300,473881,0,
000056.SZ,000056,20251209,93004660,1153140,0,0,B,22900,300,1016461,1153139,
000056.SZ,000056,20251209,93004700,1155633,0,0,B,22900,5600,1016461,1155632,
000056.SZ,000056,20251209,93004700,1155634,0,0,B,22900,400,1016466,1155632,
000056.SZ,000056,20251209,93004700,1155635,0,0,B,22900,400,1016472,1155632,
000056.SZ,000056,20251209,93004700,1155636,0,0,B,22900,3000,1030140,1155632,
000056.SZ,000056,20251209,93004700,1155637,0,0,B,22900,300,1049545,1155632,
000056.SZ,000056,20251209,93004700,1155638,0,0,B,22900,100,1082795,1155632,
000056.SZ,000056,20251209,93004700,1155639,0,0,B,22900,4300,1083526,1155632,
000056.SZ,000056,20251209,93004700,1155640,0,0,B,22900,4300,1083529,1155632,
000056.SZ,000056,20251209,93004700,1155641,0,0,B,22900,500,1087957,1155632,
000056.SZ,000056,20251209,93004700,1155642,0,0,B,22900,900,1093120,1155632,
000056.SZ,000056,20251209,93004700,1155643,0,0,B,22900,4100,1093566,1155632,
000056.SZ,000056,20251209,93004700,1155644,0,0,B,22900,100,1097095,1155632,
000056.SZ,000056,20251209,93004700,1155645,0,0,B,22900,400,1097617,1155632,
000056.SZ,000056,20251209,93004700,1155646,0,0,B,22900,100,1097651,1155632,
000056.SZ,000056,20251209,93004700,1155647,0,0,B,22900,200,1097730,1155632,
000056.SZ,000056,20251209,93004700,1155648,0,0,B,22900,800,1100149,1155632,
000056.SZ,000056,20251209,93004700,1155649,0,0,B,22900,3000,1102046,1155632,
000056.SZ,000056,20251209,93004770,1157867,0,0,B,22900,200,1109718,1157866,
000056.SZ,000056,20251209,93004770,1157868,0,0,B,22900,500,1111686,1157866,
000056.SZ,000056,20251209,93004840,1159877,0,0,B,22900,100,1111719,1159876,
000056.SZ,000056,20251209,93004880,1161493,0,0,B,22900,100,1111760,1161492,
000056.SZ,000056,20251209,93004930,1163299,C,0, ,0,12700,1119819,0,
000056.SZ,000056,20251209,93005940,1194503,C,0, ,0,11600,0,905884,
000056.SZ,000056,20251209,93005980,1195733,C,0, ,0,30000,1146752,0,
000056.SZ,000056,20251209,93006410,1210668,0,0,S,22800,2200,1210667,18551,
000056.SZ,000056,20251209,93006410,1210669,0,0,S,22800,1000,1210667,32576,
000056.SZ,000056,20251209,93006410,1210670,0,0,S,22800,1000,1210667,73389,
000056.SZ,000056,20251209,93006620,1217142,0,0,B,22900,100,1138080,1217141,
000056.SZ,000056,20251209,93007140,1234123,0,0,S,22800,2100,1234122,73389,
000056.SZ,000056,20251209,93008970,1269939,0,0,B,22900,300,1138080,1269938,
000056.SZ,000056,20251209,93009050,1271818,0,0,B,22900,100,1138080,1271817,
000056.SZ,000056,20251209,93009400,1280443,0,0,S,22800,2200,1280442,73389,
000056.SZ,000056,20251209,93009400,1280444,0,0,S,22800,100,1280442,111424,
000056.SZ,000056,20251209,93009400,1280445,0,0,S,22800,400,1280442,130891,
000056.SZ,000056,20251209,93009400,1280446,0,0,S,22800,1500,1280442,153165,
000056.SZ,000056,20251209,93009550,1283310,0,0,S,22800,100,1283309,153165,
000056.SZ,000056,20251209,93010930,1309933,C,0, ,0,2500,1001676,0,
000056.SZ,000056,20251209,93011400,1315133,C,0, ,0,2300,967018,0,
000056.SZ,000056,20251209,93011700,1318565,C,0, ,0,100,899119,0,
000056.SZ,000056,20251209,93011920,1320625,C,0, ,0,800,946646,0,
000056.SZ,000056,20251209,93011920,1320672,C,0, ,0,10700,1001681,0,
000056.SZ,000056,20251209,93012150,1323213,0,0,S,22800,5000,1323212,153165,
000056.SZ,000056,20251209,93012150,1323214,0,0,S,22800,6600,1323212,161248,
000056.SZ,000056,20251209,93012150,1323215,0,0,S,22800,5500,1323212,162969,
000056.SZ,000056,20251209,93012150,1323216,0,0,S,22800,1000,1323212,220194,
000056.SZ,000056,20251209,93012150,1323217,0,0,S,22800,3000,1323212,253923,
000056.SZ,000056,20251209,93012150,1323218,0,0,S,22800,1100,1323212,371702,
000056.SZ,000056,20251209,93012150,1323219,0,0,S,22800,2600,1323212,380317,
000056.SZ,000056,20251209,93012150,1323220,0,0,S,22800,8400,1323212,445561,
000056.SZ,000056,20251209,93012150,1323221,0,0,S,22800,5000,1323212,464068,
000056.SZ,000056,20251209,93012150,1323222,0,0,S,22800,100,1323212,466692,
000056.SZ,000056,20251209,93012150,1323223,0,0,S,22800,4100,1323212,864800,
000056.SZ,000056,20251209,93012150,1323224,0,0,S,22800,82600,1323212,866770,
000056.SZ,000056,20251209,93012150,1323225,0,0,S,22800,1600,1323212,931036,
000056.SZ,000056,20251209,93012150,1323226,0,0,S,22800,6100,1323212,935418,
000056.SZ,000056,20251209,93012150,1323227,0,0,S,22800,10000,1323212,935642,
000056.SZ,000056,20251209,93012150,1323228,0,0,S,22800,100,1323212,1035109,
000056.SZ,000056,20251209,93012150,1323229,0,0,S,22800,8700,1323212,1088049,
000056.SZ,000056,20251209,93012150,1323230,0,0,S,22800,5600,1323212,1088689,
000056.SZ,000056,20251209,93012150,1323231,0,0,S,22800,7400,1323212,1092151,
000056.SZ,000056,20251209,93012150,1323232,0,0,S,22800,4500,1323212,1093214,
000056.SZ,000056,20251209,93012150,1323233,0,0,S,22800,2200,1323212,1093297,
000056.SZ,000056,20251209,93012150,1323234,0,0,S,22800,900,1323212,1115452,
000056.SZ,000056,20251209,93012150,1323235,0,0,S,22800,3000,1323212,1115453,
000056.SZ,000056,20251209,93012150,1323236,0,0,S,22800,2200,1323212,1115456,
000056.SZ,000056,20251209,93012150,1323237,0,0,S,22800,1500,1323212,1115772,
000056.SZ,000056,20251209,93012150,1323238,0,0,S,22800,6700,1323212,1166258,
000056.SZ,000056,20251209,93012150,1323239,0,0,S,22800,1000,1323212,1202595,
000056.SZ,000056,20251209,93012150,1323240,0,0,S,22800,1000,1323212,1202629,
000056.SZ,000056,20251209,93012150,1323241,0,0,S,22800,100,1323212,1202635,
000056.SZ,000056,20251209,93012150,1323242,0,0,S,22800,200,1323212,1243170,
000056.SZ,000056,20251209,93012150,1323243,0,0,S,22800,6100,1323212,1277679,
000056.SZ,000056,20251209,93012150,1323244,0,0,S,22800,1900,1323212,1321465,
000056.SZ,000056,20251209,93012150,1323245,0,0,S,22800,2100,1323212,1321542,
000056.SZ,000056,20251209,93012230,1325765,C,0, ,0,13000,1323420,0,
000056.SZ,000056,20251209,93012240,1325954,C,0, ,0,2700,1323421,0,
000056.SZ,000056,20251209,93012240,1325957,C,0, ,0,4300,1323422,0,
000056.SZ,000056,20251209,93012240,1325961,C,0, ,0,1600,1323425,0,
000056.SZ,000056,20251209,93012250,1326132,C,0, ,0,3000,1323427,0,
000056.SZ,000056,20251209,93012250,1326134,C,0, ,0,3200,1323429,0,
000056.SZ,000056,20251209,93012280,1326764,C,0, ,0,12600,1323432,0,
000056.SZ,000056,20251209,93012290,1326943,C,0, ,0,2600,1323424,0,
000056.SZ,000056,20251209,93012290,1326952,C,0, ,0,13000,1323433,0,
000056.SZ,000056,20251209,93012290,1326960,C,0, ,0,16600,1323447,0,
000056.SZ,000056,20251209,93012590,1332595,0,0,B,22800,100,1324066,1332594,
000056.SZ,000056,20251209,93012920,1338486,C,0, ,0,200,1065480,0,
000056.SZ,000056,20251209,93012920,1338574,C,0, ,0,100,1064839,0,
000056.SZ,000056,20251209,93012970,1339144,C,0, ,0,100,1067356,0,
000056.SZ,000056,20251209,93013140,1341298,C,0, ,0,200,1162961,0,
000056.SZ,000056,20251209,93013140,1341299,C,0, ,0,2400,1162962,0,
000056.SZ,000056,20251209,93013550,1350119,0,0,B,22800,200,1324066,1350118,
000056.SZ,000056,20251209,93013940,1355541,C,0, ,0,1400,935193,0,
000056.SZ,000056,20251209,93014060,1357221,C,0, ,0,900,1074459,0,
000056.SZ,000056,20251209,93014500,1362745,C,0, ,0,400,880178,0,
000056.SZ,000056,20251209,93015250,1374151,C,0, ,0,600,771439,0,
000056.SZ,000056,20251209,93015350,1375997,C,0, ,0,200,943401,0,
000056.SZ,000056,20251209,93015380,1377759,C,0, ,0,4300,1139072,0,
000056.SZ,000056,20251209,93015390,1378613,C,0, ,0,4300,1139068,0,
000056.SZ,000056,20251209,93015600,1382470,C,0, ,0,1400,1043322,0,
000056.SZ,000056,20251209,93016030,1392428,C,0, ,0,100,912143,0,
000056.SZ,000056,20251209,93016340,1398784,0,0,S,22700,300,1398783,15447,
000056.SZ,000056,20251209,93016340,1398785,0,0,S,22700,200,1398783,15659,
000056.SZ,000056,20251209,93016340,1398786,0,0,S,22700,100,1398783,30494,
000056.SZ,000056,20251209,93017860,1420576,0,0,B,22800,1500,1324066,1420575,
000056.SZ,000056,20251209,93018380,1429845,C,0, ,0,1000,951840,0,
000056.SZ,000056,20251209,93018880,1439814,C,0, ,0,100,912690,0,
000056.SZ,000056,20251209,93019380,1448590,0,0,S,22700,1000,1448589,30494,
000056.SZ,000056,20251209,93019890,1456883,0,0,S,22700,100,1456882,30494,
000056.SZ,000056,20251209,93020590,1465553,C,0, ,0,400,1407242,0,
000056.SZ,000056,20251209,93021090,1471154,C,0, ,0,100,1238565,0,
000056.SZ,000056,20251209,93021090,1471155,C,0, ,0,100,1235957,0,
000056.SZ,000056,20251209,93021100,1471199,C,0, ,0,100,1238385,0,
000056.SZ,000056,20251209,93021700,1484373,0,0,B,22800,100,1324066,1484372,
000056.SZ,000056,20251209,93021860,1487378,C,0, ,0,45200,1320014,0,
000056.SZ,000056,20251209,93022950,1503509,C,0, ,0,3900,1338704,0,
000056.SZ,000056,20251209,93023920,1513963,C,0, ,0,800,1355466,0,
000056.SZ,000056,20251209,93023930,1514028,C,0, ,0,2500,1355382,0,
000056.SZ,000056,20251209,93024190,1517366,0,0,B,22800,200,1324066,1517365,
000056.SZ,000056,20251209,93024820,1528589,C,0, ,0,3900,1362749,0,
000056.SZ,000056,20251209,93025470,1540045,0,0,B,22800,100,1324066,1540044,
000056.SZ,000056,20251209,93027370,1564026,C,0, ,0,300,924392,0,
000056.SZ,000056,20251209,93027730,1571084,0,0,S,22700,1500,1571083,30494,
000056.SZ,000056,20251209,93027730,1571085,0,0,S,22700,2100,1571083,47700,
000056.SZ,000056,20251209,93027730,1571086,0,0,S,22700,3000,1571083,73329,
000056.SZ,000056,20251209,93028240,1578436,C,0, ,0,8700,696674,0,
000056.SZ,000056,20251209,93030170,1606049,0,0,S,22700,100,1606048,73329,
000056.SZ,000056,20251209,93031520,1632105,C,0, ,0,6500,1239831,0,
000056.SZ,000056,20251209,93033090,1650429,0,0,S,22700,1200,1650428,73329,
000056.SZ,000056,20251209,93033090,1650430,0,0,S,22700,800,1650428,117631,
000056.SZ,000056,20251209,93033150,1651120,C,0, ,0,600,0,1538428,
000056.SZ,000056,20251209,93035050,1683715,C,0, ,0,35000,661581,0,
000056.SZ,000056,20251209,93036470,1707050,0,0,B,22800,17500,1324066,1707049,
000056.SZ,000056,20251209,93036470,1707051,0,0,B,22800,4200,1327120,1707049,
000056.SZ,000056,20251209,93036470,1707052,0,0,B,22800,400,1330216,1707049,
000056.SZ,000056,20251209,93036470,1707053,0,0,B,22800,100,1334638,1707049,
000056.SZ,000056,20251209,93036470,1707054,0,0,B,22800,300,1348141,1707049,
000056.SZ,000056,20251209,93036470,1707055,0,0,B,22800,100,1370861,1707049,
000056.SZ,000056,20251209,93036470,1707056,0,0,B,22800,100,1371193,1707049,
000056.SZ,000056,20251209,93036470,1707057,0,0,B,22800,300,1373931,1707049,
000056.SZ,000056,20251209,93036470,1707058,0,0,B,22800,4200,1375402,1707049,
000056.SZ,000056,20251209,93036470,1707059,0,0,B,22800,2200,1382551,1707049,
000056.SZ,000056,20251209,93036470,1707060,0,0,B,22800,15300,1383736,1707049,
000056.SZ,000056,20251209,93036470,1707061,0,0,B,22800,2400,1389715,1707049,
000056.SZ,000056,20251209,93036470,1707062,0,0,B,22800,600,1395766,1707049,
000056.SZ,000056,20251209,93036470,1707063,0,0,B,22800,200,1399175,1707049,
000056.SZ,000056,20251209,93036470,1707064,0,0,B,22800,1400,1404272,1707049,
000056.SZ,000056,20251209,93036470,1707065,0,0,B,22800,100,1410530,1707049,
000056.SZ,000056,20251209,93036470,1707066,0,0,B,22800,100,1426268,1707049,
000056.SZ,000056,20251209,93036470,1707067,0,0,B,22800,4300,1432724,1707049,
000056.SZ,000056,20251209,93036470,1707068,0,0,B,22800,100,1445468,1707049,
000056.SZ,000056,20251209,93036870,1714553,0,0,B,22800,100,1445468,1714552,
000056.SZ,000056,20251209,93037050,1718026,C,0, ,0,2400,0,180834,
000056.SZ,000056,20251209,93040380,1775229,C,0, ,0,100,517275,0,
000056.SZ,000056,20251209,93041180,1788675,C,0, ,0,28100,140002,0,
000056.SZ,000056,20251209,93042280,1807151,C,0, ,0,4300,1453762,0,
000056.SZ,000056,20251209,93043880,1837448,0,0,B,22800,200,1445468,1837447,
000056.SZ,000056,20251209,93044260,1843139,C,0, ,0,1800,936952,0,
000056.SZ,000056,20251209,93045440,1863563,0,0,B,22800,100,1450067,1863562,
000056.SZ,000056,20251209,93045930,1872227,0,0,B,22800,100,1450067,1872226,
000056.SZ,000056,20251209,93048530,1908543,0,0,B,22800,100,1450067,1908542,
000056.SZ,000056,20251209,93051070,1944577,0,0,B,22800,4000,1450067,1944576,
000056.SZ,000056,20251209,93051070,1944578,0,0,B,22800,4000,1450337,1944576,
000056.SZ,000056,20251209,93051260,1947032,0,0,B,22800,300,1450337,1947031,
000056.SZ,000056,20251209,93051260,1947033,0,0,B,22800,500,1457491,1947031,
000056.SZ,000056,20251209,93051370,1948369,C,0, ,0,100,0,1758768,
000056.SZ,000056,20251209,93051370,1948372,0,0,B,22800,100,1457491,1948371,
000056.SZ,000056,20251209,93051540,1950774,0,0,B,22800,100,1457491,1950773,
000056.SZ,000056,20251209,93052030,1957739,0,0,B,22800,1300,1457491,1957738,
000056.SZ,000056,20251209,93052040,1957837,0,0,B,22800,100,1457491,1957836,
000056.SZ,000056,20251209,93052390,1962820,0,0,S,22700,6400,1962819,117631,
000056.SZ,000056,20251209,93052490,1964181,C,0, ,0,300,0,1651395,
000056.SZ,000056,20251209,93053020,1971694,0,0,S,22700,6500,1971693,117631,
000056.SZ,000056,20251209,93053590,1979052,C,0, ,0,17100,0,786938,
000056.SZ,000056,20251209,93054580,1992606,0,0,B,22800,100,1457491,1992605,
000056.SZ,000056,20251209,93054680,1994027,C,0, ,0,5700,957666,0,
000056.SZ,000056,20251209,93057670,2032887,0,0,B,22800,100,1457491,2032886,
000056.SZ,000056,20251209,93100140,2064247,0,0,B,22800,100,1457491,2064246,
000056.SZ,000056,20251209,93100400,2069500,C,0, ,0,10000,274528,0,
000056.SZ,000056,20251209,93100720,2076165,0,0,B,22800,100,1457491,2076164,
000056.SZ,000056,20251209,93100790,2077739,0,0,B,22800,1600,1457491,2077738,
000056.SZ,000056,20251209,93100850,2079127,0,0,B,22800,2500,1457491,2079126,
000056.SZ,000056,20251209,93100890,2079797,0,0,B,22800,200,1457491,2079796,
000056.SZ,000056,20251209,93100890,2079798,0,0,B,22800,1900,1462137,2079796,
000056.SZ,000056,20251209,93100890,2079799,0,0,B,22800,600,1505114,2079796,
000056.SZ,000056,20251209,93100900,2080580,0,0,B,22800,800,1505114,2080579,
000056.SZ,000056,20251209,93100900,2080581,0,0,B,22800,300,1513946,2080579,
000056.SZ,000056,20251209,93100900,2080597,0,0,B,22800,1100,1513946,2080596,
000056.SZ,000056,20251209,93100900,2080598,0,0,B,22800,100,1518074,2080596,
000056.SZ,000056,20251209,93101070,2083979,0,0,S,22700,2200,2083978,117631,
000056.SZ,000056,20251209,93101080,2084169,C,0, ,0,82400,869230,0,
000056.SZ,000056,20251209,93101090,2084421,C,0, ,0,6300,0,1616232,
000056.SZ,000056,20251209,93101090,2084423,C,0, ,0,6700,0,1615195,
000056.SZ,000056,20251209,93101090,2084428,C,0, ,0,5700,0,1610568,
000056.SZ,000056,20251209,93101090,2084434,C,0, ,0,1600,0,1613043,
000056.SZ,000056,20251209,93101090,2084439,C,0, ,0,4100,0,1617099,
000056.SZ,000056,20251209,93101090,2084442,C,0, ,0,3000,0,1610651,
000056.SZ,000056,20251209,93101100,2084588,0,0,B,22800,500,1518727,2084587,
000056.SZ,000056,20251209,93101200,2086249,0,0,B,22800,400,1518727,2086248,
000056.SZ,000056,20251209,93101200,2086250,0,0,B,22800,1000,1521282,2086248,
000056.SZ,000056,20251209,93101200,2086251,0,0,B,22800,200,1530608,2086248,
000056.SZ,000056,20251209,93101200,2086253,0,0,B,22800,1600,1530608,2086252,
000056.SZ,000056,20251209,93101200,2086254,0,0,B,22800,1400,1530768,2086252,
000056.SZ,000056,20251209,93101200,2086256,0,0,B,22800,1100,1530768,2086255,
000056.SZ,000056,20251209,93101200,2086257,0,0,B,22800,800,1530796,2086255,
000056.SZ,000056,20251209,93101200,2086258,0,0,B,22800,4400,1584494,2086255,
000056.SZ,000056,20251209,93101200,2086262,0,0,B,22800,700,1584494,2086261,
000056.SZ,000056,20251209,93101200,2086263,0,0,B,22800,100,1605841,2086261,
000056.SZ,000056,20251209,93101200,2086264,0,0,B,22800,4300,1666368,2086261,
000056.SZ,000056,20251209,93101200,2086265,0,0,B,22800,1600,1697685,2086261,
000056.SZ,000056,20251209,93101200,2086282,0,0,B,22800,2300,1697685,2086281,
000056.SZ,000056,20251209,93101200,2086283,0,0,B,22800,400,1705273,2086281,
000056.SZ,000056,20251209,93101200,2086284,0,0,B,22800,3000,1715436,2086281,
000056.SZ,000056,20251209,93101200,2086293,0,0,B,22800,1200,1715436,2086292,
000056.SZ,000056,20251209,93101200,2086294,0,0,B,22800,2900,1731087,2086292,
000056.SZ,000056,20251209,93103440,2123359,C,0, ,0,2000,1163717,0,
000056.SZ,000056,20251209,93103510,2124389,C,0, ,0,33500,0,1758750,
000056.SZ,000056,20251209,93103510,2124394,0,0,B,22800,2100,1731087,2124393,
000056.SZ,000056,20251209,93103510,2124395,0,0,B,22800,500,1791895,2124393,
000056.SZ,000056,20251209,93103510,2124396,0,0,B,22800,4400,1864092,2124393,
000056.SZ,000056,20251209,93103510,2124397,0,0,B,22800,1700,1897705,2124393,
000056.SZ,000056,20251209,93103510,2124399,0,0,B,22800,100,1897705,2124398,
000056.SZ,000056,20251209,93103570,2125634,0,0,B,22800,700,1897705,2125633,
000056.SZ,000056,20251209,93103570,2125635,0,0,B,22800,27800,2016511,2125633,
000056.SZ,000056,20251209,93103610,2126365,0,0,B,22800,600,2016511,2126364,
000056.SZ,000056,20251209,93103770,2129068,0,0,B,22800,100,2016511,2129067,
000056.SZ,000056,20251209,93103940,2131708,C,0, ,0,3600,0,1747098,
000056.SZ,000056,20251209,93104120,2134806,0,0,B,22800,200,2016511,2134805,
000056.SZ,000056,20251209,93105910,2162106,0,0,B,22800,100,2016511,2162105,
000056.SZ,000056,20251209,93106700,2176682,C,0, ,0,9000,1335332,0,
000056.SZ,000056,20251209,93106870,2179595,0,0,B,22800,100,2016511,2179594,
000056.SZ,000056,20251209,93107220,2185486,0,0,B,22800,100,2016511,2185485,
000056.SZ,000056,20251209,93109870,2225164,0,0,B,22800,100,2016511,2225163,
000056.SZ,000056,20251209,93112870,2266243,0,0,B,22800,100,2016511,2266242,
000056.SZ,000056,20251209,93114430,2287916,0,0,S,22700,100,2287915,117631,
000056.SZ,000056,20251209,93114980,2293917,C,0, ,0,4000,982632,0,
000056.SZ,000056,20251209,93116000,2307683,0,0,B,22800,100,2016511,2307682,
000056.SZ,000056,20251209,93119020,2345246,0,0,B,22800,100,2016511,2345245,
000056.SZ,000056,20251209,93120580,2363864,C,0, ,0,2300,2116934,0,
000056.SZ,000056,20251209,93120720,2365281,C,0, ,0,1200,61972,0,
000056.SZ,000056,20251209,93120890,2367036,0,0,S,22700,9800,2367035,117631,
000056.SZ,000056,20251209,93121250,2371529,0,0,S,22700,500,2371528,117631,
000056.SZ,000056,20251209,93121390,2373169,C,0, ,0,8700,400070,0,
000056.SZ,000056,20251209,93122390,2386665,0,0,B,22800,100,2016511,2386664,
000056.SZ,000056,20251209,93123320,2397552,C,0, ,0,5500,0,448469,
000056.SZ,000056,20251209,93123890,2403318,C,0, ,0,92900,315687,0,
000056.SZ,000056,20251209,93123910,2403540,0,0,S,22700,23700,2403539,117631,
000056.SZ,000056,20251209,93123910,2403541,0,0,S,22700,200,2403539,132401,
000056.SZ,000056,20251209,93123910,2403542,0,0,S,22700,5500,2403539,135449,
000056.SZ,000056,20251209,93123910,2403543,0,0,S,22700,400,2403539,151686,
000056.SZ,000056,20251209,93123910,2403544,0,0,S,22700,6600,2403539,161249,
000056.SZ,000056,20251209,93123910,2403545,0,0,S,22700,6600,2403539,162961,
000056.SZ,000056,20251209,93123910,2403546,0,0,S,22700,3000,2403539,163331,
000056.SZ,000056,20251209,93123910,2403547,0,0,S,22700,20000,2403539,280880,
000056.SZ,000056,20251209,93123910,2403548,0,0,S,22700,2200,2403539,303803,
000056.SZ,000056,20251209,93123910,2403549,0,0,S,22700,7200,2403539,341288,
000056.SZ,000056,20251209,93124790,2414763,C,0, ,0,500,522632,0,
000056.SZ,000056,20251209,93127230,2444186,C,0, ,0,5000,1418642,0,
000056.SZ,000056,20251209,93128370,2459762,C,0, ,0,35000,1750602,0,
000056.SZ,000056,20251209,93128530,2461844,0,0,B,22800,1800,2016511,2461843,
000056.SZ,000056,20251209,93128830,2465609,0,0,B,22800,1200,2016511,2465608,
000056.SZ,000056,20251209,93130670,2487149,0,0,S,22700,2800,2487148,341288,
000056.SZ,000056,20251209,93130670,2487150,0,0,S,22700,2100,2487148,395972,
000056.SZ,000056,20251209,93131050,2491781,0,0,S,22700,600,2491780,395972,
000056.SZ,000056,20251209,93131270,2494365,0,0,B,22800,28000,2016511,2494364,
000056.SZ,000056,20251209,93131940,2502508,C,0, ,0,30000,1967988,0,
000056.SZ,000056,20251209,93133160,2516047,C,0, ,0,8600,2016511,0,
000056.SZ,000056,20251209,93133880,2525910,C,0, ,0,56500,2163312,0,
000056.SZ,000056,20251209,93133890,2525983,C,0, ,0,10000,2403634,0,
000056.SZ,000056,20251209,93133970,2526736,C,0, ,0,1600,0,2188389,
000056.SZ,000056,20251209,93133970,2526740,0,0,B,22800,100,2072375,2526739,
000056.SZ,000056,20251209,93133970,2526741,0,0,B,22800,1500,2085931,2526739,
000056.SZ,000056,20251209,93134470,2533707,0,0,B,22800,2800,2085931,2533706,
000056.SZ,000056,20251209,93134470,2533708,0,0,B,22800,100,2128561,2533706,
000056.SZ,000056,20251209,93134470,2533709,0,0,B,22800,6200,2161842,2533706,
000056.SZ,000056,20251209,93134470,2533710,0,0,B,22800,100,2242346,2533706,
000056.SZ,000056,20251209,93134500,2534167,0,0,B,22800,200,2242346,2534166,
000056.SZ,000056,20251209,93134500,2534168,0,0,B,22800,100,2255561,2534166,
000056.SZ,000056,20251209,93134500,2534169,0,0,B,22800,200,2288130,2534166,
000056.SZ,000056,20251209,93134540,2534715,0,0,B,22800,100,2288130,2534714,
000056.SZ,000056,20251209,93134550,2534859,0,0,B,22800,500,2288130,2534858,
000056.SZ,000056,20251209,93134550,2534860,0,0,B,22800,100,2326384,2534858,
000056.SZ,000056,20251209,93134550,2534861,0,0,B,22800,900,2335091,2534858,
000056.SZ,000056,20251209,93134550,2534867,0,0,B,22800,1200,2335091,2534866,
000056.SZ,000056,20251209,93134550,2534869,0,0,B,22800,2400,2335091,2534868,
000056.SZ,000056,20251209,93134550,2534871,0,0,B,22800,2400,2335091,2534870,
000056.SZ,000056,20251209,93134550,2534878,0,0,B,22800,1400,2335091,2534877,
000056.SZ,000056,20251209,93134560,2534912,0,0,B,22800,1300,2335091,2534911,
000056.SZ,000056,20251209,93134560,2534913,0,0,B,22800,100,2362498,2534911,
000056.SZ,000056,20251209,93134560,2534914,0,0,B,22800,100,2397701,2534911,
000056.SZ,000056,20251209,93134560,2534915,0,0,B,22800,1300,2406391,2534911,
000056.SZ,000056,20251209,93134570,2535147,0,0,S,22800,100,2535146,2534911,
000056.SZ,000056,20251209,93134570,2535149,0,0,S,22800,100,2535148,2535017,
000056.SZ,000056,20251209,93134570,2535153,0,0,S,22800,100,2535152,2535017,
000056.SZ,000056,20251209,93134630,2535891,C,0, ,0,400,0,1373195,
000056.SZ,000056,20251209,93134640,2535897,C,0, ,0,100,0,1389092,
000056.SZ,000056,20251209,93134640,2535899,C,0, ,0,2300,0,1372936,
000056.SZ,000056,20251209,93134650,2536135,C,0, ,0,900,0,1373791,
000056.SZ,000056,20251209,93134660,2536322,C,0, ,0,100,0,1372985,
000056.SZ,000056,20251209,93135870,2550044,C,0, ,0,2800,0,2535026,
000056.SZ,000056,20251209,93136220,2553702,C,0, ,0,200,0,1795303,
000056.SZ,000056,20251209,93136290,2555296,C,0, ,0,100,0,2028147,
000056.SZ,000056,20251209,93136330,2555887,C,0, ,0,3700,0,1609538,
000056.SZ,000056,20251209,93136440,2557308,C,0, ,0,100,0,1611279,
000056.SZ,000056,20251209,93136440,2557312,C,0, ,0,100,0,1611290,
000056.SZ,000056,20251209,93136440,2557319,C,0, ,0,100,0,1611284,
000056.SZ,000056,20251209,93136440,2557327,C,0, ,0,100,0,1611325,
000056.SZ,000056,20251209,93136470,2557731,C,0, ,0,200,0,1611786,
000056.SZ,000056,20251209,93136750,2562110,C,0, ,0,2900,0,1618017,
000056.SZ,000056,20251209,93136760,2562268,0,0,S,22800,4200,2562267,2535558,
000056.SZ,000056,20251209,93136980,2565041,C,0, ,0,100,0,1622530,
000056.SZ,000056,20251209,93136980,2565044,C,0, ,0,100,0,1622528,
000056.SZ,000056,20251209,93136990,2565212,C,0, ,0,100,0,1622652,
000056.SZ,000056,20251209,93137240,2568768,0,0,B,22900,200,1138080,2568767,
000056.SZ,000056,20251209,93137240,2568769,0,0,B,22900,1900,1171566,2568767,
000056.SZ,000056,20251209,93137570,2573519,0,0,B,22900,100,1171566,2573518,
000056.SZ,000056,20251209,93137780,2576187,0,0,S,22800,200,2576186,2535558,
000056.SZ,000056,20251209,93139240,2592565,C,0, ,0,7500,0,2296949,
000056.SZ,000056,20251209,93139520,2596200,0,0,S,22800,4200,2596199,2535558,
000056.SZ,000056,20251209,93140200,2604914,0,0,B,22900,600,1171566,2604913,
000056.SZ,000056,20251209,93142690,2636447,0,0,S,22800,100,2636446,2535558,
000056.SZ,000056,20251209,93142710,2636698,0,0,S,22800,400,2636697,2535558,
000056.SZ,000056,20251209,93143170,2642715,0,0,B,22900,400,1171566,2642714,
000056.SZ,000056,20251209,93145070,2665936,C,0, ,0,300,411298,0,
000056.SZ,000056,20251209,93145290,2668846,0,0,S,22800,300,2668845,2535558,
000056.SZ,000056,20251209,93145360,2669804,0,0,S,22800,1000,2669803,2535558,
000056.SZ,000056,20251209,93146190,2680527,0,0,B,22900,100,1171566,2680526,
000056.SZ,000056,20251209,93147410,2695946,0,0,S,22800,1600,2695945,2535558,
000056.SZ,000056,20251209,93147410,2695947,0,0,S,22800,100,2695945,2538447,
000056.SZ,000056,20251209,93148260,2705375,C,0, ,0,10400,0,2538105,
000056.SZ,000056,20251209,93148310,2706069,0,0,S,22800,100,2706068,2538541,
000056.SZ,000056,20251209,93149240,2719054,0,0,B,22900,300,1171566,2719053,
000056.SZ,000056,20251209,93151440,2744837,0,0,S,22800,2200,2744836,2538541,
000056.SZ,000056,20251209,93151440,2744838,0,0,S,22800,900,2744836,2538553,
000056.SZ,000056,20251209,93151440,2744839,0,0,S,22800,400,2744836,2538581,
000056.SZ,000056,20251209,93151440,2744840,0,0,S,22800,100,2744836,2538662,
000056.SZ,000056,20251209,93151440,2744841,0,0,S,22800,100,2744836,2549971,
000056.SZ,000056,20251209,93151440,2744842,0,0,S,22800,100,2744836,2549991,
000056.SZ,000056,20251209,93151440,2744843,0,0,S,22800,2100,2744836,2562367,
000056.SZ,000056,20251209,93151650,2747992,0,0,B,22900,200,1171566,2747991,
000056.SZ,000056,20251209,93151650,2747993,0,0,B,22900,3400,1184493,2747991,
000056.SZ,000056,20251209,93152430,2757971,C,0, ,0,100,1306406,0,
000056.SZ,000056,20251209,93152680,2761439,0,0,B,22900,100,1184493,2761438,
000056.SZ,000056,20251209,93153090,2766126,0,0,B,22900,100,1184493,2766125,
000056.SZ,000056,20251209,93154170,2777878,C,0, ,0,400,1203190,0,
000056.SZ,000056,20251209,93154850,2786251,0,0,S,22800,2400,2786250,2562367,
000056.SZ,000056,20251209,93155200,2790366,0,0,B,22900,100,1205778,2790365,
000056.SZ,000056,20251209,93155200,2790367,0,0,B,22900,100,1208277,2790365,
000056.SZ,000056,20251209,93155200,2790368,0,0,B,22900,100,1223007,2790365,
000056.SZ,000056,20251209,93155200,2790369,0,0,B,22900,200,1228713,2790365,
000056.SZ,000056,20251209,93155200,2790370,0,0,B,22900,400,1233295,2790365,
000056.SZ,000056,20251209,93156040,2800409,C,0, ,0,4000,0,206959,
000056.SZ,000056,20251209,93156970,2809841,C,0, ,0,100,0,2096352,
000056.SZ,000056,20251209,93158140,2822463,0,0,S,22800,300,2822462,2562367,
000056.SZ,000056,20251209,93158240,2823792,0,0,B,22900,300,1233295,2823791,
000056.SZ,000056,20251209,93158420,2826638,C,0, ,0,1000,0,1699979,
000056.SZ,000056,20251209,93200720,2857265,0,0,S,22800,100,2857264,2562367,
000056.SZ,000056,20251209,93200910,2859947,0,0,B,22900,600,1233295,2859946,
000056.SZ,000056,20251209,93200910,2859948,0,0,B,22900,700,1237481,2859946,
000056.SZ,000056,20251209,93200960,2860551,0,0,B,22900,700,1237481,2860550,
000056.SZ,000056,20251209,93200960,2860552,0,0,B,22900,100,1259723,2860550,
000056.SZ,000056,20251209,93200960,2860553,0,0,B,22900,100,1259744,2860550,
000056.SZ,000056,20251209,93200960,2860554,0,0,B,22900,2000,1286555,2860550,
000056.SZ,000056,20251209,93200970,2860757,0,0,B,22900,100,1286751,2860756,
000056.SZ,000056,20251209,93200970,2860758,0,0,B,22900,100,1289978,2860756,
000056.SZ,000056,20251209,93200970,2860759,0,0,B,22900,1200,1291898,2860756,
000056.SZ,000056,20251209,93201020,2861224,0,0,B,22900,2500,1291898,2861223,
000056.SZ,000056,20251209,93201020,2861225,0,0,B,22900,100,1374603,2861223,
000056.SZ,000056,20251209,93201320,2865584,0,0,S,22800,400,2865583,2562367,
000056.SZ,000056,20251209,93201570,2869658,0,0,S,22800,100,2869657,2562367,
000056.SZ,000056,20251209,93203400,2891821,0,0,S,22800,500,2891820,2562367,
000056.SZ,000056,20251209,93204020,2899948,C,0, ,0,6200,0,2562023,
000056.SZ,000056,20251209,93204030,2900139,C,0, ,0,100,0,2800649,
000056.SZ,000056,20251209,93204030,2900143,C,0, ,0,100,0,2515923,
000056.SZ,000056,20251209,93204030,2900145,C,0, ,0,100,0,2345418,
000056.SZ,000056,20251209,93204030,2900146,C,0, ,0,100,0,2166416,
000056.SZ,000056,20251209,93204050,2900276,0,0,S,22800,2900,2900275,2562367,
000056.SZ,000056,20251209,93204070,2900585,C,0, ,0,10000,0,2781741,
000056.SZ,000056,20251209,93204080,2900682,C,0, ,0,900,0,2515964,
000056.SZ,000056,20251209,93204090,2900908,C,0, ,0,500,0,1538429,
000056.SZ,000056,20251209,93204180,2902089,0,0,B,22900,300,1374603,2902088,
000056.SZ,000056,20251209,93204180,2902090,0,0,B,22900,500,1411190,2902088,
000056.SZ,000056,20251209,93204180,2902091,0,0,B,22900,100,1690136,2902088,
000056.SZ,000056,20251209,93205450,2917610,0,0,S,22800,100,2917609,2562367,
000056.SZ,000056,20251209,93206900,2934804,0,0,S,22800,100,2934803,2562367,
000056.SZ,000056,20251209,93207200,2938061,0,0,B,22900,400,1690136,2938060,
000056.SZ,000056,20251209,93207830,2945704,0,0,B,22900,100,1690136,2945703,
000056.SZ,000056,20251209,93208110,2948808,C,0, ,0,1700,0,2744151,
000056.SZ,000056,20251209,93208130,2948988,C,0, ,0,1100,1010244,0,
000056.SZ,000056,20251209,93209950,2968478,C,0, ,0,75400,2843609,0,
000056.SZ,000056,20251209,93210250,2972414,0,0,B,22900,200,1690136,2972413,
000056.SZ,000056,20251209,93210380,2973947,C,0, ,0,52200,0,2081382,
000056.SZ,000056,20251209,93212370,2994957,0,0,S,22800,5900,2994956,2562367,
000056.SZ,000056,20251209,93213840,3015624,C,0, ,0,100,0,2459927,
000056.SZ,000056,20251209,93213840,3015625,C,0, ,0,100,0,2213497,
000056.SZ,000056,20251209,93215210,3032391,0,0,S,22800,100,3032390,2562367,
000056.SZ,000056,20251209,93215210,3032392,0,0,S,22800,100,3032390,2569576,
000056.SZ,000056,20251209,93215210,3032393,0,0,S,22800,200,3032390,2636300,
000056.SZ,000056,20251209,93216240,3045531,0,0,B,22900,600,1690136,3045530,
000056.SZ,000056,20251209,93216370,3047465,0,0,S,22800,200,3047464,2636300,
000056.SZ,000056,20251209,93216840,3053677,0,0,S,22800,2900,3053676,2636300,
000056.SZ,000056,20251209,93216840,3053678,0,0,S,22800,1000,3053676,2720468,
000056.SZ,000056,20251209,93216840,3053679,0,0,S,22800,100,3053676,2744777,
000056.SZ,000056,20251209,93216840,3053680,0,0,S,22800,7400,3053676,2768695,
000056.SZ,000056,20251209,93217700,3063494,0,0,S,22800,1000,3063493,2768695,
000056.SZ,000056,20251209,93218180,3069038,0,0,B,22900,500,1690136,3069037,
000056.SZ,000056,20251209,93218190,3069082,0,0,S,22800,100,3069081,2768695,
000056.SZ,000056,20251209,93219210,3082428,0,0,B,22900,1200,1690136,3082427,
000056.SZ,000056,20251209,93219330,3084035,0,0,S,22800,100,3084034,2768695,
000056.SZ,000056,20251209,93220450,3096875,0,0,S,22800,300,3096874,2768695,
000056.SZ,000056,20251209,93220560,3097852,0,0,S,22800,1400,3097851,2768695,
000056.SZ,000056,20251209,93220560,3097853,0,0,S,22800,700,3097851,2781652,
000056.SZ,000056,20251209,93222210,3118996,0,0,B,22900,400,1690136,3118995,
000056.SZ,000056,20251209,93222560,3123028,0,0,B,22900,1100,1690136,3123027,
000056.SZ,000056,20251209,93223010,3127520,0,0,B,22900,100,1690136,3127519,
000056.SZ,000056,20251209,93223660,3133697,C,0, ,0,3100,0,2973436,
000056.SZ,000056,20251209,93225170,3148671,0,0,B,22900,100,1690136,3148670,
000056.SZ,000056,20251209,93227620,3173719,C,0, ,0,2400,0,42705,
000056.SZ,000056,20251209,93236400,3266629,C,0, ,0,100000,823695,0,
000056.SZ,000056,20251209,93237560,3279199,C,0, ,0,300,0,1273654,
000056.SZ,000056,20251209,93237830,3282140,C,0, ,0,5000,392473,0,
000056.SZ,000056,20251209,93238010,3283815,0,0,B,22900,100,1690136,3283814,
000056.SZ,000056,20251209,93238200,3285968,0,0,B,22900,100,1690136,3285967,
000056.SZ,000056,20251209,93239350,3296613,0,0,S,22800,400,3296612,2781652,
000056.SZ,000056,20251209,93246070,3365734,C,0, ,0,150900,3262551,0,
000056.SZ,000056,20251209,93246250,3367770,C,0, ,0,300,0,2397896,
000056.SZ,000056,20251209,93249860,3405338,0,0,S,22800,10700,3405337,2781652,
000056.SZ,000056,20251209,93252250,3429587,0,0,B,22900,1100,1690136,3429586,
000056.SZ,000056,20251209,93253160,3437990,C,0, ,0,600,3214413,0,
000056.SZ,000056,20251209,93255000,3454696,0,0,S,22800,100,3454695,2781652,
000056.SZ,000056,20251209,93255000,3454698,0,0,S,22800,100,3454697,2781652,
000056.SZ,000056,20251209,93255000,3454709,0,0,S,22800,100,3454708,2781652,
000056.SZ,000056,20251209,93255000,3454720,0,0,S,22800,100,3454719,2781652,
000056.SZ,000056,20251209,93255050,3455211,0,0,S,22800,22100,3455210,2781652,
000056.SZ,000056,20251209,93255050,3455212,0,0,S,22800,300,3455210,2783925,
000056.SZ,000056,20251209,93255050,3455213,0,0,S,22800,13800,3455210,2863542,
000056.SZ,000056,20251209,93255050,3455214,0,0,S,22800,100,3455210,2869769,
000056.SZ,000056,20251209,93255050,3455215,0,0,S,22800,22800,3455210,2886466,
000056.SZ,000056,20251209,93255050,3455216,0,0,S,22800,21200,3455210,2916606,
000056.SZ,000056,20251209,93255060,3455270,C,0, ,0,10000,0,3309274,
000056.SZ,000056,20251209,93255110,3455720,0,0,S,22800,1800,3455719,2916606,
000056.SZ,000056,20251209,93255110,3455721,0,0,S,22800,100,3455719,2924722,
000056.SZ,000056,20251209,93255110,3455722,0,0,S,22800,10400,3455719,2936852,
000056.SZ,000056,20251209,93255130,3455923,C,0, ,0,200,3054477,0,
000056.SZ,000056,20251209,93255130,3455947,0,0,S,22800,100,3455946,2936852,
000056.SZ,000056,20251209,93255130,3455956,C,0, ,0,100,3123129,0,
000056.SZ,000056,20251209,93255830,3463655,0,0,S,22800,200,3463654,2936852,
000056.SZ,000056,20251209,93255830,3463657,0,0,S,22800,100,3463656,2936852,
000056.SZ,000056,20251209,93255920,3464656,C,0, ,0,4000,410584,0,
000056.SZ,000056,20251209,93257960,3485129,0,0,S,22800,100,3485128,2936852,
000056.SZ,000056,20251209,93257960,3485141,0,0,S,22800,100,3485140,2936852,
000056.SZ,000056,20251209,93258090,3486651,C,0, ,0,100,0,2948947,
000056.SZ,000056,20251209,93258090,3486652,C,0, ,0,100,0,3082546,
000056.SZ,000056,20251209,93258090,3486653,C,0, ,0,100,0,3214478,
000056.SZ,000056,20251209,93258270,3488513,0,0,B,22900,8600,1690136,3488512,
000056.SZ,000056,20251209,93301190,3521308,0,0,B,22900,800,1690136,3521307,
000056.SZ,000056,20251209,93301200,3521429,0,0,S,22800,1400,3521428,2936852,
000056.SZ,000056,20251209,93301210,3521504,C,0, ,0,100,0,2959297,
000056.SZ,000056,20251209,93301210,3521506,C,0, ,0,6300,0,2959270,
000056.SZ,000056,20251209,93301210,3521511,C,0, ,0,4000,0,2959275,
000056.SZ,000056,20251209,93301210,3521532,0,0,S,22800,24400,3521531,2936852,
000056.SZ,000056,20251209,93301220,3521622,0,0,S,22800,28700,3521621,2936852,
000056.SZ,000056,20251209,93301230,3521682,0,0,S,22800,700,3521681,2936852,
000056.SZ,000056,20251209,93301230,3521688,0,0,S,22800,2800,3521687,2936852,
000056.SZ,000056,20251209,93301230,3521690,0,0,S,22800,500,3521689,2936852,
000056.SZ,000056,20251209,93301230,3521692,0,0,S,22800,800,3521691,2936852,
000056.SZ,000056,20251209,93301230,3521694,0,0,S,22800,500,3521693,2936852,
000056.SZ,000056,20251209,93301230,3521696,0,0,S,22800,100,3521695,2936852,
000056.SZ,000056,20251209,93301230,3521705,0,0,S,22800,3200,3521704,2936852,
000056.SZ,000056,20251209,93301230,3521761,0,0,S,22800,500,3521760,2936852,
000056.SZ,000056,20251209,93301230,3521762,0,0,S,22800,4300,3521760,2959062,
000056.SZ,000056,20251209,93301240,3521810,0,0,S,22800,1100,3521809,2959062,
000056.SZ,000056,20251209,93301240,3521811,0,0,S,22800,2500,3521809,2959063,
000056.SZ,000056,20251209,93301240,3521844,0,0,S,22800,100,3521843,2959063,
000056.SZ,000056,20251209,93301240,3521847,0,0,S,22800,100,3521846,2959063,
000056.SZ,000056,20251209,93301500,3524958,C,0, ,0,14000,72011,0,
000056.SZ,000056,20251209,93302130,3533206,0,0,S,22800,1500,3533205,2959063,
000056.SZ,000056,20251209,93302130,3533279,0,0,S,22800,200,3533278,2959063,
000056.SZ,000056,20251209,93302130,3533280,0,0,S,22800,4400,3533278,2959092,
000056.SZ,000056,20251209,93302130,3533281,0,0,S,22800,4900,3533278,2959197,
000056.SZ,000056,20251209,93302130,3533282,0,0,S,22800,200,3533278,2959796,
000056.SZ,000056,20251209,93302130,3533283,0,0,S,22800,600,3533278,3015656,
000056.SZ,000056,20251209,93302130,3533284,0,0,S,22800,6200,3533278,3045742,
000056.SZ,000056,20251209,93302130,3533285,0,0,S,22800,100,3533278,3082597,
000056.SZ,000056,20251209,93302130,3533286,0,0,S,22800,4000,3533278,3141759,
000056.SZ,000056,20251209,93302130,3533287,0,0,S,22800,1000,3533278,3147991,
000056.SZ,000056,20251209,93302130,3533288,0,0,S,22800,100,3533278,3180631,
000056.SZ,000056,20251209,93302130,3533289,0,0,S,22800,3000,3533278,3186482,
000056.SZ,000056,20251209,93302130,3533290,0,0,S,22800,2100,3533278,3199476,
000056.SZ,000056,20251209,93302130,3533291,0,0,S,22800,1800,3533278,3199868,
000056.SZ,000056,20251209,93302130,3533292,0,0,S,22800,20000,3533278,3243313,
000056.SZ,000056,20251209,93302130,3533293,0,0,S,22800,500,3533278,3246860,
000056.SZ,000056,20251209,93302130,3533294,0,0,S,22800,3300,3533278,3291738,
000056.SZ,000056,20251209,93302130,3533295,0,0,S,22800,1000,3533278,3292208,
000056.SZ,000056,20251209,93302130,3533296,0,0,S,22800,20900,3533278,3336126,
000056.SZ,000056,20251209,93302130,3533326,0,0,S,22800,100,3533325,3336126,
000056.SZ,000056,20251209,93302140,3533432,C,0, ,0,100,0,3356380,
000056.SZ,000056,20251209,93302140,3533446,0,0,S,22800,2100,3533445,3336126,
000056.SZ,000056,20251209,93302140,3533447,0,0,S,22800,300,3533445,3373667,
000056.SZ,000056,20251209,93302140,3533448,0,0,S,22800,300,3533445,3507442,
000056.SZ,000056,20251209,93302140,3533449,0,0,S,22800,200,3533445,3507443,
000056.SZ,000056,20251209,93302140,3533450,0,0,S,22800,200,3533445,3507444,
000056.SZ,000056,20251209,93302380,3535724,0,0,B,22800,100,3533445,3535723,
000056.SZ,000056,20251209,93302380,3535725,0,0,B,22800,100,3533495,3535723,
000056.SZ,000056,20251209,93302380,3535726,0,0,B,22800,39100,3533544,3535723,
000056.SZ,000056,20251209,93302500,3536753,0,0,S,22800,19200,3536752,3535723,
000056.SZ,000056,20251209,93302510,3536789,C,0, ,0,900,0,2526022,
000056.SZ,000056,20251209,93302510,3536790,C,0, ,0,900,0,2526038,
000056.SZ,000056,20251209,93302700,3538620,0,0,B,22800,4200,3536752,3538619,
000056.SZ,000056,20251209,93302720,3538998,0,0,B,22800,100,3536752,3538997,
000056.SZ,000056,20251209,93302720,3539010,0,0,S,22700,1300,3539009,395972,
000056.SZ,000056,20251209,93302720,3539011,0,0,S,22700,10700,3539009,427590,
000056.SZ,000056,20251209,93302720,3539012,0,0,S,22700,2300,3539009,431990,
000056.SZ,000056,20251209,93302720,3539013,0,0,S,22700,8000,3539009,440971,
000056.SZ,000056,20251209,93302720,3539014,0,0,S,22700,5700,3539009,455807,
000056.SZ,000056,20251209,93303150,3543221,C,0, ,0,100,3528367,0,
000056.SZ,000056,20251209,93303150,3543246,C,0, ,0,100,3068960,0,
000056.SZ,000056,20251209,93303170,3543390,C,0, ,0,200,0,2526029,
000056.SZ,000056,20251209,93303200,3543802,C,0, ,0,1900,2605658,0,
000056.SZ,000056,20251209,93303200,3543849,C,0, ,0,7700,2747056,0,
000056.SZ,000056,20251209,93303220,3544052,C,0, ,0,100,2605982,0,
000056.SZ,000056,20251209,93303270,3544574,C,0, ,0,4800,2607802,0,
000056.SZ,000056,20251209,93303340,3545452,C,0, ,0,100,2609042,0,
000056.SZ,000056,20251209,93303460,3547013,C,0, ,0,100,2571934,0,
000056.SZ,000056,20251209,93303460,3547016,C,0, ,0,100,2571935,0,
000056.SZ,000056,20251209,93303460,3547033,C,0, ,0,100,2572046,0,
000056.SZ,000056,20251209,93303940,3552372,C,0, ,0,100,2564424,0,
000056.SZ,000056,20251209,93303940,3552401,C,0, ,0,200,2564556,0,
000056.SZ,000056,20251209,93303950,3552484,C,0, ,0,3900,2564729,0,
000056.SZ,000056,20251209,93303980,3552866,C,0, ,0,100,2565046,0,
000056.SZ,000056,20251209,93304080,3554115,C,0, ,0,900,2566397,0,
000056.SZ,000056,20251209,93304090,3554258,C,0, ,0,100,2642797,0,
000056.SZ,000056,20251209,93304090,3554260,C,0, ,0,100,2605167,0,
000056.SZ,000056,20251209,93304090,3554261,C,0, ,0,100,2566600,0,
000056.SZ,000056,20251209,93304090,3554262,C,0, ,0,400,2549975,0,
000056.SZ,000056,20251209,93304090,3554268,C,0, ,0,300,2916713,0,
000056.SZ,000056,20251209,93304100,3554296,C,0, ,0,200,3032303,0,
000056.SZ,000056,20251209,93304100,3554316,C,0, ,0,1000,2917569,0,
000056.SZ,000056,20251209,93304120,3554635,C,0, ,0,2400,2566877,0,
000056.SZ,000056,20251209,93304120,3554638,C,0, ,0,200,2566872,0,
000056.SZ,000056,20251209,93304200,3555523,0,0,B,22800,22400,3536752,3555522,
000056.SZ,000056,20251209,93305010,3564855,0,0,S,22700,7500,3564854,455807,
000056.SZ,000056,20251209,93305010,3564856,0,0,S,22700,4300,3564854,521610,
000056.SZ,000056,20251209,93305150,3566353,0,0,B,22800,5000,3536752,3566352,
000056.SZ,000056,20251209,93305410,3569220,C,0, ,0,3000,0,3016031,
000056.SZ,000056,20251209,93305450,3569605,C,0, ,0,3000,740920,0,
000056.SZ,000056,20251209,93306070,3575995,C,0, ,0,100,3542022,0,
000056.SZ,000056,20251209,93306100,3576284,0,0,S,22700,100,3576283,521610,
000056.SZ,000056,20251209,93306670,3582441,C,0, ,0,600,0,2901040,
000056.SZ,000056,20251209,93306670,3582444,0,0,S,22700,200,3582443,521610,
000056.SZ,000056,20251209,93307000,3586700,C,0, ,0,150900,3454642,0,
000056.SZ,000056,20251209,93307010,3586795,C,0, ,0,100,0,2215539,
000056.SZ,000056,20251209,93307010,3586807,C,0, ,0,1600,0,2215542,
000056.SZ,000056,20251209,93307180,3588836,0,0,B,22800,3600,3536752,3588835,
000056.SZ,000056,20251209,93308080,3600127,C,0, ,0,1700,3486606,0,
000056.SZ,000056,20251209,93308720,3606765,0,0,B,22800,3200,3536752,3606764,
000056.SZ,000056,20251209,93310200,3622190,C,0, ,0,5000,2504382,0,
000056.SZ,000056,20251209,93310260,3622763,0,0,B,22800,700,3536752,3622762,
000056.SZ,000056,20251209,93311130,3632094,C,0, ,0,900,0,2526104,
000056.SZ,000056,20251209,93311300,3633788,0,0,B,22800,4300,3536752,3633787,
000056.SZ,000056,20251209,93311330,3634796,C,0, ,0,300,3033023,0,
000056.SZ,000056,20251209,93311330,3634800,C,0, ,0,300,2968969,0,
000056.SZ,000056,20251209,93315430,3674960,0,0,S,22700,100,3674959,521610,
000056.SZ,000056,20251209,93315810,3679141,C,0, ,0,100,499599,0,
000056.SZ,000056,20251209,93317880,3698923,0,0,S,22700,3800,3698922,521610,
000056.SZ,000056,20251209,93319170,3713050,0,0,B,22800,800,3536752,3713049,
000056.SZ,000056,20251209,93319380,3715456,0,0,S,22700,200,3715455,521610,
000056.SZ,000056,20251209,93319630,3718282,C,0, ,0,10000,0,2092279,
000056.SZ,000056,20251209,93321580,3737355,0,0,S,22700,11300,3737354,521610,
000056.SZ,000056,20251209,93321580,3737356,0,0,S,22700,4300,3737354,717701,
000056.SZ,000056,20251209,93321600,3737619,0,0,B,22800,100,3536752,3737618,
000056.SZ,000056,20251209,93321610,3737696,C,0, ,0,200,3069093,0,
000056.SZ,000056,20251209,93325240,3773401,0,0,B,22800,1500,3536752,3773400,
000056.SZ,000056,20251209,93325430,3775669,C,0, ,0,100,0,1415668,
000056.SZ,000056,20251209,93325490,3776448,0,0,S,22700,100,3776447,717701,
000056.SZ,000056,20251209,93327350,3794128,0,0,S,22700,2000,3794127,717701,
000056.SZ,000056,20251209,93327990,3800590,C,0, ,0,150900,3681327,0,
000056.SZ,000056,20251209,93331840,3838050,C,0, ,0,9700,515849,0,
000056.SZ,000056,20251209,93334570,3864204,0,0,B,22800,5000,3536752,3864203,
000056.SZ,000056,20251209,93335190,3869577,C,0, ,0,2300,0,2504733,
000056.SZ,000056,20251209,93337210,3889822,0,0,B,22800,900,3536752,3889821,
000056.SZ,000056,20251209,93338720,3904387,0,0,B,22800,1000,3536752,3904386,
000056.SZ,000056,20251209,93340430,3923766,0,0,B,22800,100,3536752,3923765,
000056.SZ,000056,20251209,93340530,3924953,C,0, ,0,600,0,2822865,
000056.SZ,000056,20251209,93341030,3929607,0,0,B,22800,2300,3536752,3929606,
000056.SZ,000056,20251209,93341360,3932843,C,0, ,0,2000,0,3590926,
000056.SZ,000056,20251209,93342630,3945660,C,0, ,0,1000,0,3791374,
000056.SZ,000056,20251209,93344710,3966874,C,0, ,0,6200,1260118,0,
000056.SZ,000056,20251209,93349000,4010024,C,0, ,0,150900,3887816,0,
000056.SZ,000056,20251209,93351580,4034210,0,0,B,22800,2000,3536752,4034209,
000056.SZ,000056,20251209,93352270,4042609,C,0, ,0,1800,2569087,0,
000056.SZ,000056,20251209,93352700,4047482,0,0,B,22800,10900,3536752,4047481,
000056.SZ,000056,20251209,93352700,4047527,C,0, ,0,20300,3715501,0,
000056.SZ,000056,20251209,93352700,4047536,C,0, ,0,2700,3539111,0,
000056.SZ,000056,20251209,93352710,4047572,C,0, ,0,6800,3539113,0,
000056.SZ,000056,20251209,93354140,4060779,C,0, ,0,200,3586819,0,
000056.SZ,000056,20251209,93355190,4070974,0,0,B,22800,1400,3536752,4070973,
000056.SZ,000056,20251209,93358320,4100633,C,0, ,0,400,3478902,0,
000056.SZ,000056,20251209,93400760,4123430,0,0,B,22800,100,3536752,4123429,
000056.SZ,000056,20251209,93402530,4142191,C,0, ,0,100,0,3920027,
000056.SZ,000056,20251209,93402620,4143233,C,0, ,0,100,0,3672660,
000056.SZ,000056,20251209,93402640,4143387,C,0, ,0,100,0,3564988,
000056.SZ,000056,20251209,93402720,4144247,C,0, ,0,100,0,3813861,
000056.SZ,000056,20251209,93403150,4147873,C,0, ,0,4500,0,758170,
000056.SZ,000056,20251209,93407640,4193966,C,0, ,0,100,0,1822463,
000056.SZ,000056,20251209,93407980,4197576,0,0,B,22800,300,3536752,4197575,
000056.SZ,000056,20251209,93410020,4217535,C,0, ,0,150900,4105039,0,
000056.SZ,000056,20251209,93410030,4217670,0,0,S,22700,12000,4217669,717701,
000056.SZ,000056,20251209,93411430,4231435,C,0, ,0,13200,4166399,0,
000056.SZ,000056,20251209,93412060,4236474,0,0,S,22700,400,4236473,717701,
000056.SZ,000056,20251209,93413260,4247432,0,0,B,22800,1500,3536752,4247431,
000056.SZ,000056,20251209,93413380,4248977,0,0,B,22800,100,3536752,4248976,
000056.SZ,000056,20251209,93414870,4261669,C,0, ,0,200,0,1194488,
000056.SZ,000056,20251209,93416870,4279586,C,0, ,0,500,0,2971748,
000056.SZ,000056,20251209,93417470,4284978,C,0, ,0,7200,0,1787965,
000056.SZ,000056,20251209,93417520,4285360,C,0, ,0,24300,0,4237971,
000056.SZ,000056,20251209,93417520,4285361,C,0, ,0,8500,0,4237972,
000056.SZ,000056,20251209,93417520,4285364,0,0,B,22800,5800,3536752,4285363,
000056.SZ,000056,20251209,93417530,4285373,0,0,B,22800,10400,3536752,4285372,
000056.SZ,000056,20251209,93417530,4285374,0,0,B,22800,100,3543281,4285372,
000056.SZ,000056,20251209,93417530,4285375,0,0,B,22800,1900,3549551,4285372,
000056.SZ,000056,20251209,93417530,4285376,0,0,B,22800,1900,3549909,4285372,
000056.SZ,000056,20251209,93417530,4285377,0,0,B,22800,100,3555677,4285372,
000056.SZ,000056,20251209,93417530,4285378,0,0,B,22800,1500,3580422,4285372,
000056.SZ,000056,20251209,93417530,4285379,0,0,B,22800,1800,3585678,4285372,
000056.SZ,000056,20251209,93417530,4285380,0,0,B,22800,100,3608959,4285372,
000056.SZ,000056,20251209,93417530,4285381,0,0,B,22800,700,3617217,4285372,
000056.SZ,000056,20251209,93417530,4285382,0,0,B,22800,1100,3619557,4285372,
000056.SZ,000056,20251209,93417530,4285383,0,0,B,22800,600,3638910,4285372,
000056.SZ,000056,20251209,93417530,4285384,0,0,B,22800,2300,3647445,4285372,
000056.SZ,000056,20251209,93417530,4285385,0,0,B,22800,3900,3730981,4285372,
000056.SZ,000056,20251209,93417530,4285386,0,0,B,22800,100,3731085,4285372,
000056.SZ,000056,20251209,93417530,4285387,0,0,B,22800,100,3731086,4285372,
000056.SZ,000056,20251209,93417530,4285388,0,0,B,22800,400,3751431,4285372,
000056.SZ,000056,20251209,93417530,4285420,0,0,B,22800,100,3751431,4285419,
000056.SZ,000056,20251209,93417530,4285422,0,0,B,22800,100,3751431,4285421,
000056.SZ,000056,20251209,93417540,4285479,0,0,B,22800,900,3751431,4285478,
000056.SZ,000056,20251209,93417540,4285483,0,0,B,22800,400,3751431,4285482,
000056.SZ,000056,20251209,93417540,4285527,0,0,B,22800,3500,3751431,4285526,
000056.SZ,000056,20251209,93417540,4285528,0,0,B,22800,6000,3980041,4285526,
000056.SZ,000056,20251209,93417540,4285529,0,0,B,22800,2300,3985340,4285526,
000056.SZ,000056,20251209,93417540,4285530,0,0,B,22800,5400,4019731,4285526,
000056.SZ,000056,20251209,93417540,4285531,0,0,B,22800,1800,4078718,4285526,
000056.SZ,000056,20251209,93417540,4285532,0,0,B,22800,2400,4082682,4285526,
000056.SZ,000056,20251209,93417540,4285533,0,0,B,22800,2700,4087004,4285526,
000056.SZ,000056,20251209,93417540,4285534,0,0,B,22800,2300,4087863,4285526,
000056.SZ,000056,20251209,93417540,4285535,0,0,B,22800,1900,4097298,4285526,
000056.SZ,000056,20251209,93417540,4285536,0,0,B,22800,1900,4100542,4285526,
000056.SZ,000056,20251209,93417540,4285537,0,0,B,22800,1000,4104712,4285526,
000056.SZ,000056,20251209,93417540,4285538,0,0,B,22800,10000,4128255,4285526,
000056.SZ,000056,20251209,93417540,4285539,0,0,B,22800,4200,4144448,4285526,
000056.SZ,000056,20251209,93417540,4285540,0,0,B,22800,2700,4162337,4285526,
000056.SZ,000056,20251209,93417540,4285541,0,0,B,22800,200,4181348,4285526,
000056.SZ,000056,20251209,93417540,4285542,0,0,B,22800,100,4181625,4285526,
000056.SZ,000056,20251209,93417540,4285543,0,0,B,22800,2100,4181627,4285526,
000056.SZ,000056,20251209,93417540,4285544,0,0,B,22800,300,4197251,4285526,
000056.SZ,000056,20251209,93417540,4285545,0,0,B,22800,100,4213046,4285526,
000056.SZ,000056,20251209,93417540,4285546,0,0,B,22800,3000,4240872,4285526,
000056.SZ,000056,20251209,93417540,4285547,0,0,B,22800,200,4276871,4285526,
000056.SZ,000056,20251209,93417570,4285796,C,0, ,0,200,3455196,0,
000056.SZ,000056,20251209,93417570,4285819,C,0, ,0,200,3455237,0,
000056.SZ,000056,20251209,93417580,4285862,0,0,S,22800,200,4285861,4285526,
000056.SZ,000056,20251209,93417580,4285864,0,0,S,22800,200,4285863,4285526,
000056.SZ,000056,20251209,93417600,4285987,0,0,S,22800,15700,4285986,4285526,
000056.SZ,000056,20251209,93417600,4285988,0,0,S,22800,3600,4285986,4285581,
000056.SZ,000056,20251209,93417600,4285989,0,0,S,22800,800,4285986,4285718,
000056.SZ,000056,20251209,93417600,4285990,0,0,S,22800,700,4285986,4285722,
000056.SZ,000056,20251209,93417600,4285991,0,0,S,22800,300,4285986,4285731,
000056.SZ,000056,20251209,93417600,4285992,0,0,S,22800,600,4285986,4285732,
000056.SZ,000056,20251209,93417600,4285993,0,0,S,22800,100,4285986,4285733,
000056.SZ,000056,20251209,93417600,4285994,0,0,S,22800,1100,4285986,4285734,
000056.SZ,000056,20251209,93417600,4285995,0,0,S,22800,100,4285986,4285739,
000056.SZ,000056,20251209,93417600,4285996,0,0,S,22800,100,4285986,4285852,
000056.SZ,000056,20251209,93417600,4285997,0,0,S,22800,700,4285986,4285885,
000056.SZ,000056,20251209,93417600,4286014,0,0,B,22800,2200,4285986,4286013,
000056.SZ,000056,20251209,93417660,4286548,C,0, ,0,200,3737729,0,
000056.SZ,000056,20251209,93418040,4289481,0,0,S,22800,100,4289480,4286013,
000056.SZ,000056,20251209,93418240,4291163,C,0, ,0,100,3642142,0,
000056.SZ,000056,20251209,93418250,4291209,C,0, ,0,100,0,3562235,
000056.SZ,000056,20251209,93418310,4291961,0,0,S,22800,200,4291960,4286013,
000056.SZ,000056,20251209,93418310,4291963,0,0,S,22800,100,4291962,4286013,
000056.SZ,000056,20251209,93418310,4291967,0,0,S,22800,200,4291966,4286013,
000056.SZ,000056,20251209,93418340,4292180,C,0, ,0,3700,0,3557407,
000056.SZ,000056,20251209,93418450,4293304,C,0, ,0,100,0,3558840,
000056.SZ,000056,20251209,93418450,4293305,C,0, ,0,100,0,3558838,
000056.SZ,000056,20251209,93418450,4293306,C,0, ,0,100,0,3558831,
000056.SZ,000056,20251209,93418450,4293307,C,0, ,0,100,0,3558839,
000056.SZ,000056,20251209,93418480,4293570,C,0, ,0,200,0,3559244,
000056.SZ,000056,20251209,93418760,4296146,C,0, ,0,2900,0,3562165,
000056.SZ,000056,20251209,93418980,4297954,C,0, ,0,100,0,3564626,
000056.SZ,000056,20251209,93418980,4297956,C,0, ,0,100,0,3564625,
000056.SZ,000056,20251209,93418990,4298053,C,0, ,0,100,0,3564745,
000056.SZ,000056,20251209,93419030,4298434,0,0,S,22800,3800,4298433,4286013,
000056.SZ,000056,20251209,93419030,4298435,0,0,S,22800,2600,4298433,4286464,
000056.SZ,000056,20251209,93419120,4299269,0,0,B,22800,2600,4298433,4299268,
000056.SZ,000056,20251209,93419280,4300779,0,0,B,22800,10500,4298433,4300778,
000056.SZ,000056,20251209,93419320,4301314,0,0,B,22800,2800,4298433,4301313,
000056.SZ,000056,20251209,93420410,4310542,0,0,B,22800,11300,4298433,4310541,
000056.SZ,000056,20251209,93421420,4318147,0,0,B,22800,100,4298433,4318146,
000056.SZ,000056,20251209,93421940,4322556,0,0,B,22800,100,4298433,4322555,
000056.SZ,000056,20251209,93422270,4325300,0,0,B,22800,3100,4298433,4325299,
000056.SZ,000056,20251209,93422910,4330620,C,0, ,0,2000,848910,0,
000056.SZ,000056,20251209,93423130,4332597,C,0, ,0,5000,3680302,0,
000056.SZ,000056,20251209,93425480,4352042,C,0, ,0,100,4317563,0,
000056.SZ,000056,20251209,93426520,4360236,0,0,B,22800,200,4298433,4360235,
000056.SZ,000056,20251209,93428980,4382057,C,0, ,0,100,4297957,0,
000056.SZ,000056,20251209,93429090,4383106,C,0, ,0,900,4299012,0,
000056.SZ,000056,20251209,93429130,4383392,C,0, ,0,200,4299361,0,
000056.SZ,000056,20251209,93429130,4383406,C,0, ,0,2400,4299363,0,
000056.SZ,000056,20251209,93429470,4386138,C,0, ,0,100,4302638,0,
000056.SZ,000056,20251209,93429470,4386173,C,0, ,0,100,4302632,0,
000056.SZ,000056,20251209,93429470,4386175,C,0, ,0,100,4302637,0,
000056.SZ,000056,20251209,93429940,4389761,C,0, ,0,100,4297615,0,
000056.SZ,000056,20251209,93429940,4389788,C,0, ,0,200,4297633,0,
000056.SZ,000056,20251209,93430230,4392325,C,0, ,0,8100,4291426,0,
000056.SZ,000056,20251209,93431040,4400261,C,0, ,0,113800,4298433,0,
000056.SZ,000056,20251209,93433580,4423576,0,0,S,22700,1200,4423575,717701,
000056.SZ,000056,20251209,93433580,4423577,0,0,S,22700,2000,4423575,784031,
000056.SZ,000056,20251209,93433580,4423578,0,0,S,22700,15200,4423575,784518,
000056.SZ,000056,20251209,93435570,4440198,0,0,B,22800,200,4298560,4440197,
000056.SZ,000056,20251209,93435570,4440199,0,0,B,22800,1900,4298578,4440197,
000056.SZ,000056,20251209,93435900,4442638,C,0, ,0,10000,919835,0,
000056.SZ,000056,20251209,93436590,4448555,0,0,B,22800,1000,4298578,4448554,
000056.SZ,000056,20251209,93437210,4453560,0,0,B,22800,2200,4298578,4453559,
000056.SZ,000056,20251209,93438300,4462773,0,0,B,22800,5200,4298578,4462772,
000056.SZ,000056,20251209,93439190,4469909,0,0,B,22800,17000,4298578,4469908,
000056.SZ,000056,20251209,93439260,4470545,C,0, ,0,200,4298586,0,
000056.SZ,000056,20251209,93440180,4478174,0,0,B,22800,900,4298578,4478173,
000056.SZ,000056,20251209,93443170,4501684,0,0,B,22800,1700,4298578,4501683,
000056.SZ,000056,20251209,93445570,4521308,0,0,S,22700,1000,4521307,784518,
000056.SZ,000056,20251209,93446240,4527127,0,0,S,22700,700,4527126,784518,
000056.SZ,000056,20251209,93446240,4527128,0,0,S,22700,2200,4527126,866038,
000056.SZ,000056,20251209,93446450,4529256,C,0, ,0,800,2404627,0,
000056.SZ,000056,20251209,93448310,4545337,0,0,B,22800,1000,4298578,4545336,
000056.SZ,000056,20251209,93448340,4545621,0,0,B,22800,1800,4298578,4545620,
000056.SZ,000056,20251209,93449370,4555168,C,0, ,0,2000,0,770552,
000056.SZ,000056,20251209,93449750,4558444,0,0,S,22700,2300,4558443,866038,
000056.SZ,000056,20251209,93449750,4558445,0,0,S,22700,1000,4558443,982112,
000056.SZ,000056,20251209,93452050,4577457,C,0, ,0,113800,4477037,0,
000056.SZ,000056,20251209,93456600,4615859,C,0, ,0,3000,352427,0,
000056.SZ,000056,20251209,93457680,4624532,0,0,S,22700,300,4624531,982112,
000056.SZ,000056,20251209,93458230,4628969,C,0, ,0,100,0,4236969,
000056.SZ,000056,20251209,93500150,4644145,C,0, ,0,200,4340043,0,
000056.SZ,000056,20251209,93501060,4656320,0,0,S,22700,700,4656319,982112,
000056.SZ,000056,20251209,93501060,4656321,0,0,S,22700,1000,4656319,984885,
000056.SZ,000056,20251209,93501060,4656322,0,0,S,22700,6100,4656319,1372314,
000056.SZ,000056,20251209,93501060,4656323,0,0,S,22700,3400,4656319,1373197,
000056.SZ,000056,20251209,93501060,4656324,0,0,S,22700,3100,4656319,1395043,
000056.SZ,000056,20251209,93501060,4656325,0,0,S,22700,100,4656319,1395926,
000056.SZ,000056,20251209,93501060,4656326,0,0,S,22700,100,4656319,1460230,
000056.SZ,000056,20251209,93501060,4656327,0,0,S,22700,2800,4656319,1538023,
000056.SZ,000056,20251209,93501060,4656328,0,0,S,22700,3000,4656319,1538054,
000056.SZ,000056,20251209,93501060,4656329,0,0,S,22700,100,4656319,1538059,
000056.SZ,000056,20251209,93501060,4656330,0,0,S,22700,2700,4656319,1538182,
000056.SZ,000056,20251209,93501060,4656331,0,0,S,22700,4000,4656319,1539040,
000056.SZ,000056,20251209,93501060,4656332,0,0,S,22700,300,4656319,1571977,
000056.SZ,000056,20251209,93501060,4656333,0,0,S,22700,3300,4656319,1573900,
000056.SZ,000056,20251209,93501060,4656334,0,0,S,22700,2200,4656319,1614794,
000056.SZ,000056,20251209,93501060,4656335,0,0,S,22700,2200,4656319,1651293,
000056.SZ,000056,20251209,93501060,4656336,0,0,S,22700,300,4656319,1684993,
000056.SZ,000056,20251209,93501060,4656337,0,0,S,22700,100,4656319,1721967,
000056.SZ,000056,20251209,93501060,4656338,0,0,S,22700,100,4656319,1733891,
000056.SZ,000056,20251209,93501060,4656339,0,0,S,22700,16200,4656319,1757424,
000056.SZ,000056,20251209,93501060,4656340,0,0,S,22700,2500,4656319,1818807,
000056.SZ,000056,20251209,93501060,4656341,0,0,S,22700,200,4656319,1856060,
000056.SZ,000056,20251209,93501060,4656342,0,0,S,22700,1300,4656319,1874525,
000056.SZ,000056,20251209,93501060,4656343,0,0,S,22700,300,4656319,1919640,
000056.SZ,000056,20251209,93501060,4656344,0,0,S,22700,400,4656319,1920241,
000056.SZ,000056,20251209,93501060,4656345,0,0,S,22700,1800,4656319,1932863,
000056.SZ,000056,20251209,93501060,4656346,0,0,S,22700,500,4656319,1945585,
000056.SZ,000056,20251209,93501060,4656347,0,0,S,22700,1400,4656319,1970045,
000056.SZ,000056,20251209,93501060,4656348,0,0,S,22700,1000,4656319,1970182,
000056.SZ,000056,20251209,93501060,4656349,0,0,S,22700,1100,4656319,1970780,
000056.SZ,000056,20251209,93501060,4656350,0,0,S,22700,2300,4656319,2016350,
000056.SZ,000056,20251209,93501060,4656351,0,0,S,22700,2700,4656319,2016629,
000056.SZ,000056,20251209,93501060,4656352,0,0,S,22700,1900,4656319,2016793,
000056.SZ,000056,20251209,93501060,4656353,0,0,S,22700,200,4656319,2045075,
000056.SZ,000056,20251209,93501060,4656354,0,0,S,22700,200,4656319,2104476,
000056.SZ,000056,20251209,93501060,4656355,0,0,S,22700,900,4656319,2143927,
000056.SZ,000056,20251209,93501060,4656356,0,0,S,22700,100,4656319,2171006,
000056.SZ,000056,20251209,93501060,4656357,0,0,S,22700,100,4656319,2220835,
000056.SZ,000056,20251209,93501060,4656358,0,0,S,22700,100,4656319,2263119,
000056.SZ,000056,20251209,93501060,4656359,0,0,S,22700,3600,4656319,2264991,
000056.SZ,000056,20251209,93501060,4656360,0,0,S,22700,100,4656319,2296783,
000056.SZ,000056,20251209,93501060,4656361,0,0,S,22700,200,4656319,2326229,
000056.SZ,000056,20251209,93501060,4656362,0,0,S,22700,100,4656319,2362872,
000056.SZ,000056,20251209,93501060,4656363,0,0,S,22700,10000,4656319,2437778,
000056.SZ,000056,20251209,93501060,4656364,0,0,S,22700,26700,4656319,2475210,
000056.SZ,000056,20251209,93501060,4656365,0,0,S,22700,200,4656319,2507716,
000056.SZ,000056,20251209,93501060,4656366,0,0,S,22700,1000,4656319,2510805,
000056.SZ,000056,20251209,93501060,4656367,0,0,S,22700,500,4656319,2512545,
000056.SZ,000056,20251209,93501060,4656368,0,0,S,22700,600,4656319,2532835,
000056.SZ,000056,20251209,93502640,4674019,0,0,B,22800,100,4298578,4674018,
000056.SZ,000056,20251209,93503190,4678256,0,0,B,22800,10200,4298578,4678255,
000056.SZ,000056,20251209,93503210,4678441,C,0, ,0,500,0,4645383,
000056.SZ,000056,20251209,93503210,4678443,0,0,B,22800,200,4298578,4678442,
000056.SZ,000056,20251209,93503330,4679644,C,0, ,0,1500,0,2532835,
000056.SZ,000056,20251209,93504050,4687376,C,0, ,0,400,4656583,0,
000056.SZ,000056,20251209,93504050,4687378,C,0, ,0,100,4375553,0,
000056.SZ,000056,20251209,93504050,4687379,C,0, ,0,300,4289517,0,
000056.SZ,000056,20251209,93504090,4687820,C,0, ,0,6700,0,4622369,
000056.SZ,000056,20251209,93504390,4692808,C,0, ,0,3600,4656573,0,
000056.SZ,000056,20251209,93504510,4694136,0,0,B,22800,16900,4298578,4694135,
000056.SZ,000056,20251209,93504520,4694229,0,0,B,22800,3000,4298578,4694228,
000056.SZ,000056,20251209,93504520,4694230,0,0,B,22800,100,4318487,4694228,
000056.SZ,000056,20251209,93504520,4694231,0,0,B,22800,3600,4318507,4694228,
000056.SZ,000056,20251209,93504520,4694232,0,0,B,22800,2800,4318568,4694228,
000056.SZ,000056,20251209,93504520,4694233,0,0,B,22800,3000,4318575,4694228,
000056.SZ,000056,20251209,93504520,4694234,0,0,B,22800,3200,4325161,4694228,
000056.SZ,000056,20251209,93504520,4694235,0,0,B,22800,100,4325516,4694228,
000056.SZ,000056,20251209,93504520,4694236,0,0,B,22800,6400,4330017,4694228,
000056.SZ,000056,20251209,93504520,4694237,0,0,B,22800,200,4340044,4694228,
000056.SZ,000056,20251209,93504520,4694238,0,0,B,22800,1000,4411245,4694228,
000056.SZ,000056,20251209,93504520,4694239,0,0,B,22800,400,4422122,4694228,
000056.SZ,000056,20251209,93504520,4694240,0,0,B,22800,300,4434265,4694228,
000056.SZ,000056,20251209,93504520,4694241,0,0,B,22800,100,4449867,4694228,
000056.SZ,000056,20251209,93504520,4694242,0,0,B,22800,1800,4538040,4694228,
000056.SZ,000056,20251209,93504520,4694249,0,0,B,22800,11600,4538040,4694248,
000056.SZ,000056,20251209,93504520,4694250,0,0,B,22800,800,4596974,4694248,
000056.SZ,000056,20251209,93504520,4694251,0,0,B,22800,4400,4602367,4694248,
000056.SZ,000056,20251209,93504520,4694252,0,0,B,22800,700,4634245,4694248,
000056.SZ,000056,20251209,93504520,4694253,0,0,B,22800,800,4678180,4694248,
000056.SZ,000056,20251209,93505330,4704031,C,0, ,0,300,0,4208511,
000056.SZ,000056,20251209,93505340,4704084,C,0, ,0,100,0,3565044,
000056.SZ,000056,20251209,93505340,4704108,C,0, ,0,100,0,3655741,
000056.SZ,000056,20251209,93505340,4704110,C,0, ,0,100,0,3632148,
000056.SZ,000056,20251209,93505340,4704112,C,0, ,0,100,0,3611633,
000056.SZ,000056,20251209,93505340,4704113,C,0, ,0,100,0,3586783,
000056.SZ,000056,20251209,93505510,4706053,C,0, ,0,100,0,4323055,
000056.SZ,000056,20251209,93506190,4712915,0,0,B,22900,6400,1690136,4712914,
000056.SZ,000056,20251209,93506200,4712934,C,0, ,0,100,0,2533019,
000056.SZ,000056,20251209,93506200,4712935,C,0, ,0,200,0,4420428,
000056.SZ,000056,20251209,93506200,4712936,C,0, ,0,200,0,2533020,
000056.SZ,000056,20251209,93506200,4712942,C,0, ,0,200,0,4392205,
000056.SZ,000056,20251209,93506200,4712943,C,0, ,0,100,0,4392201,
000056.SZ,000056,20251209,93506200,4712946,C,0, ,0,100,0,4525799,
000056.SZ,000056,20251209,93506200,4712948,C,0, ,0,1400,0,4392210,
000056.SZ,000056,20251209,93506200,4712953,C,0, ,0,200,0,4478226,
000056.SZ,000056,20251209,93506200,4712955,C,0, ,0,100,0,4316777,
000056.SZ,000056,20251209,93506200,4712996,0,0,B,22900,400,1690136,4712995,
000056.SZ,000056,20251209,93506200,4712997,0,0,B,22900,100,1693504,4712995,
000056.SZ,000056,20251209,93506220,4713480,0,0,B,22900,100,1693504,4713479,
000056.SZ,000056,20251209,93506250,4713862,C,0, ,0,7500,0,4090544,
000056.SZ,000056,20251209,93506250,4713918,C,0, ,0,200,4286595,0,
000056.SZ,000056,20251209,93506270,4714137,0,0,B,22900,300,1693504,4714136,
000056.SZ,000056,20251209,93506310,4714740,C,0, ,0,9300,0,4620465,
000056.SZ,000056,20251209,93506450,4716214,C,0, ,0,100,0,4327077,
000056.SZ,000056,20251209,93506450,4716218,C,0, ,0,100,0,4327076,
000056.SZ,000056,20251209,93506450,4716245,C,0, ,0,100,0,4327083,
000056.SZ,000056,20251209,93506460,4716267,C,0, ,0,100,0,4327075,
000056.SZ,000056,20251209,93506490,4716496,C,0, ,0,200,0,4327299,
000056.SZ,000056,20251209,93506760,4719827,C,0, ,0,2900,0,4434234,
000056.SZ,000056,20251209,93506970,4721824,C,0, ,0,100,0,4699714,
000056.SZ,000056,20251209,93506980,4722078,C,0, ,0,100,0,4322883,
000056.SZ,000056,20251209,93506980,4722079,C,0, ,0,100,0,4322882,
000056.SZ,000056,20251209,93507000,4722303,C,0, ,0,100,0,4323001,
000056.SZ,000056,20251209,93507030,4722678,C,0, ,0,19200,0,4694555,
000056.SZ,000056,20251209,93507530,4729025,C,0, ,0,1200,0,4694416,
000056.SZ,000056,20251209,93509540,4750881,C,0, ,0,600,760402,0,
000056.SZ,000056,20251209,93510120,4757076,0,0,S,22800,2200,4757075,4694248,
000056.SZ,000056,20251209,93510240,4758703,C,0, ,0,1000,816786,0,
000056.SZ,000056,20251209,93511390,4771857,C,0, ,0,5300,0,4534076,
000056.SZ,000056,20251209,93511690,4774660,C,0, ,0,700,761088,0,
000056.SZ,000056,20251209,93512220,4779649,C,0, ,0,1600,0,4239139,
000056.SZ,000056,20251209,93513480,4793490,0,0,S,22800,100,4793489,4694248,
000056.SZ,000056,20251209,93514030,4799659,C,0, ,0,20100,0,4687277,
000056.SZ,000056,20251209,93514040,4799741,C,0, ,0,100,0,3864273,
000056.SZ,000056,20251209,93514040,4799775,C,0, ,0,100,0,3565046,
000056.SZ,000056,20251209,93514870,4808903,0,0,B,22900,5200,1693504,4808902,
000056.SZ,000056,20251209,93516480,4825576,0,0,B,22900,100,1693504,4825575,
000056.SZ,000056,20251209,93517330,4833234,0,0,B,22900,600,1693504,4833233,
000056.SZ,000056,20251209,93519880,4854838,0,0,B,22900,200,1693504,4854837,
000056.SZ,000056,20251209,93521470,4868021,C,0, ,0,2000,4835147,0,
000056.SZ,000056,20251209,93521890,4871427,C,0, ,0,8000,0,3273397,
000056.SZ,000056,20251209,93523360,4883373,C,0, ,0,8700,2389422,0,
000056.SZ,000056,20251209,93523380,4883559,C,0, ,0,8700,1597527,0,
000056.SZ,000056,20251209,93524060,4888228,C,0, ,0,100,0,4030314,
000056.SZ,000056,20251209,93524830,4894448,C,0, ,0,2300,0,4111205,
000056.SZ,000056,20251209,93527180,4911647,C,0, ,0,100,0,3600261,
000056.SZ,000056,20251209,93527600,4915395,C,0, ,0,14000,1890426,0,
000056.SZ,000056,20251209,93528840,4925255,0,0,B,22900,100,1693504,4925254,
000056.SZ,000056,20251209,93530010,4934547,C,0, ,0,20000,316902,0,
000056.SZ,000056,20251209,93530350,4937718,0,0,B,22900,1800,1693504,4937717,
000056.SZ,000056,20251209,93531880,4951864,C,0, ,0,13000,4920418,0,
000056.SZ,000056,20251209,93533150,4962569,C,0, ,0,100,0,3600201,
000056.SZ,000056,20251209,93534290,4973363,C,0, ,0,100,0,4162457,
000056.SZ,000056,20251209,93535010,4980358,C,0, ,0,100,0,4737400,
000056.SZ,000056,20251209,93537400,5001004,0,0,S,22800,1900,5001003,4694248,
000056.SZ,000056,20251209,93537410,5001037,C,0, ,0,100,0,2533886,
000056.SZ,000056,20251209,93540030,5026047,0,0,B,22900,2500,1693504,5026046,
000056.SZ,000056,20251209,93540820,5035591,C,0, ,0,1000,0,4197344,
000056.SZ,000056,20251209,93541260,5039468,C,0, ,0,100,0,3641347,
000056.SZ,000056,20251209,93542350,5051826,0,0,B,22900,3100,1693504,5051825,
000056.SZ,000056,20251209,93542350,5051827,0,0,B,22900,100,2316665,5051825,
000056.SZ,000056,20251209,93543570,5063706,0,0,S,22800,5500,5063705,4694248,
000056.SZ,000056,20251209,93543570,5063707,0,0,S,22800,2300,5063705,4694460,
000056.SZ,000056,20251209,93543570,5063708,0,0,S,22800,1700,5063705,4694461,
000056.SZ,000056,20251209,93543620,5064325,0,0,S,22800,200,5064324,4694461,
000056.SZ,000056,20251209,93543620,5064326,0,0,S,22800,3600,5064324,4694462,
000056.SZ,000056,20251209,93543620,5064327,0,0,S,22800,2200,5064324,4694464,
000056.SZ,000056,20251209,93543620,5064328,0,0,S,22800,4600,5064324,4694465,
000056.SZ,000056,20251209,93543620,5064329,0,0,S,22800,600,5064324,4694469,
000056.SZ,000056,20251209,93543620,5064330,0,0,S,22800,600,5064324,4694513,
000056.SZ,000056,20251209,93543620,5064331,0,0,S,22800,200,5064324,4694514,
000056.SZ,000056,20251209,93543620,5064332,0,0,S,22800,10000,5064324,4694522,
000056.SZ,000056,20251209,93543620,5064333,0,0,S,22800,100,5064324,4694759,
000056.SZ,000056,20251209,93543620,5064334,0,0,S,22800,1000,5064324,4694833,
000056.SZ,000056,20251209,93544030,5067762,C,0, ,0,2000,4973327,0,
000056.SZ,000056,20251209,93544480,5071605,C,0, ,0,1300,2048804,0,
000056.SZ,000056,20251209,93545170,5077986,0,0,B,22900,5100,2316665,5077985,
000056.SZ,000056,20251209,93545170,5077992,0,0,B,22900,100,2316665,5077991,
000056.SZ,000056,20251209,93545180,5078053,C,0, ,0,200,0,4687391,
000056.SZ,000056,20251209,93546560,5093072,0,0,B,22900,10000,2316665,5093071,
000056.SZ,000056,20251209,93550020,5128908,0,0,S,22800,3300,5128907,4694833,
000056.SZ,000056,20251209,93550610,5134857,C,0, ,0,22000,0,4115078,
000056.SZ,000056,20251209,93550960,5137470,0,0,B,22900,2700,2316665,5137469,
000056.SZ,000056,20251209,93550960,5137471,0,0,B,22900,2500,2535031,5137469,
000056.SZ,000056,20251209,93556280,5186952,0,0,S,22800,10000,5186951,4694833,
000056.SZ,000056,20251209,93558220,5204746,0,0,S,22800,1000,5204745,4694833,
000056.SZ,000056,20251209,93558510,5208215,0,0,S,22800,100,5208214,4694833,
000056.SZ,000056,20251209,93558780,5210480,C,0, ,0,7600,2899983,0,
000056.SZ,000056,20251209,93559290,5214337,0,0,S,22800,100,5214336,4694833,
000056.SZ,000056,20251209,93559410,5216002,0,0,S,22800,300,5216001,4694833,
000056.SZ,000056,20251209,93559410,5216014,0,0,S,22800,300,5216013,4694833,
000056.SZ,000056,20251209,93559750,5218599,0,0,S,22800,200,5218598,4694833,
000056.SZ,000056,20251209,93559750,5218601,0,0,S,22800,300,5218600,4694833,
000056.SZ,000056,20251209,93559750,5218602,0,0,S,22800,1400,5218600,4694883,
000056.SZ,000056,20251209,93559750,5218609,0,0,S,22800,500,5218608,4694883,
000056.SZ,000056,20251209,93559750,5218611,0,0,S,22800,100,5218610,4694883,
000056.SZ,000056,20251209,93559760,5218631,C,0, ,0,700,0,4694883,
000056.SZ,000056,20251209,93559760,5218632,C,0, ,0,2700,2968556,0,
000056.SZ,000056,20251209,93600110,5221784,0,0,S,22800,100,5221783,4695131,
000056.SZ,000056,20251209,93600110,5221786,0,0,S,22800,100,5221785,4695338,
000056.SZ,000056,20251209,93600110,5221787,0,0,S,22800,1200,5221785,4695342,
000056.SZ,000056,20251209,93600110,5221789,0,0,S,22800,200,5221788,4695342,
000056.SZ,000056,20251209,93600110,5221791,0,0,S,22800,700,5221790,4695342,
000056.SZ,000056,20251209,93600110,5221793,0,0,S,22800,1400,5221792,4695342,
000056.SZ,000056,20251209,93600110,5221795,0,0,S,22800,100,5221794,4695342,
000056.SZ,000056,20251209,93600110,5221797,0,0,S,22800,700,5221796,4695342,
000056.SZ,000056,20251209,93600110,5221799,0,0,S,22800,600,5221798,4695342,
000056.SZ,000056,20251209,93600110,5221801,0,0,S,22800,200,5221800,4695342,
000056.SZ,000056,20251209,93600120,5221859,0,0,S,22800,100,5221858,4695342,
000056.SZ,000056,20251209,93600220,5222639,0,0,B,22900,3900,2535031,5222638,
000056.SZ,000056,20251209,93605090,5277119,C,0, ,0,900,0,3958661,
000056.SZ,000056,20251209,93605090,5277124,C,0, ,0,900,0,3850790,
000056.SZ,000056,20251209,93605090,5277146,C,0, ,0,900,0,3750545,
000056.SZ,000056,20251209,93605090,5277154,C,0, ,0,900,0,3641586,
000056.SZ,000056,20251209,93605810,5284022,C,0, ,0,62400,4291124,0,
000056.SZ,000056,20251209,93606150,5286788,C,0, ,0,100,0,3641326,
000056.SZ,000056,20251209,93606220,5287714,C,0, ,0,1700,0,4518083,
000056.SZ,000056,20251209,93606280,5288435,0,0,S,22800,1000,5288434,4695342,
000056.SZ,000056,20251209,93606960,5294926,C,0, ,0,2000,4611111,0,
000056.SZ,000056,20251209,93607410,5298817,C,0, ,0,20000,0,4714076,
000056.SZ,000056,20251209,93608460,5309891,C,0, ,0,100,0,3762622,
000056.SZ,000056,20251209,93608480,5310027,0,0,B,22900,300,2535031,5310026,
000056.SZ,000056,20251209,93608510,5310301,C,0, ,0,5300,0,4880032,
000056.SZ,000056,20251209,93608720,5312072,C,0, ,0,300,4390191,0,
000056.SZ,000056,20251209,93609380,5318746,C,0, ,0,1900,0,5288884,
000056.SZ,000056,20251209,93609480,5319751,0,0,B,22900,1800,2535031,5319750,
000056.SZ,000056,20251209,93610050,5328105,C,0, ,0,100,0,3887929,
000056.SZ,000056,20251209,93612270,5352108,C,0, ,0,100,2771741,0,
000056.SZ,000056,20251209,93612330,5352706,0,0,B,22900,1300,2535031,5352705,
000056.SZ,000056,20251209,93613000,5359114,C,0, ,0,100,0,4704390,
000056.SZ,000056,20251209,93613270,5362056,C,0, ,0,700,0,5039369,
000056.SZ,000056,20251209,93613280,5362113,C,0, ,0,500,0,5038965,
000056.SZ,000056,20251209,93613280,5362151,C,0, ,0,1300,0,5039283,
000056.SZ,000056,20251209,93613450,5364047,C,0, ,0,1600,0,5044506,
000056.SZ,000056,20251209,93619290,5419948,C,0, ,0,6100,5310112,0,
000056.SZ,000056,20251209,93619340,5420553,0,0,B,22900,100,2535031,5420552,
000056.SZ,000056,20251209,93622100,5443892,0,0,B,22900,400,2535031,5443891,
000056.SZ,000056,20251209,93622560,5448325,C,0, ,0,400,5384157,0,
000056.SZ,000056,20251209,93627190,5484505,0,0,B,22900,5200,2535031,5484504,
000056.SZ,000056,20251209,93627300,5485502,0,0,S,22800,100,5485501,4695342,
000056.SZ,000056,20251209,93630310,5510025,0,0,B,22900,100,2535031,5510024,
000056.SZ,000056,20251209,93630490,5511513,C,0, ,0,4100,0,4738774,
000056.SZ,000056,20251209,93632820,5529482,0,0,B,22900,300,2535031,5529481,
000056.SZ,000056,20251209,93633260,5533038,0,0,S,22800,3000,5533037,4695342,
000056.SZ,000056,20251209,93636460,5559881,C,0, ,0,3000,1066409,0,
000056.SZ,000056,20251209,93642230,5606996,C,0, ,0,300,2629821,0,
000056.SZ,000056,20251209,93645530,5634171,C,0, ,0,1600,0,4865882,
000056.SZ,000056,20251209,93645620,5634731,0,0,B,22900,2300,2535031,5634730,
000056.SZ,000056,20251209,93648800,5659687,C,0, ,0,50000,0,117633,
000056.SZ,000056,20251209,93649830,5668158,0,0,S,22800,100,5668157,4695342,
000056.SZ,000056,20251209,93650060,5670041,C,0, ,0,5000,0,1319871,
000056.SZ,000056,20251209,93651790,5682866,C,0, ,0,50000,0,117632,
000056.SZ,000056,20251209,93700270,5754577,0,0,S,22800,100,5754576,4695342,
000056.SZ,000056,20251209,93702950,5781156,0,0,S,22800,800,5781155,4695342,
000056.SZ,000056,20251209,93703430,5786494,0,0,B,22900,2100,2535031,5786493,
000056.SZ,000056,20251209,93703430,5786495,0,0,B,22900,3100,2535053,5786493,
000056.SZ,000056,20251209,93706200,5812770,C,0, ,0,100,5564622,0,
000056.SZ,000056,20251209,93706200,5812771,C,0, ,0,100,5381017,0,
000056.SZ,000056,20251209,93706200,5812789,C,0, ,0,400,0,3542072,
000056.SZ,000056,20251209,93706200,5812794,C,0, ,0,100,4821926,0,
000056.SZ,000056,20251209,93706200,5812796,C,0, ,0,200,4799794,0,
000056.SZ,000056,20251209,93706210,5812797,C,0, ,0,100,4745778,0,
000056.SZ,000056,20251209,93706210,5812798,C,0, ,0,300,4712964,0,
000056.SZ,000056,20251209,93706240,5813172,0,0,B,22900,200,2535053,5813171,
000056.SZ,000056,20251209,93709390,5839871,0,0,B,22900,900,2535053,5839870,
000056.SZ,000056,20251209,93709550,5841464,C,0, ,0,5600,0,5679509,
000056.SZ,000056,20251209,93709720,5843113,0,0,B,22900,5800,2535053,5843112,
000056.SZ,000056,20251209,93709720,5843114,0,0,B,22900,15800,2580110,5843112,
000056.SZ,000056,20251209,93712220,5864084,0,0,B,22900,4400,2580110,5864083,
000056.SZ,000056,20251209,93714060,5882831,C,0, ,0,2000,0,4415755,
000056.SZ,000056,20251209,93714350,5885472,C,0, ,0,5000,0,5684705,
000056.SZ,000056,20251209,93717080,5909275,0,0,B,22900,2400,2580110,5909274,
000056.SZ,000056,20251209,93717080,5909311,C,0, ,0,100,0,3554222,
000056.SZ,000056,20251209,93718330,5918034,C,0, ,0,39500,0,5682938,
000056.SZ,000056,20251209,93718580,5919803,0,0,B,22900,1500,2580110,5919802,
000056.SZ,000056,20251209,93720930,5940085,C,0, ,0,14200,5144306,0,
000056.SZ,000056,20251209,93720950,5940183,C,0, ,0,18500,5724124,0,
000056.SZ,000056,20251209,93725360,5974982,0,0,S,22800,1700,5974981,4695342,
000056.SZ,000056,20251209,93725360,5974983,0,0,S,22800,1700,5974981,4695774,
000056.SZ,000056,20251209,93725360,5974984,0,0,S,22800,200,5974981,4704077,
000056.SZ,000056,20251209,93725360,5974985,0,0,S,22800,10100,5974981,4707250,
000056.SZ,000056,20251209,93725730,5977813,C,0, ,0,700,5107982,0,
000056.SZ,000056,20251209,93727160,5988090,0,0,B,22900,100,2580110,5988089,
000056.SZ,000056,20251209,93729110,6003679,C,0, ,0,5100,394704,0,
000056.SZ,000056,20251209,93732330,6028324,C,0, ,0,15000,0,169555,
000056.SZ,000056,20251209,93733860,6039516,C,0, ,0,6000,5538515,0,
000056.SZ,000056,20251209,93735670,6053777,0,0,B,22900,1300,2580110,6053776,
000056.SZ,000056,20251209,93735980,6055870,0,0,S,22800,700,6055869,4707250,
000056.SZ,000056,20251209,93736150,6057352,0,0,B,22900,9500,2580110,6057351,
000056.SZ,000056,20251209,93736150,6057353,0,0,B,22900,100,2808033,6057351,
000056.SZ,000056,20251209,93736150,6057354,0,0,B,22900,100,2916771,6057351,
000056.SZ,000056,20251209,93736150,6057355,0,0,B,22900,5000,2978112,6057351,
000056.SZ,000056,20251209,93737610,6069358,C,0, ,0,8400,1320045,0,
000056.SZ,000056,20251209,93739230,6081979,0,0,B,22900,100,2992607,6081978,
000056.SZ,000056,20251209,93739230,6081980,0,0,B,22900,100,3119068,6081978,
000056.SZ,000056,20251209,93739230,6081981,0,0,B,22900,100,3231734,6081978,
000056.SZ,000056,20251209,93739230,6081982,0,0,B,22900,100,3421567,6081978,
000056.SZ,000056,20251209,93739230,6081983,0,0,B,22900,300,3463658,6081978,
000056.SZ,000056,20251209,93739230,6081984,0,0,B,22900,200,3463683,6081978,
000056.SZ,000056,20251209,93739230,6081985,0,0,B,22900,200,3463746,6081978,
000056.SZ,000056,20251209,93739230,6081986,0,0,B,22900,200,3464219,6081978,
000056.SZ,000056,20251209,93739230,6081987,0,0,B,22900,2100,3468905,6081978,
000056.SZ,000056,20251209,93739400,6083799,C,0, ,0,1000,1165801,0,
000056.SZ,000056,20251209,93739510,6084684,0,0,B,22900,200,3468905,6084683,
000056.SZ,000056,20251209,93739510,6084685,0,0,B,22900,1100,3478694,6084683,
000056.SZ,000056,20251209,93739510,6084686,0,0,B,22900,3100,3513365,6084683,
000056.SZ,000056,20251209,93740230,6091131,C,0, ,0,100,0,4469553,
000056.SZ,000056,20251209,93742900,6111735,0,0,B,22900,7500,3513365,6111734,
000056.SZ,000056,20251209,93744050,6121288,C,0, ,0,100,0,3750307,
000056.SZ,000056,20251209,93744690,6126326,C,0, ,0,1000,841478,0,
000056.SZ,000056,20251209,93744880,6127742,0,0,S,22800,100,6127741,4707250,
000056.SZ,000056,20251209,93750120,6171523,C,0, ,0,5100,6056412,0,
000056.SZ,000056,20251209,93751040,6178348,0,0,B,22900,2200,3513365,6178347,
000056.SZ,000056,20251209,93752290,6190396,0,0,B,22900,100,3513365,6190395,
000056.SZ,000056,20251209,93758580,6238691,0,0,S,22800,89100,6238690,4707250,
000056.SZ,000056,20251209,93758580,6238692,0,0,S,22800,1100,6238690,4713937,
000056.SZ,000056,20251209,93758580,6238693,0,0,S,22800,700,6238690,4714015,
000056.SZ,000056,20251209,93758580,6238694,0,0,S,22800,1000,6238690,4716368,
000056.SZ,000056,20251209,93758580,6238695,0,0,S,22800,200,6238690,4716386,
000056.SZ,000056,20251209,93758580,6238696,0,0,S,22800,200,6238690,4716397,
000056.SZ,000056,20251209,93758580,6238697,0,0,S,22800,7500,6238690,4717931,
000056.SZ,000056,20251209,93758580,6238698,0,0,S,22800,200,6238690,4718655,
000056.SZ,000056,20251209,93800580,6254136,0,0,S,22800,300,6254135,4718655,
000056.SZ,000056,20251209,93801230,6259716,0,0,B,22900,9200,3513365,6259715,
000056.SZ,000056,20251209,93801300,6260576,0,0,S,22800,200,6260575,4718655,
000056.SZ,000056,20251209,93801300,6260577,0,0,S,22800,100,6260575,4719902,
000056.SZ,000056,20251209,93802600,6272024,0,0,B,22900,200,3513365,6272023,
000056.SZ,000056,20251209,93804200,6284916,0,0,B,22900,900,3513365,6284915,
000056.SZ,000056,20251209,93805300,6294468,0,0,S,22800,300,6294467,4719902,
000056.SZ,000056,20251209,93806310,6302878,0,0,S,22800,300,6302877,4719902,
000056.SZ,000056,20251209,93806990,6309032,0,0,S,22800,8600,6309031,4719902,
000056.SZ,000056,20251209,93806990,6309033,0,0,S,22800,200,6309031,4722885,
000056.SZ,000056,20251209,93806990,6309034,0,0,S,22800,300,6309031,4743902,
000056.SZ,000056,20251209,93807370,6313180,0,0,S,22800,100,6313179,4743902,
000056.SZ,000056,20251209,93808430,6322982,0,0,S,22800,100,6322981,4751831,
000056.SZ,000056,20251209,93810210,6336550,0,0,B,22900,1000,3513365,6336549,
000056.SZ,000056,20251209,93810580,6340058,0,0,B,22900,13200,3513365,6340057,
000056.SZ,000056,20251209,93810580,6340059,0,0,B,22900,6200,4006312,6340057,
000056.SZ,000056,20251209,93810580,6340060,0,0,B,22900,1300,4041776,6340057,
000056.SZ,000056,20251209,93810580,6340061,0,0,B,22900,200,4285985,6340057,
000056.SZ,000056,20251209,93810580,6340062,0,0,B,22900,400,4291350,6340057,
000056.SZ,000056,20251209,93810580,6340063,0,0,B,22900,2400,4291820,6340057,
000056.SZ,000056,20251209,93810580,6340064,0,0,B,22900,200,4292188,6340057,
000056.SZ,000056,20251209,93810580,6340065,0,0,B,22900,300,4292317,6340057,
000056.SZ,000056,20251209,93810580,6340066,0,0,B,22900,5800,4293416,6340057,
000056.SZ,000056,20251209,93810580,6340067,0,0,B,22900,300,4293694,6340057,
000056.SZ,000056,20251209,93810580,6340068,0,0,B,22900,200,4712951,6340057,
000056.SZ,000056,20251209,93810580,6340069,0,0,B,22900,1300,4791394,6340057,
000056.SZ,000056,20251209,93811060,6343618,0,0,B,22900,500,4791394,6343617,
000056.SZ,000056,20251209,93811060,6343619,0,0,B,22900,4200,4815527,6343617,
000056.SZ,000056,20251209,93812790,6355979,C,0, ,0,200,5744256,0,
000056.SZ,000056,20251209,93813180,6358695,0,0,B,22900,3400,4815527,6358694,
000056.SZ,000056,20251209,93816240,6381916,0,0,B,22900,100,4815527,6381915,
000056.SZ,000056,20251209,93817480,6392368,0,0,S,22800,700,6392367,4751831,
000056.SZ,000056,20251209,93819170,6405195,0,0,B,22900,500,4815527,6405194,
000056.SZ,000056,20251209,93821600,6425762,C,0, ,0,13900,4024293,0,
000056.SZ,000056,20251209,93822390,6432144,C,0, ,0,4000,0,3132317,
000056.SZ,000056,20251209,93828820,6479594,C,0, ,0,800,0,852125,
000056.SZ,000056,20251209,93829440,6483510,0,0,S,22800,75100,6483509,4751831,
000056.SZ,000056,20251209,93829440,6483511,0,0,S,22800,100,6483509,4761253,
000056.SZ,000056,20251209,93829440,6483512,0,0,S,22800,100,6483509,4761264,
000056.SZ,000056,20251209,93829440,6483513,0,0,S,22800,100,6483509,4761266,
000056.SZ,000056,20251209,93829440,6483514,0,0,S,22800,11400,6483509,4775128,
000056.SZ,000056,20251209,93829460,6483656,0,0,B,22900,100,4815527,6483655,
000056.SZ,000056,20251209,93829890,6485903,0,0,S,22800,800,6485902,4775128,
000056.SZ,000056,20251209,93829900,6485920,C,0, ,0,1200,0,6289650,
000056.SZ,000056,20251209,93830280,6488627,0,0,S,22800,200,6488626,4775128,
000056.SZ,000056,20251209,93830320,6489002,0,0,S,22800,100,6489001,4775128,
000056.SZ,000056,20251209,93830330,6489077,0,0,S,22800,600,6489076,4775128,
000056.SZ,000056,20251209,93830360,6489314,0,0,S,22800,800,6489313,4775128,
000056.SZ,000056,20251209,93830440,6489935,0,0,S,22800,500,6489934,4775128,
000056.SZ,000056,20251209,93830530,6490567,0,0,S,22800,3900,6490566,4775128,
000056.SZ,000056,20251209,93830590,6491012,0,0,S,22800,500,6491011,4775128,
000056.SZ,000056,20251209,93830600,6491093,0,0,S,22800,100,6491092,4775128,
000056.SZ,000056,20251209,93831190,6495490,0,0,B,22900,1700,4815527,6495489,
000056.SZ,000056,20251209,93831190,6495491,0,0,B,22900,200,4900873,6495489,
000056.SZ,000056,20251209,93831190,6495492,0,0,B,22900,600,4964498,6495489,
000056.SZ,000056,20251209,93831190,6495493,0,0,B,22900,5600,5004903,6495489,
000056.SZ,000056,20251209,93831300,6496455,0,0,S,22800,4900,6496454,4775128,
000056.SZ,000056,20251209,93831300,6496456,0,0,S,22800,100,6496454,4778396,
000056.SZ,000056,20251209,93831300,6496457,0,0,S,22800,100,6496454,4788574,
000056.SZ,000056,20251209,93831300,6496458,0,0,S,22800,1700,6496454,4788717,
000056.SZ,000056,20251209,93831340,6496776,0,0,S,22800,100,6496775,4788717,
000056.SZ,000056,20251209,93832130,6503933,C,0, ,0,7400,5170736,0,
000056.SZ,000056,20251209,93832130,6503961,C,0, ,0,1400,5239546,0,
000056.SZ,000056,20251209,93832130,6503962,C,0, ,0,1400,6322416,0,
000056.SZ,000056,20251209,93832160,6504107,C,0, ,0,900,0,1914810,
000056.SZ,000056,20251209,93832670,6507287,C,0, ,0,5200,225985,0,
000056.SZ,000056,20251209,93833550,6513501,C,0, ,0,7000,0,1012655,
000056.SZ,000056,20251209,93833570,6513677,C,0, ,0,6300,0,6449167,
000056.SZ,000056,20251209,93834180,6517981,0,0,B,22900,2000,5004903,6517980,
000056.SZ,000056,20251209,93835030,6524563,C,0, ,0,2800,0,3575609,
000056.SZ,000056,20251209,93835320,6527307,0,0,S,22800,100,6527306,4788717,
000056.SZ,000056,20251209,93835320,6527316,0,0,S,22800,100,6527315,4788717,
000056.SZ,000056,20251209,93835330,6527370,0,0,S,22800,100,6527369,4788717,
000056.SZ,000056,20251209,93835330,6527379,0,0,S,22800,100,6527378,4788717,
000056.SZ,000056,20251209,93835330,6527469,0,0,S,22800,100,6527468,4788717,
000056.SZ,000056,20251209,93835340,6527554,0,0,S,22800,400,6527553,4788717,
000056.SZ,000056,20251209,93835340,6527555,0,0,S,22800,100,6527553,4793348,
000056.SZ,000056,20251209,93835380,6527917,0,0,S,22800,100,6527916,4793348,
000056.SZ,000056,20251209,93835740,6530185,0,0,S,22800,200,6530184,4793348,
000056.SZ,000056,20251209,93836140,6532551,0,0,S,22800,900,6532550,4793348,
000056.SZ,000056,20251209,93836140,6532552,0,0,S,22800,800,6532550,4810175,
000056.SZ,000056,20251209,93836140,6532553,0,0,S,22800,200,6532550,4810339,
000056.SZ,000056,20251209,93836140,6532554,0,0,S,22800,100,6532550,4810340,
000056.SZ,000056,20251209,93836140,6532555,0,0,S,22800,200,6532550,4810357,
000056.SZ,000056,20251209,93836140,6532556,0,0,S,22800,7300,6532550,4810400,
000056.SZ,000056,20251209,93836140,6532557,0,0,S,22800,3000,6532550,4825225,
000056.SZ,000056,20251209,93836140,6532558,0,0,S,22800,2900,6532550,4828365,
000056.SZ,000056,20251209,93836140,6532559,0,0,S,22800,100,6532550,4864700,
000056.SZ,000056,20251209,93836140,6532560,0,0,S,22800,200,6532550,4870844,
000056.SZ,000056,20251209,93836140,6532561,0,0,S,22800,100,6532550,4872187,
000056.SZ,000056,20251209,93836140,6532562,0,0,S,22800,100,6532550,4872190,
000056.SZ,000056,20251209,93836140,6532563,0,0,S,22800,100,6532550,4872271,
000056.SZ,000056,20251209,93836140,6532564,0,0,S,22800,100,6532550,4875984,
000056.SZ,000056,20251209,93836140,6532565,0,0,S,22800,200,6532550,4876330,
000056.SZ,000056,20251209,93836140,6532566,0,0,S,22800,12800,6532550,4880740,
000056.SZ,000056,20251209,93836140,6532567,0,0,S,22800,9500,6532550,4889410,
000056.SZ,000056,20251209,93836150,6532584,0,0,S,22800,3000,6532583,4889410,
000056.SZ,000056,20251209,93836150,6532588,0,0,S,22800,2000,6532587,4889410,
000056.SZ,000056,20251209,93836150,6532589,0,0,S,22800,200,6532587,4900918,
000056.SZ,000056,20251209,93836150,6532590,0,0,S,22800,600,6532587,4911624,
000056.SZ,000056,20251209,93836150,6532591,0,0,S,22800,7500,6532587,4911904,
000056.SZ,000056,20251209,93836150,6532592,0,0,S,22800,200,6532587,4919553,
000056.SZ,000056,20251209,93836150,6532593,0,0,S,22800,1000,6532587,4949022,
000056.SZ,000056,20251209,93836150,6532594,0,0,S,22800,200,6532587,4973362,
000056.SZ,000056,20251209,93836150,6532595,0,0,S,22800,8800,6532587,4978812,
000056.SZ,000056,20251209,93836150,6532601,0,0,S,22800,1200,6532600,4978812,
000056.SZ,000056,20251209,93836150,6532602,0,0,S,22800,200,6532600,4980498,
000056.SZ,000056,20251209,93836150,6532603,0,0,S,22800,600,6532600,5001038,
000056.SZ,000056,20251209,93836150,6532604,0,0,S,22800,100,6532600,5001096,
000056.SZ,000056,20251209,93836150,6532605,0,0,S,22800,1000,6532600,5002748,
000056.SZ,000056,20251209,93836150,6532606,0,0,S,22800,200,6532600,5005008,
000056.SZ,000056,20251209,93836150,6532607,0,0,S,22800,900,6532600,5005125,
000056.SZ,000056,20251209,93836150,6532608,0,0,S,22800,200,6532600,5026084,
000056.SZ,000056,20251209,93836150,6532609,0,0,S,22800,100,6532600,5026085,
000056.SZ,000056,20251209,93836150,6532610,0,0,S,22800,100,6532600,5026086,
000056.SZ,000056,20251209,93836150,6532611,0,0,S,22800,100,6532600,5026087,
000056.SZ,000056,20251209,93836150,6532612,0,0,S,22800,300,6532600,5026088,
000056.SZ,000056,20251209,93836150,6532613,0,0,S,22800,100,6532600,5026091,
000056.SZ,000056,20251209,93836150,6532614,0,0,S,22800,200,6532600,5026100,
000056.SZ,000056,20251209,93836150,6532615,0,0,S,22800,100,6532600,5026101,
000056.SZ,000056,20251209,93836150,6532616,0,0,S,22800,100,6532600,5026102,
000056.SZ,000056,20251209,93836150,6532617,0,0,S,22800,100,6532600,5026109,
000056.SZ,000056,20251209,93836150,6532618,0,0,S,22800,100,6532600,5031456,
000056.SZ,000056,20251209,93836150,6532619,0,0,S,22800,200,6532600,5036426,
000056.SZ,000056,20251209,93836150,6532620,0,0,S,22800,500,6532600,5046116,
000056.SZ,000056,20251209,93836150,6532621,0,0,S,22800,100,6532600,5049644,
000056.SZ,000056,20251209,93836150,6532622,0,0,S,22800,200,6532600,5049672,
000056.SZ,000056,20251209,93836150,6532623,0,0,S,22800,1500,6532600,5071259,
000056.SZ,000056,20251209,93836150,6532624,0,0,S,22800,2000,6532600,5086505,
000056.SZ,000056,20251209,93836150,6532625,0,0,S,22800,300,6532600,5093162,
000056.SZ,000056,20251209,93836150,6532626,0,0,S,22800,1100,6532600,5137744,
000056.SZ,000056,20251209,93836150,6532627,0,0,S,22800,100,6532600,5202017,
000056.SZ,000056,20251209,93836150,6532628,0,0,S,22800,12000,6532600,5222197,
000056.SZ,000056,20251209,93836150,6532629,0,0,S,22800,800,6532600,5248532,
000056.SZ,000056,20251209,93836150,6532630,0,0,S,22800,300,6532600,5248655,
000056.SZ,000056,20251209,93836150,6532631,0,0,S,22800,200,6532600,5262344,
000056.SZ,000056,20251209,93836150,6532632,0,0,S,22800,500,6532600,5262527,
000056.SZ,000056,20251209,93836150,6532633,0,0,S,22800,600,6532600,5262533,
000056.SZ,000056,20251209,93836150,6532634,0,0,S,22800,800,6532600,5267417,
000056.SZ,000056,20251209,93836150,6532635,0,0,S,22800,500,6532600,5267605,
000056.SZ,000056,20251209,93836150,6532636,0,0,S,22800,200,6532600,5267949,
000056.SZ,000056,20251209,93836150,6532637,0,0,S,22800,200,6532600,5270933,
000056.SZ,000056,20251209,93836150,6532638,0,0,S,22800,400,6532600,5274732,
000056.SZ,000056,20251209,93836150,6532639,0,0,S,22800,400,6532600,5276724,
000056.SZ,000056,20251209,93836150,6532640,0,0,S,22800,100,6532600,5276837,
000056.SZ,000056,20251209,93836150,6532641,0,0,S,22800,100,6532600,5276839,
000056.SZ,000056,20251209,93836150,6532642,0,0,S,22800,100,6532600,5298878,
000056.SZ,000056,20251209,93836150,6532643,0,0,S,22800,200,6532600,5314808,
000056.SZ,000056,20251209,93836150,6532644,0,0,S,22800,100,6532600,5318017,
000056.SZ,000056,20251209,93836150,6532645,0,0,S,22800,100,6532600,5342194,
000056.SZ,000056,20251209,93836150,6532646,0,0,S,22800,1300,6532600,5364102,
000056.SZ,000056,20251209,93836150,6532647,0,0,S,22800,700,6532600,5364110,
000056.SZ,000056,20251209,93836150,6532648,0,0,S,22800,500,6532600,5364326,
000056.SZ,000056,20251209,93836150,6532649,0,0,S,22800,1600,6532600,5364595,
000056.SZ,000056,20251209,93836150,6532650,0,0,S,22800,12000,6532600,5415872,
000056.SZ,000056,20251209,93836150,6532651,0,0,S,22800,100,6532600,5434268,
000056.SZ,000056,20251209,93836150,6532652,0,0,S,22800,800,6532600,5436584,
000056.SZ,000056,20251209,93836150,6532653,0,0,S,22800,100,6532600,5443362,
000056.SZ,000056,20251209,93836150,6532654,0,0,S,22800,100,6532600,5443531,
000056.SZ,000056,20251209,93836150,6532655,0,0,S,22800,23000,6532600,5459564,
000056.SZ,000056,20251209,93836150,6532675,0,0,S,22800,2000,6532674,5459564,
000056.SZ,000056,20251209,93836150,6532677,0,0,S,22800,2100,6532676,5459564,
000056.SZ,000056,20251209,93836150,6532679,0,0,S,22800,900,6532678,5459564,
000056.SZ,000056,20251209,93836150,6532681,0,0,S,22800,4000,6532680,5459564,
000056.SZ,000056,20251209,93836150,6532683,0,0,S,22800,5000,6532682,5459564,
000056.SZ,000056,20251209,93836150,6532685,0,0,S,22800,2300,6532684,5459564,
