万得代码,交易所代码,自然日,时间,委托编号,交易所委托号,委托类型,委托代码,委托价格,委托数量,
000056.SZ,000056,20251209,91500040,0,557,0,S,25200,1100,
000056.SZ,000056,20251209,91500050,0,1584,0,S,25100,100,
000056.SZ,000056,20251209,91500060,0,2186,0,B,22500,1000,
000056.SZ,000056,20251209,91500070,0,5713,0,S,25200,100,
000056.SZ,000056,20251209,91500070,0,5755,0,B,22500,3000,
000056.SZ,000056,20251209,91500070,0,5863,0,S,25200,1300,
000056.SZ,000056,20251209,91500070,0,6883,0,S,24200,1900,
000056.SZ,000056,20251209,91500070,0,6884,0,S,25100,3700,
000056.SZ,000056,20251209,91500070,0,7394,0,B,23000,1000,
000056.SZ,000056,20251209,91500070,0,8663,0,B,21700,500,
000056.SZ,000056,20251209,91500080,0,11639,0,S,25200,1100,
000056.SZ,000056,20251209,91500080,0,11994,0,S,23600,2000,
000056.SZ,000056,20251209,91500080,0,11998,0,S,23800,500,
000056.SZ,000056,20251209,91500080,0,12090,0,S,23900,500,
000056.SZ,000056,20251209,91500080,0,12291,0,S,24000,500,
000056.SZ,000056,20251209,91500080,0,12315,0,B,22100,100,
000056.SZ,000056,20251209,91500080,0,12323,0,S,24100,500,
000056.SZ,000056,20251209,91500080,0,12406,0,S,24200,500,
000056.SZ,000056,20251209,91500080,0,12459,0,S,24300,500,
000056.SZ,000056,20251209,91500080,0,12503,0,S,25200,3000,
000056.SZ,000056,20251209,91500080,0,12515,0,S,24400,500,
000056.SZ,000056,20251209,91500080,0,12518,0,S,24500,500,
000056.SZ,000056,20251209,91500080,0,12612,0,S,24600,500,
000056.SZ,000056,20251209,91500080,0,12616,0,S,24700,500,
000056.SZ,000056,20251209,91500080,0,12620,0,S,24800,500,
000056.SZ,000056,20251209,91500080,0,12625,0,S,24900,500,
000056.SZ,000056,20251209,91500080,0,12628,0,S,25000,500,
000056.SZ,000056,20251209,91500080,0,12636,0,S,25100,500,
000056.SZ,000056,20251209,91500080,0,12641,0,S,25200,500,
000056.SZ,000056,20251209,91500080,0,12653,0,B,22100,500,
000056.SZ,000056,20251209,91500080,0,12657,0,B,22000,500,
000056.SZ,000056,20251209,91500080,0,12663,0,B,21800,500,
000056.SZ,000056,20251209,91500080,0,12717,0,B,21500,500,
000056.SZ,000056,20251209,91500080,0,13042,0,B,22800,1000,
000056.SZ,000056,20251209,91500080,0,13271,0,B,22000,500,
000056.SZ,000056,20251209,91500080,0,13272,0,S,24900,500,
000056.SZ,000056,20251209,91500090,0,14293,0,S,25200,900,
000056.SZ,000056,20251209,91500090,0,15345,0,S,23500,1700,
000056.SZ,000056,20251209,91500090,0,15442,0,B,22400,300,
000056.SZ,000056,20251209,91500090,0,15443,0,B,22500,200,
000056.SZ,000056,20251209,91500090,0,15444,0,B,22600,300,
000056.SZ,000056,20251209,91500090,0,15447,0,B,22700,300,
000056.SZ,000056,20251209,91500090,0,15448,0,B,22800,300,
000056.SZ,000056,20251209,91500090,0,15449,0,B,22900,400,
000056.SZ,000056,20251209,91500090,0,15450,0,B,23000,100,
000056.SZ,000056,20251209,91500090,0,15451,0,S,23100,1000,
000056.SZ,000056,20251209,91500090,0,15453,0,S,23200,2100,
000056.SZ,000056,20251209,91500090,0,15454,0,S,23300,3300,
000056.SZ,000056,20251209,91500090,0,15455,0,S,23400,4000,
000056.SZ,000056,20251209,91500090,0,15457,0,S,23500,4500,
000056.SZ,000056,20251209,91500090,0,15458,0,S,23600,4600,
000056.SZ,000056,20251209,91500090,0,15459,0,S,23700,4800,
000056.SZ,000056,20251209,91500090,0,15460,0,S,23800,6000,
000056.SZ,000056,20251209,91500090,0,15461,0,B,22500,100,
000056.SZ,000056,20251209,91500090,0,15657,0,B,22300,300,
000056.SZ,000056,20251209,91500090,0,15658,0,B,22600,300,
000056.SZ,000056,20251209,91500090,0,15659,0,B,22700,200,
000056.SZ,000056,20251209,91500090,0,15660,0,B,22800,100,
000056.SZ,000056,20251209,91500090,0,15661,0,S,23000,300,
000056.SZ,000056,20251209,91500090,0,15662,0,S,23100,400,
000056.SZ,000056,20251209,91500090,0,15664,0,S,23200,500,
000056.SZ,000056,20251209,91500090,0,15666,0,S,23300,600,
000056.SZ,000056,20251209,91500090,0,15667,0,S,23700,600,
000056.SZ,000056,20251209,91500090,0,15668,0,S,23800,800,
000056.SZ,000056,20251209,91500090,0,15669,0,S,24200,1100,
000056.SZ,000056,20251209,91500090,0,15670,0,S,24400,1200,
000056.SZ,000056,20251209,91500090,0,15671,0,B,22900,100,
000056.SZ,000056,20251209,91500090,0,16294,0,S,23700,400,
000056.SZ,000056,20251209,91500090,0,16384,0,B,21300,500,
000056.SZ,000056,20251209,91500090,0,16773,0,B,21000,10000,
000056.SZ,000056,20251209,91500090,0,16774,0,B,21600,8000,
000056.SZ,000056,20251209,91500090,0,16775,0,S,25200,12000,
000056.SZ,000056,20251209,91500100,0,18129,0,S,23900,1000,
000056.SZ,000056,20251209,91500100,0,18518,0,B,22700,400,
000056.SZ,000056,20251209,91500100,0,18551,0,B,22800,9100,
000056.SZ,000056,20251209,91500110,0,20139,0,S,25000,2000,
000056.SZ,000056,20251209,91500120,0,23671,0,S,22800,500,
000056.SZ,000056,20251209,91500130,0,27220,0,S,23600,3000,
000056.SZ,000056,20251209,91500130,0,28368,0,B,22000,2300,
000056.SZ,000056,20251209,91500130,0,28369,0,S,24000,2100,
000056.SZ,000056,20251209,91500140,0,30494,0,B,22700,2700,
000056.SZ,000056,20251209,91500140,0,30705,0,S,25000,200,
000056.SZ,000056,20251209,91500140,0,31434,0,S,25200,7000,
000056.SZ,000056,20251209,91500140,0,32059,0,S,23100,48900,
000056.SZ,000056,20251209,91500140,0,32576,0,B,22800,1000,
000056.SZ,000056,20251209,91500150,0,36071,0,S,25200,1000,
000056.SZ,000056,20251209,91500150,0,36746,0,S,25200,20000,
000056.SZ,000056,20251209,91500150,0,36747,0,S,25100,10000,
000056.SZ,000056,20251209,91500150,0,36748,0,S,23900,10000,
000056.SZ,000056,20251209,91500160,0,37551,0,B,21800,1000,
000056.SZ,000056,20251209,91500160,0,39264,0,B,22900,1000,
000056.SZ,000056,20251209,91500160,0,39521,0,B,22900,1100,
000056.SZ,000056,20251209,91500160,0,39677,0,S,23500,1000,
000056.SZ,000056,20251209,91500160,0,39678,0,S,23700,1000,
000056.SZ,000056,20251209,91500160,0,39679,0,S,23900,1000,
000056.SZ,000056,20251209,91500170,0,41382,0,S,24100,1000,
000056.SZ,000056,20251209,91500170,0,41571,0,S,25200,1500,
000056.SZ,000056,20251209,91500170,0,41878,0,S,25200,100,
000056.SZ,000056,20251209,91500170,0,42318,0,S,25200,200,
000056.SZ,000056,20251209,91500170,0,42495,0,S,25200,100,
000056.SZ,000056,20251209,91500170,0,42704,0,B,22600,4000,
000056.SZ,000056,20251209,91500170,0,42705,0,B,22200,2400,
000056.SZ,000056,20251209,91500170,0,42709,0,S,24400,5000,
000056.SZ,000056,20251209,91500170,0,43352,0,S,24800,6000,
000056.SZ,000056,20251209,91500180,0,44857,0,S,23500,10000,
000056.SZ,000056,20251209,91500180,0,45263,0,S,23100,100,
000056.SZ,000056,20251209,91500180,0,45301,0,S,25200,2000,
000056.SZ,000056,20251209,91500190,0,47700,0,B,22700,2100,
000056.SZ,000056,20251209,91500190,0,48287,0,B,21200,1200,
000056.SZ,000056,20251209,91500190,0,48357,0,S,25200,5800,
000056.SZ,000056,20251209,91500190,0,48489,0,S,25200,200,
000056.SZ,000056,20251209,91500190,0,48788,0,S,23500,6500,
000056.SZ,000056,20251209,91500200,0,50435,0,S,25000,700,
000056.SZ,000056,20251209,91500200,0,51187,0,S,25200,2500,
000056.SZ,000056,20251209,91500200,0,51375,0,S,25200,100,
000056.SZ,000056,20251209,91500210,0,52327,0,S,23600,23200,
000056.SZ,000056,20251209,91500210,0,53348,0,B,22900,500,
000056.SZ,000056,20251209,91500220,0,54751,0,S,23900,10000,
000056.SZ,000056,20251209,91500230,0,56034,0,S,25200,4500,
000056.SZ,000056,20251209,91500230,0,56297,0,B,20600,3800,
000056.SZ,000056,20251209,91500230,0,56298,0,B,20700,3900,
000056.SZ,000056,20251209,91500230,0,56659,0,S,25000,2800,
000056.SZ,000056,20251209,91500240,0,57982,0,S,24000,100,
000056.SZ,000056,20251209,91500240,0,58908,0,S,25100,10000,
000056.SZ,000056,20251209,91500240,0,59034,0,S,24000,6000,
000056.SZ,000056,20251209,91500240,0,59074,0,S,25000,1000,
000056.SZ,000056,20251209,91500240,0,59128,0,B,21000,4000,
000056.SZ,000056,20251209,91500250,0,59191,0,S,24300,1100,
000056.SZ,000056,20251209,91500250,0,59238,0,S,25100,5700,
000056.SZ,000056,20251209,91500250,0,59675,0,S,25200,1000,
000056.SZ,000056,20251209,91500260,0,60995,0,S,24300,500,
000056.SZ,000056,20251209,91500270,0,61972,0,S,25200,1200,
000056.SZ,000056,20251209,91500270,0,62105,0,S,22900,4300,
000056.SZ,000056,20251209,91500270,0,62123,0,S,25100,2500,
000056.SZ,000056,20251209,91500270,0,62258,0,S,23400,100,
000056.SZ,000056,20251209,91500280,0,64125,0,S,23200,1900,
000056.SZ,000056,20251209,91500280,0,64778,0,S,25200,3000,
000056.SZ,000056,20251209,91500290,0,65767,0,S,24900,4000,
000056.SZ,000056,20251209,91500290,0,65768,0,S,24000,500,
000056.SZ,000056,20251209,91500290,0,65796,0,B,22200,300,
000056.SZ,000056,20251209,91500300,0,66474,0,S,23600,3000,
000056.SZ,000056,20251209,91500300,0,66568,0,S,25200,2000,
000056.SZ,000056,20251209,91500300,0,66573,0,B,23000,500,
000056.SZ,000056,20251209,91500300,0,68088,0,S,25200,200,
000056.SZ,000056,20251209,91500310,0,69276,0,S,25200,1000,
000056.SZ,000056,20251209,91500330,0,72011,0,S,25200,14000,
000056.SZ,000056,20251209,91500330,0,73329,0,B,22700,4300,
000056.SZ,000056,20251209,91500330,0,73389,0,B,22800,5300,
000056.SZ,000056,20251209,91500330,0,73478,0,S,23700,100,
000056.SZ,000056,20251209,91500330,0,73479,0,S,24000,100,
000056.SZ,000056,20251209,91500340,0,74010,0,B,21100,300,
000056.SZ,000056,20251209,91500340,0,74012,0,S,25000,500,
000056.SZ,000056,20251209,91500350,0,75500,0,B,21800,500,
000056.SZ,000056,20251209,91500350,0,75892,0,S,22900,1000,
000056.SZ,000056,20251209,91500360,0,76325,0,S,23800,2000,
000056.SZ,000056,20251209,91500360,0,76326,0,B,22000,2000,
000056.SZ,000056,20251209,91500380,0,79186,0,B,22100,7600,
000056.SZ,000056,20251209,91500380,0,79188,0,S,23900,6900,
000056.SZ,000056,20251209,91500390,0,80636,0,S,23100,2700,
000056.SZ,000056,20251209,91500390,0,80638,0,S,23500,2000,
000056.SZ,000056,20251209,91500420,0,84477,0,S,25200,900,
000056.SZ,000056,20251209,91500450,0,87118,0,S,23400,43600,
000056.SZ,000056,20251209,91500450,0,87193,0,B,22100,2000,
000056.SZ,000056,20251209,91500460,0,88261,0,B,22100,300,
000056.SZ,000056,20251209,91500460,0,88597,0,S,25200,27100,
000056.SZ,000056,20251209,91500470,0,90203,0,B,23000,43400,
000056.SZ,000056,20251209,91500490,0,92013,0,B,22900,100,
000056.SZ,000056,20251209,91500500,0,93337,0,S,23500,4600,
000056.SZ,000056,20251209,91500510,0,95005,0,B,23000,200,
000056.SZ,000056,20251209,91500520,0,95054,0,S,23300,2000,
000056.SZ,000056,20251209,91500530,0,95799,0,S,25200,5000,
000056.SZ,000056,20251209,91500560,0,99820,0,S,24000,1100,
000056.SZ,000056,20251209,91500570,0,100029,0,S,25200,900,
000056.SZ,000056,20251209,91500570,0,100183,0,B,20900,800,
000056.SZ,000056,20251209,91500610,0,103975,0,S,25200,2800,
000056.SZ,000056,20251209,91500610,0,104415,0,S,25200,3100,
000056.SZ,000056,20251209,91500630,0,106754,0,S,23500,6000,
000056.SZ,000056,20251209,91500640,0,107753,0,B,22000,1200,
000056.SZ,000056,20251209,91500640,0,107757,0,S,23300,1000,
000056.SZ,000056,20251209,91500640,0,107758,0,S,23900,1100,
000056.SZ,000056,20251209,91500650,0,108196,0,B,22100,2800,
000056.SZ,000056,20251209,91500670,0,110384,0,S,23000,2000,
000056.SZ,000056,20251209,91500670,0,110755,0,S,23500,200,
000056.SZ,000056,20251209,91500680,0,111423,0,B,22500,100,
000056.SZ,000056,20251209,91500680,0,111424,0,B,22800,100,
000056.SZ,000056,20251209,91500690,0,112187,0,S,22900,1100,
000056.SZ,000056,20251209,91500700,0,113264,0,B,23000,1500,
000056.SZ,000056,20251209,91500730,0,115075,0,S,25100,800,
000056.SZ,000056,20251209,91500730,0,115663,0,B,22500,500,
000056.SZ,000056,20251209,91500730,0,115730,0,S,24100,13000,
000056.SZ,000056,20251209,91500730,0,115731,0,S,25200,16500,
000056.SZ,000056,20251209,91500740,0,116232,0,S,25200,8300,
000056.SZ,000056,20251209,91500740,0,116351,0,B,22600,3000,
000056.SZ,000056,20251209,91500750,0,116876,0,B,23000,5000,
000056.SZ,000056,20251209,91500750,0,117062,0,S,23800,600,
000056.SZ,000056,20251209,91500750,0,117067,0,S,24600,600,
000056.SZ,000056,20251209,91500750,0,117068,0,S,25200,1000,
000056.SZ,000056,20251209,91500760,0,117631,0,B,22700,50000,
000056.SZ,000056,20251209,91500760,0,117632,0,B,22600,50000,
000056.SZ,000056,20251209,91500760,0,117633,0,B,22500,50000,
000056.SZ,000056,20251209,91500800,0,120710,0,S,23700,600,
000056.SZ,000056,20251209,91500800,0,120817,0,S,23500,2000,
000056.SZ,000056,20251209,91500810,0,121356,0,B,22400,2500,
000056.SZ,000056,20251209,91500820,0,121933,0,S,25200,2400,
000056.SZ,000056,20251209,91500820,0,122243,0,S,24300,2200,
000056.SZ,000056,20251209,91500820,0,122244,0,S,24700,2200,
000056.SZ,000056,20251209,91500830,0,122603,0,S,24200,1400,
000056.SZ,000056,20251209,91500830,0,123313,0,S,23400,400,
000056.SZ,000056,20251209,91500830,0,123314,0,S,25200,200,
000056.SZ,000056,20251209,91500830,0,123320,0,S,20600,100,
000056.SZ,000056,20251209,91500860,0,125016,0,S,24000,1000,
000056.SZ,000056,20251209,91500860,0,125017,0,B,21500,1100,
000056.SZ,000056,20251209,91500880,0,126697,0,B,22100,1500,
000056.SZ,000056,20251209,91500920,0,128741,0,S,25000,1000,
000056.SZ,000056,20251209,91500950,0,130558,0,B,22600,6600,
000056.SZ,000056,20251209,91500960,0,130891,0,B,22800,400,
000056.SZ,000056,20251209,91500980,0,132156,0,B,21600,2800,
000056.SZ,000056,20251209,91500980,0,132401,0,B,22700,200,
000056.SZ,000056,20251209,91500990,0,133015,0,S,24000,1600,
000056.SZ,000056,20251209,91501000,0,133424,0,S,23900,10000,
000056.SZ,000056,20251209,91501010,0,134565,0,B,22000,1000,
000056.SZ,000056,20251209,91501020,0,135449,0,B,22700,5500,
000056.SZ,000056,20251209,91501040,0,136536,0,B,22200,700,
000056.SZ,000056,20251209,91501040,0,136540,0,S,25100,2000,
000056.SZ,000056,20251209,91501040,0,136596,0,S,23500,18000,
000056.SZ,000056,20251209,91501070,0,138089,0,S,24100,1000,
000056.SZ,000056,20251209,91501080,0,138784,0,S,24700,2000,
000056.SZ,000056,20251209,91501090,0,139536,0,B,22900,8700,
000056.SZ,000056,20251209,91501100,0,140002,0,S,25200,28100,
000056.SZ,000056,20251209,91501130,0,142511,0,S,25100,3700,
000056.SZ,000056,20251209,91501130,0,142512,0,B,20800,5000,
000056.SZ,000056,20251209,91501140,0,142754,0,B,20800,5000,
000056.SZ,000056,20251209,91501150,0,143331,0,S,23400,14300,
000056.SZ,000056,20251209,91501150,0,143926,0,B,21700,600,
000056.SZ,000056,20251209,91501170,0,144996,0,S,24800,16400,
000056.SZ,000056,20251209,91501170,0,145551,0,B,22900,6600,
000056.SZ,000056,20251209,91501170,0,145759,0,B,22200,100,
000056.SZ,000056,20251209,91501170,0,145760,0,S,25100,100,
000056.SZ,000056,20251209,91501180,0,146271,0,B,22000,4700,
000056.SZ,000056,20251209,91501180,0,146272,0,B,21800,2600,
000056.SZ,000056,20251209,91501180,0,146274,0,B,21000,2400,
000056.SZ,000056,20251209,91501180,0,146436,0,S,23600,900,
000056.SZ,000056,20251209,91501190,0,146930,0,S,23800,1500,
000056.SZ,000056,20251209,91501190,0,146932,0,S,24800,1500,
000056.SZ,000056,20251209,91501190,0,146936,0,B,22400,2600,
000056.SZ,000056,20251209,91501210,0,147866,0,S,23000,28100,
000056.SZ,000056,20251209,91501210,0,148060,0,S,25200,200,
000056.SZ,000056,20251209,91501210,0,148166,0,S,24900,9300,
000056.SZ,000056,20251209,91501220,0,148485,0,B,22900,5500,
000056.SZ,000056,20251209,91501220,0,148926,0,S,23300,61200,
000056.SZ,000056,20251209,91501230,0,149493,0,S,25200,900,
000056.SZ,000056,20251209,91501240,0,149932,0,S,24200,5200,
000056.SZ,000056,20251209,91501240,0,150090,0,S,24000,900,
000056.SZ,000056,20251209,91501250,0,150376,0,S,24300,1000,
000056.SZ,000056,20251209,91501250,0,150613,0,S,25200,18800,
000056.SZ,000056,20251209,91501260,0,150778,0,B,22300,100,
000056.SZ,000056,20251209,91501260,0,151049,0,B,22100,10000,
000056.SZ,000056,20251209,91501280,0,151519,0,S,23800,3000,
000056.SZ,000056,20251209,91501280,0,151623,0,S,24400,1000,
000056.SZ,000056,20251209,91501280,0,151633,0,S,25200,10100,
000056.SZ,000056,20251209,91501280,0,151686,0,B,22700,400,
000056.SZ,000056,20251209,91501290,0,152162,0,B,22200,1000,
000056.SZ,000056,20251209,91501310,0,153165,0,B,22800,6600,
000056.SZ,000056,20251209,91501320,0,153937,0,S,25200,600,
000056.SZ,000056,20251209,91501320,0,154017,0,S,23600,10000,
000056.SZ,000056,20251209,91501320,0,154018,0,B,22100,10000,
000056.SZ,000056,20251209,91501370,0,156487,0,S,24300,11000,
000056.SZ,000056,20251209,91501370,0,156565,0,S,25200,30000,
000056.SZ,000056,20251209,91501380,0,156845,0,S,25200,600,
000056.SZ,000056,20251209,91501390,0,157957,0,B,22300,9100,
000056.SZ,000056,20251209,91501390,0,157986,0,S,25200,3000,
000056.SZ,000056,20251209,91501400,0,158550,0,S,23600,10000,
000056.SZ,000056,20251209,91501410,0,158925,0,S,25100,1400,
000056.SZ,000056,20251209,91501420,0,159841,0,B,21900,4000,
000056.SZ,000056,20251209,91501420,0,159884,0,S,24600,1000,
000056.SZ,000056,20251209,91501430,0,160130,0,S,25200,2900,
000056.SZ,000056,20251209,91501450,0,161247,0,B,22900,6600,
000056.SZ,000056,20251209,91501450,0,161248,0,B,22800,6600,
000056.SZ,000056,20251209,91501450,0,161249,0,B,22700,6600,
000056.SZ,000056,20251209,91501450,0,161250,0,B,22600,6600,
000056.SZ,000056,20251209,91501450,0,161718,0,S,25200,5500,
000056.SZ,000056,20251209,91501450,0,161719,0,S,25200,1500,
000056.SZ,000056,20251209,91501470,0,162741,0,S,23100,6000,
000056.SZ,000056,20251209,91501470,0,162961,0,B,22700,6600,
000056.SZ,000056,20251209,91501470,0,162969,0,B,22800,5500,
000056.SZ,000056,20251209,91501470,0,162970,0,B,22600,5500,
000056.SZ,000056,20251209,91501480,0,163331,0,B,22700,3000,
000056.SZ,000056,20251209,91501480,0,163332,0,B,22600,3000,
000056.SZ,000056,20251209,91501480,0,163333,0,B,22500,3000,
000056.SZ,000056,20251209,91501480,0,163335,0,S,23400,3000,
000056.SZ,000056,20251209,91501480,0,163336,0,S,24800,2000,
000056.SZ,000056,20251209,91501500,0,164575,0,S,24900,11200,
000056.SZ,000056,20251209,91501500,0,164996,0,S,25000,7000,
000056.SZ,000056,20251209,91501500,0,164998,0,S,23100,11000,
000056.SZ,000056,20251209,91501510,0,166154,0,S,25200,200,
000056.SZ,000056,20251209,91501530,0,167651,0,S,24200,4400,
000056.SZ,000056,20251209,91501560,0,169555,0,B,22000,15000,
000056.SZ,000056,20251209,91501580,0,170951,0,S,24000,8500,
000056.SZ,000056,20251209,91501580,0,171027,0,S,23000,200,
000056.SZ,000056,20251209,91501580,0,171043,0,S,25100,3900,
000056.SZ,000056,20251209,91501620,0,172708,0,B,22000,2300,
000056.SZ,000056,20251209,91501670,0,176411,0,B,22300,20000,
000056.SZ,000056,20251209,91501730,0,178867,0,S,25100,8000,
000056.SZ,000056,20251209,91501730,0,178956,0,S,25200,3000,
000056.SZ,000056,20251209,91501740,0,179055,0,S,23800,500,
000056.SZ,000056,20251209,91501740,0,179056,0,S,23900,500,
000056.SZ,000056,20251209,91501740,0,179060,0,S,24000,500,
000056.SZ,000056,20251209,91501740,0,179061,0,S,24100,500,
000056.SZ,000056,20251209,91501740,0,179063,0,S,24200,500,
000056.SZ,000056,20251209,91501740,0,179064,0,S,24300,500,
000056.SZ,000056,20251209,91501740,0,179065,0,S,24400,500,
000056.SZ,000056,20251209,91501740,0,179069,0,S,24500,500,
000056.SZ,000056,20251209,91501740,0,179070,0,S,24600,500,
000056.SZ,000056,20251209,91501740,0,179071,0,S,24700,500,
000056.SZ,000056,20251209,91501740,0,179072,0,S,24800,500,
000056.SZ,000056,20251209,91501740,0,179073,0,S,24900,500,
000056.SZ,000056,20251209,91501740,0,179074,0,S,25000,500,
000056.SZ,000056,20251209,91501740,0,179075,0,B,22100,500,
000056.SZ,000056,20251209,91501740,0,179076,0,B,22000,500,
000056.SZ,000056,20251209,91501740,0,179077,0,B,21800,500,
000056.SZ,000056,20251209,91501740,0,179079,0,B,21500,500,
000056.SZ,000056,20251209,91501740,0,179354,0,S,23500,20000,
000056.SZ,000056,20251209,91501750,0,180053,0,B,22500,200,
000056.SZ,000056,20251209,91501770,0,180834,0,B,22600,2400,
000056.SZ,000056,20251209,91501780,0,181116,0,S,25200,100,
000056.SZ,000056,20251209,91501780,0,181118,0,B,20600,200,
000056.SZ,000056,20251209,91501790,0,181596,0,S,23300,10900,
000056.SZ,000056,20251209,91501850,0,184040,0,S,25000,40000,
000056.SZ,000056,20251209,91501860,0,184474,0,B,21000,5000,
000056.SZ,000056,20251209,91501870,0,185252,0,B,22000,2000,
000056.SZ,000056,20251209,91501870,0,185263,0,S,23500,900,
000056.SZ,000056,20251209,91501880,0,185356,0,S,25200,5000,
000056.SZ,000056,20251209,91501880,0,185439,0,S,23400,2500,
000056.SZ,000056,20251209,91501880,0,185527,0,S,25100,900,
000056.SZ,000056,20251209,91501890,0,185943,0,B,20600,1400,
000056.SZ,000056,20251209,91501960,0,188697,0,B,22200,20000,
000056.SZ,000056,20251209,91501960,0,188709,0,B,22100,20000,
000056.SZ,000056,20251209,91501960,0,188711,0,B,22000,20000,
000056.SZ,000056,20251209,91501960,0,188722,0,B,22300,10000,
000056.SZ,000056,20251209,91501970,0,189488,0,B,22600,6500,
000056.SZ,000056,20251209,91501990,0,190140,0,B,20800,300,
000056.SZ,000056,20251209,91502030,0,192551,0,S,23600,274300,
000056.SZ,000056,20251209,91502040,0,192932,0,S,25200,400,
000056.SZ,000056,20251209,91502180,0,199016,0,S,23400,4500,
000056.SZ,000056,20251209,91502190,0,199293,0,S,25100,200,
000056.SZ,000056,20251209,91502190,0,199297,0,B,22200,200,
000056.SZ,000056,20251209,91502210,0,200421,0,S,23500,1000,
000056.SZ,000056,20251209,91502210,0,200422,0,S,23900,2000,
000056.SZ,000056,20251209,91502230,0,201021,0,B,22200,1000,
000056.SZ,000056,20251209,91502230,0,201221,0,S,23400,10000,
000056.SZ,000056,20251209,91502240,0,201408,0,S,25200,1400,
000056.SZ,000056,20251209,91502260,0,202156,0,S,23800,400,
000056.SZ,000056,20251209,91502360,0,205508,0,S,23400,800,
000056.SZ,000056,20251209,91502410,0,206959,0,B,22600,4000,
000056.SZ,000056,20251209,91502460,0,208712,0,B,22000,1000,
000056.SZ,000056,20251209,91502490,0,210282,0,S,23200,2000,
000056.SZ,000056,20251209,91502500,0,210459,0,S,25200,6800,
000056.SZ,000056,20251209,91502500,0,210600,0,B,22100,1500,
000056.SZ,000056,20251209,91502670,0,217823,0,S,24400,1000,
000056.SZ,000056,20251209,91502670,0,217824,0,S,24600,1000,
000056.SZ,000056,20251209,91502670,0,217825,0,S,24800,1000,
000056.SZ,000056,20251209,91502670,0,217826,0,S,25000,1000,
000056.SZ,000056,20251209,91502680,0,218057,0,S,25200,2000,
000056.SZ,000056,20251209,91502690,0,218456,0,S,23000,100,
000056.SZ,000056,20251209,91502690,0,218457,0,S,23100,100,
000056.SZ,000056,20251209,91502690,0,218458,0,S,23200,100,
000056.SZ,000056,20251209,91502690,0,218460,0,S,23300,100,
000056.SZ,000056,20251209,91502690,0,218461,0,S,23400,100,
000056.SZ,000056,20251209,91502690,0,218462,0,S,23500,100,
000056.SZ,000056,20251209,91502690,0,218463,0,S,23600,100,
000056.SZ,000056,20251209,91502690,0,218464,0,S,23700,100,
000056.SZ,000056,20251209,91502690,0,218465,0,S,23800,100,
000056.SZ,000056,20251209,91502690,0,218466,0,S,23900,100,
000056.SZ,000056,20251209,91502690,0,218467,0,S,24000,100,
000056.SZ,000056,20251209,91502690,0,218468,0,S,24100,100,
000056.SZ,000056,20251209,91502690,0,218469,0,S,24200,100,
000056.SZ,000056,20251209,91502690,0,218779,0,S,23700,1500,
000056.SZ,000056,20251209,91502690,0,218827,0,S,25000,6000,
000056.SZ,000056,20251209,91502710,0,219606,0,S,24300,100,
000056.SZ,000056,20251209,91502710,0,219607,0,S,24400,100,
000056.SZ,000056,20251209,91502710,0,219608,0,S,24500,100,
000056.SZ,000056,20251209,91502710,0,219609,0,S,24600,100,
000056.SZ,000056,20251209,91502710,0,219610,0,S,24700,100,
000056.SZ,000056,20251209,91502710,0,219611,0,S,24800,100,
000056.SZ,000056,20251209,91502720,0,219652,0,S,24900,100,
000056.SZ,000056,20251209,91502720,0,219654,0,S,25000,100,
000056.SZ,000056,20251209,91502720,0,219655,0,S,25100,100,
000056.SZ,000056,20251209,91502720,0,219656,0,S,25200,100,
000056.SZ,000056,20251209,91502730,0,220194,0,B,22800,1000,
000056.SZ,000056,20251209,91502730,0,220197,0,B,22900,1000,
000056.SZ,000056,20251209,91502950,0,225185,0,S,25200,1300,
000056.SZ,000056,20251209,91502970,0,225985,0,S,24500,5200,
000056.SZ,000056,20251209,91502980,0,226213,0,S,25100,11000,
000056.SZ,000056,20251209,91502990,0,226342,0,S,24900,37300,
000056.SZ,000056,20251209,91503000,0,226997,0,S,24900,10900,
000056.SZ,000056,20251209,91503090,0,229259,0,B,22600,1500,
000056.SZ,000056,20251209,91503090,0,229260,0,B,22400,1500,
000056.SZ,000056,20251209,91503100,0,229612,0,S,25200,2000,
000056.SZ,000056,20251209,91503160,0,231369,0,S,25100,2000,
000056.SZ,000056,20251209,91503220,0,232793,0,S,25200,200,
000056.SZ,000056,20251209,91503230,0,233056,0,S,25200,100,
000056.SZ,000056,20251209,91503320,0,234489,0,B,22000,10000,
000056.SZ,000056,20251209,91503330,0,234716,0,S,23600,8300,
000056.SZ,000056,20251209,91503370,0,235347,0,S,25200,5000,
000056.SZ,000056,20251209,91503380,0,235663,0,B,22500,2000,
000056.SZ,000056,20251209,91503380,0,235707,0,S,25200,7300,
000056.SZ,000056,20251209,91503430,0,236869,0,S,25200,3400,
000056.SZ,000056,20251209,91503440,0,237228,0,S,25200,50000,
000056.SZ,000056,20251209,91503440,0,237273,0,B,22600,20000,
000056.SZ,000056,20251209,91503460,0,237429,0,S,25200,300,
000056.SZ,000056,20251209,91503500,0,238677,0,S,25200,39800,
000056.SZ,000056,20251209,91503670,0,243927,0,S,25200,20000,
000056.SZ,000056,20251209,91503720,0,245031,0,S,25000,2400,
000056.SZ,000056,20251209,91503730,0,245250,0,B,22500,500,
000056.SZ,000056,20251209,91503780,0,245929,0,B,22900,100,
000056.SZ,000056,20251209,91503910,0,247316,0,S,24500,300,
000056.SZ,000056,20251209,91503910,0,247328,0,S,25000,500,
000056.SZ,000056,20251209,91503910,0,247331,0,S,25200,500,
000056.SZ,000056,20251209,91503940,0,248001,0,S,25200,100,
000056.SZ,000056,20251209,91503960,0,248524,0,B,22200,500,
000056.SZ,000056,20251209,91503970,0,248898,0,S,25200,5500,
000056.SZ,000056,20251209,91504310,0,253378,0,S,25200,9000,
000056.SZ,000056,20251209,91504360,0,253923,0,B,22800,3000,
000056.SZ,000056,20251209,91504430,0,254993,0,S,23300,2000,
000056.SZ,000056,20251209,91504520,0,256431,0,B,22200,4000,
000056.SZ,000056,20251209,91504550,0,256971,0,S,24000,9700,
000056.SZ,000056,20251209,91504590,0,257986,0,S,23500,3000,
000056.SZ,000056,20251209,91504590,0,257987,0,S,23800,2000,
000056.SZ,000056,20251209,91504590,0,257993,0,S,23600,2000,
000056.SZ,000056,20251209,91504670,0,259207,0,S,25100,10400,
000056.SZ,000056,20251209,91504680,0,259417,0,S,23300,800,
000056.SZ,000056,20251209,91505020,0,261081,0,S,25200,1000,
000056.SZ,000056,20251209,91505060,0,261228,0,S,24000,10000,
000056.SZ,000056,20251209,91505430,0,263863,0,B,22500,5000,
000056.SZ,000056,20251209,91505490,0,264301,0,S,23800,18000,
000056.SZ,000056,20251209,91505490,0,264303,0,S,24300,10000,
000056.SZ,000056,20251209,91505510,0,264603,0,S,25100,1000,
000056.SZ,000056,20251209,91505560,0,265422,0,S,25000,60000,
000056.SZ,000056,20251209,91505570,0,265750,0,S,23400,400,
000056.SZ,000056,20251209,91506360,0,269965,0,S,23200,2600,
000056.SZ,000056,20251209,91506360,0,269966,0,S,24300,2600,
000056.SZ,000056,20251209,91506580,0,271438,0,S,25200,200,
000056.SZ,000056,20251209,91506650,0,272084,0,S,23600,6000,
000056.SZ,000056,20251209,91507360,0,274528,0,S,23600,10000,
000056.SZ,000056,20251209,91507530,0,275023,0,S,25200,500,
000056.SZ,000056,20251209,91507630,0,275730,0,B,22500,200,
000056.SZ,000056,20251209,91507640,0,275908,0,S,25000,3000,
000056.SZ,000056,20251209,91507920,0,276586,0,B,21200,12000,
000056.SZ,000056,20251209,91508160,0,277237,0,B,22900,600,
000056.SZ,000056,20251209,91508540,0,277654,0,B,22400,6100,
000056.SZ,000056,20251209,91508660,0,278368,0,S,24200,6600,
000056.SZ,000056,20251209,91508670,0,278385,0,S,24000,6700,
000056.SZ,000056,20251209,91509110,0,279138,0,S,25200,100,
000056.SZ,000056,20251209,91509110,0,279140,0,S,25100,100,
000056.SZ,000056,20251209,91509110,0,279141,0,S,25000,100,
000056.SZ,000056,20251209,91510140,0,280880,0,B,22700,20000,
000056.SZ,000056,20251209,91511550,0,282726,0,S,25200,2300,
000056.SZ,000056,20251209,91512590,0,283952,0,S,23600,4000,
000056.SZ,000056,20251209,91512620,0,284028,0,B,20900,100,
000056.SZ,000056,20251209,91514810,0,284980,0,S,23300,3100,
000056.SZ,000056,20251209,91518150,0,285847,0,S,23600,43700,
000056.SZ,000056,20251209,91524980,0,287316,0,S,23000,22300,
000056.SZ,000056,20251209,91532290,0,288912,0,S,23500,5000,
000056.SZ,000056,20251209,91535000,0,289575,0,S,23600,1200,
000056.SZ,000056,20251209,91540190,0,290929,0,S,25200,1000,
000056.SZ,000056,20251209,91540930,0,291117,0,S,24200,3800,
000056.SZ,000056,20251209,91559250,0,296478,0,B,22500,500,
000056.SZ,000056,20251209,91607270,0,299297,0,S,25200,2300,
000056.SZ,000056,20251209,91617060,0,302100,0,S,25000,5000,
000056.SZ,000056,20251209,91623210,0,303803,0,B,22700,2200,
000056.SZ,000056,20251209,91630030,0,305617,0,B,23000,500,
000056.SZ,000056,20251209,91631440,0,306044,0,B,22900,52000,
000056.SZ,000056,20251209,91634690,0,307050,0,S,24500,10000,
000056.SZ,000056,20251209,91638500,0,308139,0,S,25200,2500,
000056.SZ,000056,20251209,91641320,0,308955,0,S,23300,6000,
000056.SZ,000056,20251209,91643760,0,309592,0,B,23000,100,
000056.SZ,000056,20251209,91646030,0,310261,0,S,23500,500,
000056.SZ,000056,20251209,91646890,0,310492,0,S,25200,1000,
000056.SZ,000056,20251209,91648380,0,310924,0,S,23300,22900,
000056.SZ,000056,20251209,91649770,0,311327,0,B,21800,1000,
000056.SZ,000056,20251209,91650550,0,311528,0,B,23700,16600,
000056.SZ,000056,20251209,91655000,0,312804,0,S,23200,5000,
000056.SZ,000056,20251209,91656350,0,313204,0,S,24300,1000,
000056.SZ,000056,20251209,91701230,0,314660,0,S,23200,61200,
000056.SZ,000056,20251209,91704630,0,315687,0,S,24000,92900,
000056.SZ,000056,20251209,91704700,0,315705,0,S,25200,4500,
000056.SZ,000056,20251209,91708830,0,316902,0,S,23800,20000,
000056.SZ,000056,20251209,91717690,0,319452,0,S,23400,100000,
000056.SZ,000056,20251209,91720230,0,320198,0,B,22500,4200,
000056.SZ,000056,20251209,91721990,0,320756,0,S,23300,4300,
000056.SZ,000056,20251209,91731860,0,323723,0,S,25200,100,
000056.SZ,000056,20251209,91733060,0,324108,0,B,22000,10000,
000056.SZ,000056,20251209,91739090,0,325942,0,S,23200,1400,
000056.SZ,000056,20251209,91741970,0,326792,0,S,23900,100000,
000056.SZ,000056,20251209,91744360,0,327576,0,S,23700,900,
000056.SZ,000056,20251209,91744520,0,327620,0,S,24000,500,
000056.SZ,000056,20251209,91758360,0,332018,0,S,24100,1000,
000056.SZ,000056,20251209,91800480,0,332674,0,S,25200,7000,
000056.SZ,000056,20251209,91800910,0,332810,0,S,23000,3000,
000056.SZ,000056,20251209,91813760,0,337172,0,B,22300,1300,
000056.SZ,000056,20251209,91814190,0,337323,0,S,23300,61200,
000056.SZ,000056,20251209,91821780,0,339852,0,S,23200,4600,
000056.SZ,000056,20251209,91826100,0,341288,0,B,22700,10000,
000056.SZ,000056,20251209,91828810,0,342220,0,S,23400,3000,
000056.SZ,000056,20251209,91831700,0,343201,0,S,23600,40000,
000056.SZ,000056,20251209,91834650,0,344244,0,S,25200,2000,
000056.SZ,000056,20251209,91836160,0,344764,0,S,25200,1000,
000056.SZ,000056,20251209,91846750,0,348592,0,B,22000,3200,
000056.SZ,000056,20251209,91847900,0,349029,0,S,25000,500,
000056.SZ,000056,20251209,91850820,0,350057,0,S,25200,500,
000056.SZ,000056,20251209,91852750,0,350901,0,S,25200,300000,
000056.SZ,000056,20251209,91853420,0,351148,0,S,23400,30000,
000056.SZ,000056,20251209,91856760,0,352427,0,S,23000,3000,
000056.SZ,000056,20251209,91901940,0,354396,0,S,23100,1200,
000056.SZ,000056,20251209,91902680,0,354672,0,S,23100,3700,
000056.SZ,000056,20251209,91904200,0,355271,0,B,22600,2000,
000056.SZ,000056,20251209,91912940,0,358714,0,S,23000,43700,
000056.SZ,000056,20251209,91929290,0,365018,0,S,23000,14200,
000056.SZ,000056,20251209,91932870,0,366434,0,B,23000,500,
000056.SZ,000056,20251209,91940460,0,369447,0,S,25000,6400,
000056.SZ,000056,20251209,91944470,0,370996,0,S,23400,47900,
000056.SZ,000056,20251209,91946400,0,371702,0,B,22800,1100,
000056.SZ,000056,20251209,91947050,0,371968,0,S,23500,150000,
000056.SZ,000056,20251209,91950250,0,373272,0,S,23800,274300,
000056.SZ,000056,20251209,91952650,0,374213,0,S,24000,2500,
000056.SZ,000056,20251209,91955050,0,375217,0,S,23200,500,
000056.SZ,000056,20251209,92001240,0,378013,0,S,25200,1000,
000056.SZ,000056,20251209,92002470,0,378579,0,B,25200,13000,
000056.SZ,000056,20251209,92006610,0,380172,0,S,23600,4600,
000056.SZ,000056,20251209,92007110,0,380317,0,B,22800,2600,
000056.SZ,000056,20251209,92007510,0,380470,0,S,23500,1500,
000056.SZ,000056,20251209,92009310,0,381090,0,B,25200,12200,
000056.SZ,000056,20251209,92010550,0,381589,0,S,25200,700,
000056.SZ,000056,20251209,92010880,0,381693,0,B,22600,10000,
000056.SZ,000056,20251209,92015460,0,383236,0,S,25200,500,
000056.SZ,000056,20251209,92019490,0,384657,0,S,24200,100,
000056.SZ,000056,20251209,92021290,0,385267,0,S,24000,34500,
000056.SZ,000056,20251209,92021530,0,385358,0,B,23000,3600,
000056.SZ,000056,20251209,92031230,0,388775,0,S,24800,1000,
000056.SZ,000056,20251209,92037700,0,391071,0,S,23000,2000,
000056.SZ,000056,20251209,92038330,0,391269,0,B,22600,5000,
000056.SZ,000056,20251209,92039210,0,391588,0,S,23500,4400,
000056.SZ,000056,20251209,92041690,0,392473,0,S,23300,5000,
000056.SZ,000056,20251209,92045140,0,393725,0,S,24100,5100,
000056.SZ,000056,20251209,92047670,0,394704,0,S,24300,5100,
000056.SZ,000056,20251209,92051100,0,395972,0,B,22700,4000,
000056.SZ,000056,20251209,92052240,0,396428,0,B,22000,10000,
000056.SZ,000056,20251209,92055970,0,397831,0,B,23200,10100,
000056.SZ,000056,20251209,92058130,0,398608,0,S,24000,2200,
000056.SZ,000056,20251209,92059310,0,399047,0,B,23000,10000,
000056.SZ,000056,20251209,92100330,0,399416,0,S,25200,8000,
000056.SZ,000056,20251209,92101950,0,400070,0,S,23200,8700,
000056.SZ,000056,20251209,92106830,0,401956,0,S,25200,2700,
000056.SZ,000056,20251209,92110810,0,403484,0,S,25000,2000,
000056.SZ,000056,20251209,92113780,0,404568,0,B,23000,100,
000056.SZ,000056,20251209,92128860,0,410361,0,S,25000,5900,
000056.SZ,000056,20251209,92129310,0,410533,0,S,25200,6200,
000056.SZ,000056,20251209,92129440,0,410584,0,S,23700,4000,
000056.SZ,000056,20251209,92129730,0,410690,0,S,25100,1100,
000056.SZ,000056,20251209,92130290,0,410893,0,S,24300,3000,
000056.SZ,000056,20251209,92130440,0,410952,0,S,23000,100,
000056.SZ,000056,20251209,92131290,0,411298,0,S,23000,300,
000056.SZ,000056,20251209,92132390,0,411749,0,B,22400,3400,
000056.SZ,000056,20251209,92133090,0,412040,0,S,23800,500,
000056.SZ,000056,20251209,92133640,0,412272,0,S,25000,11500,
000056.SZ,000056,20251209,92139240,0,414529,0,S,24400,5000,
000056.SZ,000056,20251209,92142370,0,415733,0,S,23400,20000,
000056.SZ,000056,20251209,92148840,0,418452,0,S,24200,3000,
000056.SZ,000056,20251209,92149470,0,418708,0,S,25000,800,
000056.SZ,000056,20251209,92149600,0,418764,0,S,23500,2500,
000056.SZ,000056,20251209,92149960,0,418920,0,S,23200,3000,
000056.SZ,000056,20251209,92153320,0,420281,0,B,21900,20000,
000056.SZ,000056,20251209,92155450,0,421133,0,S,25200,2400,
000056.SZ,000056,20251209,92200190,0,423114,0,S,20700,100,
000056.SZ,000056,20251209,92200590,0,423366,0,B,25200,100,
000056.SZ,000056,20251209,92201000,0,423600,0,B,25200,100,
000056.SZ,000056,20251209,92201580,0,424011,0,S,24500,100,
000056.SZ,000056,20251209,92201700,0,424062,0,B,25200,100,
000056.SZ,000056,20251209,92207020,0,426501,0,S,25000,1000,
000056.SZ,000056,20251209,92209670,0,427590,0,B,22700,10700,
000056.SZ,000056,20251209,92220050,0,431990,0,B,22700,2300,
000056.SZ,000056,20251209,92220450,0,432171,0,S,23200,4700,
000056.SZ,000056,20251209,92222600,0,433120,0,S,23900,200,
000056.SZ,000056,20251209,92226610,0,434897,0,S,23300,11200,
000056.SZ,000056,20251209,92228150,0,435540,0,S,22900,26000,
000056.SZ,000056,20251209,92230760,0,436700,0,B,23000,500,
000056.SZ,000056,20251209,92232350,0,437385,0,S,23000,9400,
000056.SZ,000056,20251209,92236180,0,439080,0,B,23000,2000,
000056.SZ,000056,20251209,92237250,0,439532,0,S,23500,100,
000056.SZ,000056,20251209,92240400,0,440971,0,B,22700,8000,
000056.SZ,000056,20251209,92240760,0,441150,0,S,23800,800,
000056.SZ,000056,20251209,92241460,0,441513,0,S,25000,1100,
000056.SZ,000056,20251209,92241930,0,441750,0,S,24800,500,
000056.SZ,000056,20251209,92250210,0,445561,0,B,22800,8400,
000056.SZ,000056,20251209,92251810,0,446345,0,S,25200,1500,
000056.SZ,000056,20251209,92252420,0,446663,0,S,23400,2000,
000056.SZ,000056,20251209,92254840,0,447822,0,S,23000,1000,
000056.SZ,000056,20251209,92256170,0,448469,0,B,20600,5500,
000056.SZ,000056,20251209,92257210,0,448947,0,S,25200,2700,
000056.SZ,000056,20251209,92258400,0,449488,0,S,24800,100,
000056.SZ,000056,20251209,92300740,0,450665,0,S,24500,1100,
000056.SZ,000056,20251209,92303530,0,452056,0,B,20600,6000,
000056.SZ,000056,20251209,92305620,0,453010,0,S,23500,4200,
000056.SZ,000056,20251209,92306800,0,453598,0,S,23600,400,
000056.SZ,000056,20251209,92308520,0,454475,0,S,23400,100000,
000056.SZ,000056,20251209,92311180,0,455807,0,B,22700,13200,
000056.SZ,000056,20251209,92315510,0,458006,0,S,25100,5000,
000056.SZ,000056,20251209,92316300,0,458392,0,S,23800,10400,
000056.SZ,000056,20251209,92317860,0,459196,0,S,24000,1100,
000056.SZ,000056,20251209,92317940,0,459231,0,S,25200,6100,
000056.SZ,000056,20251209,92320160,0,460385,0,S,25000,7500,
000056.SZ,000056,20251209,92320860,0,460738,0,S,23500,1000,
000056.SZ,000056,20251209,92324220,0,462509,0,S,24000,1000,
000056.SZ,000056,20251209,92324820,0,462844,0,S,24900,1300,
000056.SZ,000056,20251209,92326580,0,463836,0,S,23600,40000,
000056.SZ,000056,20251209,92326590,0,463842,0,S,23400,4000,
000056.SZ,000056,20251209,92326990,0,464068,0,B,22800,5000,
000056.SZ,000056,20251209,92327830,0,464569,0,S,22900,15000,
000056.SZ,000056,20251209,92331710,0,466692,0,B,22800,100,
000056.SZ,000056,20251209,92332500,0,467117,0,S,22400,17100,
000056.SZ,000056,20251209,92333010,0,467422,0,S,23300,30000,
000056.SZ,000056,20251209,92333880,0,467908,0,S,23800,2800,
000056.SZ,000056,20251209,92342220,0,472555,0,S,23100,2500,
000056.SZ,000056,20251209,92344200,0,473671,0,S,23900,5000,
000056.SZ,000056,20251209,92344560,0,473881,0,S,23400,22300,
000056.SZ,000056,20251209,92346240,0,474892,0,S,23400,9400,
000056.SZ,000056,20251209,92347390,0,475720,0,S,23500,20000,
000056.SZ,000056,20251209,92350630,0,477583,0,S,23200,5000,
000056.SZ,000056,20251209,92355580,0,480570,0,S,23600,3900,
000056.SZ,000056,20251209,92358430,0,482232,0,S,23100,500,
000056.SZ,000056,20251209,92359720,0,483038,0,S,25200,10200,
000056.SZ,000056,20251209,92400110,0,483391,0,S,23700,2000,
000056.SZ,000056,20251209,92402190,0,484794,0,S,23200,1400,
000056.SZ,000056,20251209,92407490,0,488505,0,S,20600,400,
000056.SZ,000056,20251209,92410740,0,490946,0,S,23100,1000,
000056.SZ,000056,20251209,92412370,0,492267,0,S,22900,3000,
000056.SZ,000056,20251209,92414600,0,494060,0,S,23900,1800,
000056.SZ,000056,20251209,92415040,0,494387,0,S,23000,600,
000056.SZ,000056,20251209,92417130,0,496136,0,B,22500,3000,
000056.SZ,000056,20251209,92419030,0,497767,0,S,25200,1000,
000056.SZ,000056,20251209,92421170,0,499599,0,S,23000,100,
000056.SZ,000056,20251209,92421180,0,499616,0,S,23000,700,
000056.SZ,000056,20251209,92421680,0,500083,0,S,23000,3000,
000056.SZ,000056,20251209,92425330,0,503296,0,S,24600,3000,
000056.SZ,000056,20251209,92428260,0,506011,0,S,24000,12300,
000056.SZ,000056,20251209,92428560,0,506290,0,S,24000,8500,
000056.SZ,000056,20251209,92430070,0,507718,0,S,22900,26700,
000056.SZ,000056,20251209,92430380,0,508051,0,S,25200,35000,
000056.SZ,000056,20251209,92431820,0,509458,0,S,24500,3900,
000056.SZ,000056,20251209,92432840,0,510423,0,S,25200,1500,
000056.SZ,000056,20251209,92433640,0,511135,0,B,25200,2200,
000056.SZ,000056,20251209,92435110,0,512575,0,S,25000,3000,
000056.SZ,000056,20251209,92436260,0,513643,0,S,24500,5000,
000056.SZ,000056,20251209,92438270,0,515849,0,S,25000,9700,
000056.SZ,000056,20251209,92438530,0,516172,0,S,25200,200,
000056.SZ,000056,20251209,92439390,0,517275,0,S,23000,100,
000056.SZ,000056,20251209,92442010,0,520131,0,S,23100,5000,
000056.SZ,000056,20251209,92443390,0,521610,0,B,22700,20000,
000056.SZ,000056,20251209,92444420,0,522632,0,S,23200,500,
000056.SZ,000056,20251209,92447490,0,525944,0,B,23400,100,
000056.SZ,000056,20251209,92447530,0,526001,0,B,23000,200,
000056.SZ,000056,20251209,92447600,0,526088,0,S,23600,200,
000056.SZ,000056,20251209,92449610,0,528745,0,S,25200,10000,
000056.SZ,000056,20251209,92449660,0,528822,0,S,23800,7700,
000056.SZ,000056,20251209,92450840,0,531070,0,B,25200,500,
000056.SZ,000056,20251209,92452830,0,533982,0,S,23300,5700,
000056.SZ,000056,20251209,92453410,0,534927,0,B,22500,30000,
000056.SZ,000056,20251209,92454140,0,536092,0,S,23600,10000,
000056.SZ,000056,20251209,92455240,0,538211,0,S,22900,7100,
000056.SZ,000056,20251209,92455590,0,538947,0,B,23300,8800,
000056.SZ,000056,20251209,92458690,0,549146,0,S,22800,6900,
000056.SZ,000056,20251209,92459090,0,550305,0,S,23900,45900,
000056.SZ,000056,20251209,92459460,0,551994,0,S,22900,300,
000056.SZ,000056,20251209,92459480,0,552106,0,S,22900,100,
000056.SZ,000056,20251209,92459520,0,552315,0,S,22900,13700,
000056.SZ,000056,20251209,92459540,0,552526,0,S,22900,8100,
000056.SZ,000056,20251209,92459680,0,553248,0,S,22900,400,
000056.SZ,000056,20251209,93000000,0,661581,0,S,23200,35000,
000056.SZ,000056,20251209,93000040,0,664075,0,S,22700,900,
000056.SZ,000056,20251209,93000040,0,665244,0,B,22000,1400,
000056.SZ,000056,20251209,93000050,0,668269,0,S,25200,1100,
000056.SZ,000056,20251209,93000050,0,671598,0,S,23500,2000,
000056.SZ,000056,20251209,93000050,0,672750,0,S,23300,3800,
000056.SZ,000056,20251209,93000060,0,673635,0,S,24000,2000,
000056.SZ,000056,20251209,93000060,0,674082,0,B,22300,300,
000056.SZ,000056,20251209,93000060,0,680417,0,S,23300,900,
000056.SZ,000056,20251209,93000070,0,685191,0,S,25200,200,
000056.SZ,000056,20251209,93000080,0,686074,0,S,23000,1000,
000056.SZ,000056,20251209,93000080,0,687130,0,S,23200,3000,
000056.SZ,000056,20251209,93000080,0,689714,0,S,23600,800,
000056.SZ,000056,20251209,93000090,0,693853,0,S,22900,1000,
000056.SZ,000056,20251209,93000100,0,696674,0,S,23200,8700,
000056.SZ,000056,20251209,93000100,0,697401,0,B,22400,4000,
000056.SZ,000056,20251209,93000110,0,702711,0,B,20600,200,
000056.SZ,000056,20251209,93000110,0,703994,0,S,23400,22900,
000056.SZ,000056,20251209,93000120,0,707089,0,S,24000,17500,
000056.SZ,000056,20251209,93000130,0,717407,0,B,23000,300,
000056.SZ,000056,20251209,93000130,0,717701,0,B,22700,20000,
000056.SZ,000056,20251209,93000140,0,719405,0,S,23500,2000,
000056.SZ,000056,20251209,93000140,0,722061,0,S,23000,800,
000056.SZ,000056,20251209,93000150,0,725876,0,S,23200,5000,
000056.SZ,000056,20251209,93000150,0,726077,0,B,22600,20000,
000056.SZ,000056,20251209,93000150,0,726443,0,B,22600,17000,
000056.SZ,000056,20251209,93000150,0,728593,0,S,23900,5000,
000056.SZ,000056,20251209,93000150,0,729513,0,B,22100,500,
000056.SZ,000056,20251209,93000160,0,730890,0,S,24600,5000,
000056.SZ,000056,20251209,93000160,0,730961,0,S,25200,200,
000056.SZ,000056,20251209,93000160,0,734072,0,S,23700,500,
000056.SZ,000056,20251209,93000170,0,736236,0,B,22500,700,
000056.SZ,000056,20251209,93000170,0,736814,0,B,21000,2400,
000056.SZ,000056,20251209,93000170,0,737385,0,S,22900,4000,
000056.SZ,000056,20251209,93000170,0,739520,0,S,23200,17600,
000056.SZ,000056,20251209,93000180,0,740920,0,S,23000,3000,
000056.SZ,000056,20251209,93000180,0,741870,0,S,23200,1000,
000056.SZ,000056,20251209,93000180,0,743960,0,S,24400,4300,
000056.SZ,000056,20251209,93000190,0,744946,0,S,23200,85800,
000056.SZ,000056,20251209,93000190,0,746518,0,S,23300,1000,
000056.SZ,000056,20251209,93000190,0,748273,0,S,23600,20700,
000056.SZ,000056,20251209,93000200,0,749218,0,S,23100,11700,
000056.SZ,000056,20251209,93000200,0,752093,0,B,22100,10000,
000056.SZ,000056,20251209,93000200,0,752660,0,S,23200,31900,
000056.SZ,000056,20251209,93000200,0,752924,0,B,22700,500,
000056.SZ,000056,20251209,93000210,0,754769,0,B,20700,200,
000056.SZ,000056,20251209,93000210,0,755247,0,B,22500,500,
000056.SZ,000056,20251209,93000220,0,758170,0,B,22600,4500,
000056.SZ,000056,20251209,93000220,0,758553,0,S,24200,1000,
000056.SZ,000056,20251209,93000220,0,759885,0,B,21800,4600,
000056.SZ,000056,20251209,93000220,0,760402,0,S,24100,600,
000056.SZ,000056,20251209,93000230,0,760951,0,B,22500,30000,
000056.SZ,000056,20251209,93000230,0,761088,0,S,24900,700,
000056.SZ,000056,20251209,93000250,0,769466,0,S,22900,600,
000056.SZ,000056,20251209,93000250,0,770552,0,B,22200,2000,
000056.SZ,000056,20251209,93000260,0,771439,0,S,23000,600,
000056.SZ,000056,20251209,93000260,0,773338,0,S,23300,10000,
000056.SZ,000056,20251209,93000260,0,774040,0,S,25200,8600,
000056.SZ,000056,20251209,93000270,0,778031,0,S,23300,10000,
000056.SZ,000056,20251209,93000280,0,779530,0,S,25100,15500,
000056.SZ,000056,20251209,93000280,0,780559,0,S,25000,10000,
000056.SZ,000056,20251209,93000280,0,780583,0,B,22900,500,
000056.SZ,000056,20251209,93000290,0,784031,0,B,22700,2000,
000056.SZ,000056,20251209,93000290,0,784479,0,B,22600,16900,
000056.SZ,000056,20251209,93000290,0,784518,0,B,22700,16900,
000056.SZ,000056,20251209,93000300,0,785416,0,B,22600,600,
000056.SZ,000056,20251209,93000300,0,786938,0,B,22500,17100,
000056.SZ,000056,20251209,93000330,0,796382,0,B,22900,100,
000056.SZ,000056,20251209,93000340,0,797599,0,S,23200,4200,
000056.SZ,000056,20251209,93000350,0,800217,0,S,22900,19200,
000056.SZ,000056,20251209,93000350,0,801185,0,S,25200,1400,
000056.SZ,000056,20251209,93000360,0,803126,0,B,22900,15000,
000056.SZ,000056,20251209,93000360,0,803184,0,B,22900,100,
000056.SZ,000056,20251209,93000360,0,803416,0,B,22900,100,
000056.SZ,000056,20251209,93000370,0,803578,0,B,22900,50500,
000056.SZ,000056,20251209,93000370,0,803874,0,B,22500,12000,
000056.SZ,000056,20251209,93000370,0,804193,0,S,25200,4100,
000056.SZ,000056,20251209,93000370,0,804668,0,S,24800,18000,
000056.SZ,000056,20251209,93000380,0,805951,0,B,22900,100,
000056.SZ,000056,20251209,93000380,0,806642,0,S,22900,100,
000056.SZ,000056,20251209,93000390,0,808492,0,S,23500,200,
000056.SZ,000056,20251209,93000390,0,809069,0,S,23900,20000,
000056.SZ,000056,20251209,93000400,0,809276,0,S,23100,60600,
000056.SZ,000056,20251209,93000410,0,811700,0,S,22900,10000,
000056.SZ,000056,20251209,93000410,0,811737,0,S,22900,200,
000056.SZ,000056,20251209,93000410,0,812276,0,B,22000,600,
000056.SZ,000056,20251209,93000410,0,812424,0,S,22900,100,
000056.SZ,000056,20251209,93000420,0,814408,0,B,22900,100,
000056.SZ,000056,20251209,93000440,0,816786,0,S,23000,1000,
000056.SZ,000056,20251209,93000440,0,816859,0,B,22900,100,
000056.SZ,000056,20251209,93000440,0,817250,0,S,23200,20000,
000056.SZ,000056,20251209,93000450,0,818900,0,S,22900,100,
000056.SZ,000056,20251209,93000450,0,818916,0,S,22900,200,
000056.SZ,000056,20251209,93000450,0,819878,0,S,24000,1000,
000056.SZ,000056,20251209,93000460,0,820558,0,S,22900,3400,
000056.SZ,000056,20251209,93000460,0,820755,0,S,22900,200,
000056.SZ,000056,20251209,93000460,0,821064,0,B,22000,2200,
000056.SZ,000056,20251209,93000460,0,821315,0,S,23300,2300,
000056.SZ,000056,20251209,93000460,0,821547,0,B,22400,2200,
000056.SZ,000056,20251209,93000470,0,822426,0,B,21500,4400,
000056.SZ,000056,20251209,93000470,0,822998,0,S,22900,100,
000056.SZ,000056,20251209,93000470,0,823695,0,S,23300,100000,
000056.SZ,000056,20251209,93000470,0,823909,0,S,25200,15000,
000056.SZ,000056,20251209,93000480,0,824168,0,B,22500,10700,
000056.SZ,000056,20251209,93000500,0,826738,0,B,22400,1000,
000056.SZ,000056,20251209,93000500,0,826753,0,S,22900,8200,
000056.SZ,000056,20251209,93000500,0,826766,0,B,22100,1000,
000056.SZ,000056,20251209,93000500,0,826864,0,S,25200,1600,
000056.SZ,000056,20251209,93000500,0,826914,0,S,22900,10600,
000056.SZ,000056,20251209,93000500,0,826916,0,S,22900,8000,
000056.SZ,000056,20251209,93000500,0,827231,0,S,23300,1700,
000056.SZ,000056,20251209,93000550,0,835898,0,S,23000,5000,
000056.SZ,000056,20251209,93000560,0,836599,0,S,23600,2500,
000056.SZ,000056,20251209,93000590,0,841478,0,S,23100,1000,
000056.SZ,000056,20251209,93000590,0,841883,0,S,23500,1000,
000056.SZ,000056,20251209,93000590,0,842618,0,B,22200,6200,
000056.SZ,000056,20251209,93000590,0,842886,0,B,22000,3000,
000056.SZ,000056,20251209,93000630,0,848910,0,S,23000,2000,
000056.SZ,000056,20251209,93000640,0,850775,0,B,22600,3000,
000056.SZ,000056,20251209,93000650,0,852125,0,B,22100,800,
000056.SZ,000056,20251209,93000650,0,852285,0,S,23200,36700,
000056.SZ,000056,20251209,93000660,0,853274,0,S,25000,400,
000056.SZ,000056,20251209,93000660,0,853467,0,S,23400,5000,
000056.SZ,000056,20251209,93000670,0,855997,0,S,22900,3500,
000056.SZ,000056,20251209,93000670,0,856045,0,S,23400,4800,
000056.SZ,000056,20251209,93000680,0,856578,0,S,22900,100,
000056.SZ,000056,20251209,93000680,0,856691,0,S,22900,4200,
000056.SZ,000056,20251209,93000680,0,856849,0,B,22900,8700,
000056.SZ,000056,20251209,93000700,0,860639,0,S,23000,3600,
000056.SZ,000056,20251209,93000720,0,864267,0,S,22900,3500,
000056.SZ,000056,20251209,93000730,0,864800,0,B,22800,4100,
000056.SZ,000056,20251209,93000730,0,865920,0,S,23300,20000,
000056.SZ,000056,20251209,93000730,0,866038,0,B,22700,4500,
000056.SZ,000056,20251209,93000740,0,866770,0,B,22800,82600,
000056.SZ,000056,20251209,93000740,0,867000,0,S,23400,14100,
000056.SZ,000056,20251209,93000740,0,867272,0,B,22100,3000,
000056.SZ,000056,20251209,93000740,0,867601,0,B,22900,100,
000056.SZ,000056,20251209,93000750,0,868588,0,S,25200,1000,
000056.SZ,000056,20251209,93000750,0,869230,0,S,23300,82400,
000056.SZ,000056,20251209,93000750,0,869842,0,B,22300,300,
000056.SZ,000056,20251209,93000780,0,873167,0,S,24000,2500,
000056.SZ,000056,20251209,93000780,0,873283,0,B,22500,1000,
000056.SZ,000056,20251209,93000790,0,874859,0,S,25200,20000,
000056.SZ,000056,20251209,93000790,0,875215,0,B,22200,2000,
000056.SZ,000056,20251209,93000820,0,879082,0,B,22500,3000,
000056.SZ,000056,20251209,93000820,0,879089,0,S,23300,1500,
000056.SZ,000056,20251209,93000820,0,879274,0,S,22900,100,
000056.SZ,000056,20251209,93000830,0,880152,0,S,22900,400,
000056.SZ,000056,20251209,93000830,0,880158,0,S,22900,100,
000056.SZ,000056,20251209,93000830,0,880160,0,S,22900,100,
000056.SZ,000056,20251209,93000830,0,880164,0,S,22900,200,
000056.SZ,000056,20251209,93000830,0,880178,0,S,23000,400,
000056.SZ,000056,20251209,93000830,0,880232,0,S,22900,900,
000056.SZ,000056,20251209,93000830,0,880642,0,S,23600,20000,
000056.SZ,000056,20251209,93000830,0,881104,0,S,23400,10000,
000056.SZ,000056,20251209,93000840,0,882226,0,S,23200,16500,
000056.SZ,000056,20251209,93000880,0,889099,0,S,23300,5000,
000056.SZ,000056,20251209,93000910,0,893076,0,S,24900,300,
000056.SZ,000056,20251209,93000910,0,893739,0,S,25200,10600,
000056.SZ,000056,20251209,93000920,0,895557,0,S,23800,3000,
000056.SZ,000056,20251209,93000930,0,895913,0,S,23200,1000,
000056.SZ,000056,20251209,93000950,0,899119,0,S,23000,100,
000056.SZ,000056,20251209,93000990,0,905884,0,B,22100,11600,
000056.SZ,000056,20251209,93001000,0,906702,0,S,23500,2000,
000056.SZ,000056,20251209,93001030,0,910616,0,B,22600,19200,
000056.SZ,000056,20251209,93001030,0,911092,0,S,24500,1700,
000056.SZ,000056,20251209,93001040,0,912143,0,S,23000,100,
000056.SZ,000056,20251209,93001040,0,912690,0,S,23000,100,
000056.SZ,000056,20251209,93001050,0,914540,0,B,22900,1500,
000056.SZ,000056,20251209,93001090,0,919788,0,S,23100,10000,
000056.SZ,000056,20251209,93001090,0,919835,0,S,23200,10000,
000056.SZ,000056,20251209,93001120,0,922500,0,S,23500,10000,
000056.SZ,000056,20251209,93001130,0,924392,0,S,23400,300,
000056.SZ,000056,20251209,93001160,0,927824,0,S,25000,1300,
000056.SZ,000056,20251209,93001170,0,928713,0,S,24000,2000,
000056.SZ,000056,20251209,93001170,0,929257,0,S,22900,7000,
000056.SZ,000056,20251209,93001200,0,931036,0,B,22800,1600,
000056.SZ,000056,20251209,93001200,0,931306,0,B,22900,2500,
000056.SZ,000056,20251209,93001240,0,935193,0,S,23000,1400,
000056.SZ,000056,20251209,93001240,0,935418,0,B,22800,6100,
000056.SZ,000056,20251209,93001240,0,935642,0,B,22800,10000,
000056.SZ,000056,20251209,93001250,0,936275,0,S,24800,2700,
000056.SZ,000056,20251209,93001260,0,936952,0,S,23000,1800,
000056.SZ,000056,20251209,93001260,0,937363,0,S,22900,8000,
000056.SZ,000056,20251209,93001310,0,941645,0,S,22900,300,
000056.SZ,000056,20251209,93001340,0,943043,0,S,24000,2000,
000056.SZ,000056,20251209,93001340,0,943401,0,S,23000,200,
000056.SZ,000056,20251209,93001370,0,946058,0,S,22900,400,
000056.SZ,000056,20251209,93001380,0,946646,0,S,23000,800,
000056.SZ,000056,20251209,93001410,0,948559,0,B,22900,1700,
000056.SZ,000056,20251209,93001410,0,948562,0,B,22900,3300,
000056.SZ,000056,20251209,93001410,0,948563,0,B,22900,3300,
000056.SZ,000056,20251209,93001430,0,950653,0,B,21000,4900,
000056.SZ,000056,20251209,93001430,0,951025,0,S,25200,800,
000056.SZ,000056,20251209,93001450,0,951840,0,S,23000,1000,
000056.SZ,000056,20251209,93001480,0,955089,0,S,24400,1000,
000056.SZ,000056,20251209,93001500,0,956290,0,B,23000,100,
000056.SZ,000056,20251209,93001500,0,956403,0,B,22500,11600,
000056.SZ,000056,20251209,93001520,0,957666,0,S,23200,5700,
000056.SZ,000056,20251209,93001560,0,961973,0,S,25100,1000,
000056.SZ,000056,20251209,93001590,0,963918,0,S,23200,22900,
000056.SZ,000056,20251209,93001590,0,964566,0,S,23500,1000,
000056.SZ,000056,20251209,93001620,0,967018,0,S,23000,2300,
000056.SZ,000056,20251209,93001710,0,976196,0,B,22200,1000,
000056.SZ,000056,20251209,93001740,0,978755,0,S,23200,150100,
000056.SZ,000056,20251209,93001760,0,980224,0,B,22900,800,
000056.SZ,000056,20251209,93001780,0,982112,0,B,22700,2000,
000056.SZ,000056,20251209,93001780,0,982604,0,S,24500,2000,
000056.SZ,000056,20251209,93001780,0,982632,0,S,25200,4000,
000056.SZ,000056,20251209,93001790,0,982843,0,S,23500,10000,
000056.SZ,000056,20251209,93001790,0,983550,0,S,22900,1600,
000056.SZ,000056,20251209,93001790,0,983694,0,B,22900,3300,
000056.SZ,000056,20251209,93001800,0,984161,0,S,23900,4700,
000056.SZ,000056,20251209,93001800,0,984253,0,S,22900,3600,
000056.SZ,000056,20251209,93001810,0,984885,0,B,22700,1000,
000056.SZ,000056,20251209,93001860,0,989382,0,B,22200,3000,
000056.SZ,000056,20251209,93001900,0,993325,0,B,22200,2800,
000056.SZ,000056,20251209,93001920,0,995471,0,B,20700,3000,
000056.SZ,000056,20251209,93001930,0,995683,0,S,25200,3700,
000056.SZ,000056,20251209,93001970,0,999996,0,S,25200,25000,
000056.SZ,000056,20251209,93001990,0,1001676,0,S,23000,2500,
000056.SZ,000056,20251209,93001990,0,1001681,0,S,23000,10700,
000056.SZ,000056,20251209,93001990,0,1001896,0,B,22700,26700,
000056.SZ,000056,20251209,93002010,0,1004577,0,S,23300,7900,
000056.SZ,000056,20251209,93002030,0,1007266,0,B,22400,5000,
000056.SZ,000056,20251209,93002070,0,1010244,0,S,23200,1100,
000056.SZ,000056,20251209,93002070,0,1010381,0,S,22900,6300,
000056.SZ,000056,20251209,93002090,0,1011724,0,S,22900,5600,
000056.SZ,000056,20251209,93002110,0,1012655,0,B,22300,7000,
000056.SZ,000056,20251209,93002110,0,1013070,0,S,23100,1000,
000056.SZ,000056,20251209,93002130,0,1014895,0,S,23200,11200,
000056.SZ,000056,20251209,93002150,0,1016461,0,S,22900,6600,
000056.SZ,000056,20251209,93002150,0,1016466,0,S,22900,400,
000056.SZ,000056,20251209,93002160,0,1016472,0,S,22900,400,
000056.SZ,000056,20251209,93002180,0,1018112,0,S,23400,5000,
000056.SZ,000056,20251209,93002250,0,1022412,0,S,23800,5000,
000056.SZ,000056,20251209,93002250,0,1022427,0,S,24200,5000,
000056.SZ,000056,20251209,93002270,0,1023302,0,S,25200,1000,
000056.SZ,000056,20251209,93002270,0,1023703,0,S,23200,15000,
000056.SZ,000056,20251209,93002390,0,1030140,0,S,22900,3000,
000056.SZ,000056,20251209,93002390,0,1030146,0,B,22000,1000,
000056.SZ,000056,20251209,93002400,0,1030498,0,B,22500,3100,
000056.SZ,000056,20251209,93002430,0,1032635,0,B,21800,500,
000056.SZ,000056,20251209,93002460,0,1034595,0,B,22500,2300,
000056.SZ,000056,20251209,93002470,0,1035109,0,B,22800,100,
000056.SZ,000056,20251209,93002540,0,1039067,0,S,23300,400,
000056.SZ,000056,20251209,93002590,0,1042861,0,S,24000,1000,
000056.SZ,000056,20251209,93002600,0,1043322,0,S,23000,1400,
000056.SZ,000056,20251209,93002610,0,1043995,0,S,23800,5000,
000056.SZ,000056,20251209,93002610,0,1044135,0,S,23200,300,
000056.SZ,000056,20251209,93002680,0,1049118,0,B,22500,6000,
000056.SZ,000056,20251209,93002680,0,1049229,0,B,22000,27100,
000056.SZ,000056,20251209,93002680,0,1049545,0,S,22900,300,
000056.SZ,000056,20251209,93002760,0,1053551,0,S,23400,5000,
000056.SZ,000056,20251209,93002790,0,1055511,0,S,23300,5000,
000056.SZ,000056,20251209,93002830,0,1057893,0,S,23100,15000,
000056.SZ,000056,20251209,93002830,0,1058093,0,S,23100,1000,
000056.SZ,000056,20251209,93002850,0,1059856,0,B,22400,20000,
000056.SZ,000056,20251209,93002880,0,1061762,0,S,23300,2500,
000056.SZ,000056,20251209,93002940,0,1064839,0,S,23000,100,
000056.SZ,000056,20251209,93002940,0,1065480,0,S,23000,200,
000056.SZ,000056,20251209,93002950,0,1066022,0,B,22900,2100,
000056.SZ,000056,20251209,93002950,0,1066409,0,S,23200,3000,
000056.SZ,000056,20251209,93002970,0,1067356,0,S,23000,100,
000056.SZ,000056,20251209,93003020,0,1070471,0,S,23500,6100,
000056.SZ,000056,20251209,93003020,0,1071551,0,S,23600,8600,
000056.SZ,000056,20251209,93003030,0,1071611,0,S,24600,5100,
000056.SZ,000056,20251209,93003060,0,1074459,0,S,23000,900,
000056.SZ,000056,20251209,93003110,0,1077191,0,S,23000,10000,
000056.SZ,000056,20251209,93003200,0,1082795,0,S,22900,100,
000056.SZ,000056,20251209,93003210,0,1083329,0,S,23700,1800,
000056.SZ,000056,20251209,93003220,0,1083526,0,S,22900,4300,
000056.SZ,000056,20251209,93003220,0,1083529,0,S,22900,4300,
000056.SZ,000056,20251209,93003310,0,1087957,0,S,22900,500,
000056.SZ,000056,20251209,93003320,0,1088049,0,B,22800,8700,
000056.SZ,000056,20251209,93003320,0,1088184,0,S,22800,500,
000056.SZ,000056,20251209,93003330,0,1088664,0,S,23200,10000,
000056.SZ,000056,20251209,93003330,0,1088689,0,B,22800,5600,
000056.SZ,000056,20251209,93003400,0,1091952,0,S,22800,800,
000056.SZ,000056,20251209,93003410,0,1092151,0,B,22800,7400,
000056.SZ,000056,20251209,93003410,0,1092439,0,B,22900,200,
000056.SZ,000056,20251209,93003430,0,1093120,0,S,22900,900,
000056.SZ,000056,20251209,93003430,0,1093214,0,B,22800,4500,
000056.SZ,000056,20251209,93003430,0,1093297,0,B,22800,2200,
000056.SZ,000056,20251209,93003430,0,1093566,0,S,22900,4100,
000056.SZ,000056,20251209,93003450,0,1094968,0,B,22300,600,
000056.SZ,000056,20251209,93003500,0,1097095,0,S,22900,100,
000056.SZ,000056,20251209,93003510,0,1097617,0,S,22900,400,
000056.SZ,000056,20251209,93003510,0,1097651,0,S,22900,100,
000056.SZ,000056,20251209,93003520,0,1097730,0,S,22900,200,
000056.SZ,000056,20251209,93003520,0,1097870,0,S,23700,5000,
000056.SZ,000056,20251209,93003560,0,1099558,0,S,23400,23300,
000056.SZ,000056,20251209,93003570,0,1100149,0,S,22900,800,
000056.SZ,000056,20251209,93003570,0,1100150,0,S,24500,300,
000056.SZ,000056,20251209,93003570,0,1100162,0,S,25200,500,
000056.SZ,000056,20251209,93003600,0,1102046,0,S,22900,3000,
000056.SZ,000056,20251209,93003610,0,1102219,0,S,23400,7700,
000056.SZ,000056,20251209,93003620,0,1103314,0,B,22600,5000,
000056.SZ,000056,20251209,93003630,0,1103658,0,S,23800,400,
000056.SZ,000056,20251209,93003670,0,1106987,0,S,23000,108800,
000056.SZ,000056,20251209,93003680,0,1107990,0,S,23300,500,
000056.SZ,000056,20251209,93003700,0,1109240,0,S,22800,5400,
000056.SZ,000056,20251209,93003710,0,1109718,0,S,22900,200,
000056.SZ,000056,20251209,93003750,0,1111686,0,S,22900,500,
000056.SZ,000056,20251209,93003750,0,1111719,0,S,22900,100,
000056.SZ,000056,20251209,93003750,0,1111760,0,S,22900,100,
000056.SZ,000056,20251209,93003760,0,1111931,0,S,24200,1000,
000056.SZ,000056,20251209,93003800,0,1114408,0,S,23200,100,
000056.SZ,000056,20251209,93003830,0,1115452,0,B,22800,900,
000056.SZ,000056,20251209,93003830,0,1115453,0,B,22800,3000,
000056.SZ,000056,20251209,93003830,0,1115456,0,B,22800,2200,
000056.SZ,000056,20251209,93003830,0,1115576,0,B,22500,100,
000056.SZ,000056,20251209,93003830,0,1115772,0,B,22800,1500,
000056.SZ,000056,20251209,93003830,0,1115789,0,S,22800,1300,
000056.SZ,000056,20251209,93003840,0,1115998,0,S,23200,2000,
000056.SZ,000056,20251209,93003930,0,1119819,0,S,23100,12700,
000056.SZ,000056,20251209,93003950,0,1121080,0,S,25000,10000,
000056.SZ,000056,20251209,93003980,0,1122818,0,B,22200,1000,
000056.SZ,000056,20251209,93004000,0,1124016,0,B,23400,1400,
000056.SZ,000056,20251209,93004020,0,1125543,0,S,23000,4000,
000056.SZ,000056,20251209,93004030,0,1126589,0,B,21800,2100,
000056.SZ,000056,20251209,93004140,0,1131656,0,S,23300,1700,
000056.SZ,000056,20251209,93004140,0,1131948,0,B,22500,1200,
000056.SZ,000056,20251209,93004160,0,1132549,0,B,23000,400,
000056.SZ,000056,20251209,93004190,0,1133630,0,S,24900,600,
000056.SZ,000056,20251209,93004330,0,1138080,0,S,22900,700,
000056.SZ,000056,20251209,93004350,0,1139068,0,S,22900,4300,
000056.SZ,000056,20251209,93004350,0,1139072,0,S,22900,4300,
000056.SZ,000056,20251209,93004390,0,1140824,0,B,23000,1900,
000056.SZ,000056,20251209,93004390,0,1141060,0,B,22900,100,
000056.SZ,000056,20251209,93004430,0,1143233,0,S,22800,300,
000056.SZ,000056,20251209,93004450,0,1144188,0,B,22600,4500,
000056.SZ,000056,20251209,93004510,0,1146401,0,S,23600,10000,
000056.SZ,000056,20251209,93004520,0,1146528,0,S,25100,20000,
000056.SZ,000056,20251209,93004530,0,1146752,0,S,22900,30000,
000056.SZ,000056,20251209,93004620,0,1149959,0,S,23200,16600,
000056.SZ,000056,20251209,93004640,0,1151829,0,S,25000,20000,
000056.SZ,000056,20251209,93004660,0,1153139,0,B,22900,300,
000056.SZ,000056,20251209,93004700,0,1155591,0,S,23300,2000,
000056.SZ,000056,20251209,93004700,0,1155632,0,B,22900,28500,
000056.SZ,000056,20251209,93004760,0,1157664,0,S,23300,200,
000056.SZ,000056,20251209,93004770,0,1157866,0,B,22900,700,
000056.SZ,000056,20251209,93004780,0,1158026,0,S,24900,10000,
000056.SZ,000056,20251209,93004780,0,1158042,0,S,24800,10000,
000056.SZ,000056,20251209,93004780,0,1158059,0,S,24700,10000,
000056.SZ,000056,20251209,93004840,0,1159876,0,B,22900,100,
000056.SZ,000056,20251209,93004880,0,1161492,0,B,22900,100,
000056.SZ,000056,20251209,93004930,0,1162961,0,S,23000,200,
000056.SZ,000056,20251209,93004930,0,1162962,0,S,23000,2400,
000056.SZ,000056,20251209,93004940,0,1163717,0,S,23100,2000,
000056.SZ,000056,20251209,93004990,0,1165801,0,S,23400,1000,
000056.SZ,000056,20251209,93005000,0,1166258,0,B,22800,6700,
000056.SZ,000056,20251209,93005000,0,1166652,0,S,24800,15000,
000056.SZ,000056,20251209,93005040,0,1169229,0,S,25200,20500,
000056.SZ,000056,20251209,93005060,0,1170714,0,B,22600,2000,
000056.SZ,000056,20251209,93005090,0,1171566,0,S,22900,3600,
000056.SZ,000056,20251209,93005180,0,1174462,0,S,24800,4000,
000056.SZ,000056,20251209,93005610,0,1184493,0,S,22900,3600,
000056.SZ,000056,20251209,93005620,0,1184827,0,S,24100,10000,
000056.SZ,000056,20251209,93005620,0,1184871,0,S,23300,10000,
000056.SZ,000056,20251209,93005640,0,1186055,0,S,25000,20000,
000056.SZ,000056,20251209,93005670,0,1186891,0,S,23800,8000,
000056.SZ,000056,20251209,93005940,0,1194488,0,B,22700,200,
000056.SZ,000056,20251209,93006040,0,1198680,0,S,24600,1000,
000056.SZ,000056,20251209,93006040,0,1199171,0,B,22200,500,
000056.SZ,000056,20251209,93006130,0,1202595,0,B,22800,1000,
000056.SZ,000056,20251209,93006140,0,1202629,0,B,22800,1000,
000056.SZ,000056,20251209,93006140,0,1202635,0,B,22800,100,
000056.SZ,000056,20251209,93006150,0,1203190,0,S,22900,400,
000056.SZ,000056,20251209,93006200,0,1205778,0,S,22900,100,
000056.SZ,000056,20251209,93006290,0,1208277,0,S,22900,100,
000056.SZ,000056,20251209,93006410,0,1210667,0,S,22800,4200,
000056.SZ,000056,20251209,93006620,0,1217141,0,B,23300,100,
000056.SZ,000056,20251209,93006770,0,1223007,0,S,22900,100,
000056.SZ,000056,20251209,93006860,0,1225547,0,B,22600,2000,
000056.SZ,000056,20251209,93006970,0,1228713,0,S,22900,200,
000056.SZ,000056,20251209,93007100,0,1233295,0,S,22900,1300,
000056.SZ,000056,20251209,93007140,0,1234122,0,S,22800,2100,
000056.SZ,000056,20251209,93007240,0,1235957,0,S,22900,100,
000056.SZ,000056,20251209,93007320,0,1237481,0,S,22900,1400,
000056.SZ,000056,20251209,93007350,0,1238385,0,S,22900,100,
000056.SZ,000056,20251209,93007360,0,1238565,0,S,22900,100,
000056.SZ,000056,20251209,93007390,0,1239831,0,S,22900,6500,
000056.SZ,000056,20251209,93007530,0,1243170,0,B,22800,200,
000056.SZ,000056,20251209,93007950,0,1253347,0,S,23800,500,
000056.SZ,000056,20251209,93008050,0,1256404,0,S,23700,5000,
000056.SZ,000056,20251209,93008290,0,1259723,0,S,22900,100,
000056.SZ,000056,20251209,93008290,0,1259744,0,S,22900,100,
000056.SZ,000056,20251209,93008330,0,1260118,0,S,23100,6200,
000056.SZ,000056,20251209,93008520,0,1263411,0,B,22600,200,
000056.SZ,000056,20251209,93008560,0,1263845,0,S,23100,1000,
000056.SZ,000056,20251209,93008580,0,1264161,0,S,23000,500,
000056.SZ,000056,20251209,93008970,0,1269938,0,B,22900,300,
000056.SZ,000056,20251209,93009050,0,1271817,0,B,23000,100,
000056.SZ,000056,20251209,93009170,0,1273654,0,B,22600,300,
000056.SZ,000056,20251209,93009340,0,1277679,0,B,22800,6100,
000056.SZ,000056,20251209,93009400,0,1280442,0,S,22800,4200,
000056.SZ,000056,20251209,93009550,0,1283309,0,S,22800,100,
000056.SZ,000056,20251209,93009680,0,1286555,0,S,22900,2000,
000056.SZ,000056,20251209,93009690,0,1286751,0,S,22900,100,
000056.SZ,000056,20251209,93009780,0,1289978,0,S,22900,100,
000056.SZ,000056,20251209,93009920,0,1291898,0,S,22900,3700,
000056.SZ,000056,20251209,93010310,0,1298639,0,S,25200,5800,
000056.SZ,000056,20251209,93010680,0,1306406,0,S,22900,100,
000056.SZ,000056,20251209,93011160,0,1312616,0,S,23200,23500,
000056.SZ,000056,20251209,93011830,0,1319871,0,B,22500,5000,
000056.SZ,000056,20251209,93011850,0,1320014,0,S,22900,45200,
000056.SZ,000056,20251209,93011860,0,1320045,0,S,23000,8400,
000056.SZ,000056,20251209,93012000,0,1321465,0,B,22800,1900,
000056.SZ,000056,20251209,93012010,0,1321542,0,B,22800,2100,
000056.SZ,000056,20251209,93012150,0,1323212,0,S,22800,197900,
000056.SZ,000056,20251209,93012150,0,1323420,0,S,22800,13000,
000056.SZ,000056,20251209,93012150,0,1323421,0,S,22800,2700,
000056.SZ,000056,20251209,93012150,0,1323422,0,S,22800,4300,
000056.SZ,000056,20251209,93012160,0,1323424,0,S,22800,2600,
000056.SZ,000056,20251209,93012160,0,1323425,0,S,22800,1600,
000056.SZ,000056,20251209,93012160,0,1323427,0,S,22800,3000,
000056.SZ,000056,20251209,93012160,0,1323429,0,S,22800,3200,
000056.SZ,000056,20251209,93012160,0,1323432,0,S,22800,12600,
000056.SZ,000056,20251209,93012160,0,1323433,0,S,22800,13000,
000056.SZ,000056,20251209,93012160,0,1323447,0,S,22800,16600,
000056.SZ,000056,20251209,93012180,0,1324066,0,S,22800,19700,
000056.SZ,000056,20251209,93012300,0,1327120,0,S,22800,4200,
000056.SZ,000056,20251209,93012490,0,1330216,0,S,22800,400,
000056.SZ,000056,20251209,93012590,0,1332594,0,B,22800,100,
000056.SZ,000056,20251209,93012610,0,1332842,0,S,23400,1300,
000056.SZ,000056,20251209,93012700,0,1334638,0,S,22800,100,
000056.SZ,000056,20251209,93012750,0,1335332,0,S,22900,9000,
000056.SZ,000056,20251209,93012940,0,1338704,0,S,22900,3900,
000056.SZ,000056,20251209,93013300,0,1345849,0,S,23200,12700,
000056.SZ,000056,20251209,93013460,0,1348141,0,S,22800,300,
000056.SZ,000056,20251209,93013550,0,1350118,0,B,22800,200,
000056.SZ,000056,20251209,93013920,0,1355382,0,S,22900,2500,
000056.SZ,000056,20251209,93013930,0,1355466,0,S,22900,800,
000056.SZ,000056,20251209,93014500,0,1362749,0,S,22900,3900,
000056.SZ,000056,20251209,93015150,0,1370861,0,S,22800,100,
000056.SZ,000056,20251209,93015160,0,1371193,0,S,22800,100,
000056.SZ,000056,20251209,93015180,0,1372314,0,B,22700,6100,
000056.SZ,000056,20251209,93015190,0,1372936,0,B,22700,2300,
000056.SZ,000056,20251209,93015200,0,1372985,0,B,22700,100,
000056.SZ,000056,20251209,93015210,0,1373195,0,B,22700,400,
000056.SZ,000056,20251209,93015210,0,1373197,0,B,22700,3400,
000056.SZ,000056,20251209,93015230,0,1373791,0,B,22700,900,
000056.SZ,000056,20251209,93015240,0,1373931,0,S,22800,300,
000056.SZ,000056,20251209,93015270,0,1374603,0,S,22900,400,
000056.SZ,000056,20251209,93015320,0,1375402,0,S,22800,4200,
000056.SZ,000056,20251209,93015600,0,1382551,0,S,22800,2200,
000056.SZ,000056,20251209,93015630,0,1383736,0,S,22800,15300,
000056.SZ,000056,20251209,93015810,0,1389092,0,B,22700,100,
000056.SZ,000056,20251209,93015850,0,1389715,0,S,22800,2400,
000056.SZ,000056,20251209,93016200,0,1395043,0,B,22700,3100,
000056.SZ,000056,20251209,93016250,0,1395766,0,S,22800,600,
000056.SZ,000056,20251209,93016260,0,1395926,0,B,22700,100,
000056.SZ,000056,20251209,93016340,0,1398783,0,S,21800,600,
000056.SZ,000056,20251209,93016360,0,1399175,0,S,22800,200,
000056.SZ,000056,20251209,93016600,0,1404272,0,S,22800,1400,
000056.SZ,000056,20251209,93016770,0,1407242,0,S,22800,400,
000056.SZ,000056,20251209,93017040,0,1410530,0,S,22800,100,
000056.SZ,000056,20251209,93017090,0,1411190,0,S,22900,500,
000056.SZ,000056,20251209,93017430,0,1415668,0,B,22700,100,
000056.SZ,000056,20251209,93017690,0,1418642,0,S,22900,5000,
000056.SZ,000056,20251209,93017860,0,1420575,0,B,22900,1500,
000056.SZ,000056,20251209,93018280,0,1426268,0,S,22800,100,
000056.SZ,000056,20251209,93018490,0,1432724,0,S,22800,4300,
000056.SZ,000056,20251209,93019260,0,1445468,0,S,22800,400,
000056.SZ,000056,20251209,93019380,0,1448589,0,S,22700,1000,
000056.SZ,000056,20251209,93019470,0,1450067,0,S,22800,4300,
000056.SZ,000056,20251209,93019480,0,1450337,0,S,22800,4300,
000056.SZ,000056,20251209,93019570,0,1452087,0,B,22600,800,
000056.SZ,000056,20251209,93019660,0,1453762,0,S,22900,4300,
000056.SZ,000056,20251209,93019890,0,1456882,0,S,22700,100,
000056.SZ,000056,20251209,93019940,0,1457491,0,S,22800,6800,
000056.SZ,000056,20251209,93020160,0,1460230,0,B,22700,100,
000056.SZ,000056,20251209,93020320,0,1462137,0,S,22800,1900,
000056.SZ,000056,20251209,93021700,0,1484372,0,B,23200,100,
000056.SZ,000056,20251209,93023070,0,1505114,0,S,22800,1400,
000056.SZ,000056,20251209,93023920,0,1513946,0,S,22800,1400,
000056.SZ,000056,20251209,93024190,0,1517365,0,B,22800,200,
000056.SZ,000056,20251209,93024220,0,1518074,0,S,22800,100,
000056.SZ,000056,20251209,93024270,0,1518727,0,S,22800,900,
000056.SZ,000056,20251209,93024400,0,1521282,0,S,22800,1000,
000056.SZ,000056,20251209,93024920,0,1530608,0,S,22800,1800,
000056.SZ,000056,20251209,93024930,0,1530768,0,S,22800,2500,
000056.SZ,000056,20251209,93024930,0,1530796,0,S,22800,800,
000056.SZ,000056,20251209,93025340,0,1538023,0,B,22700,2800,
000056.SZ,000056,20251209,93025340,0,1538054,0,B,22700,3000,
000056.SZ,000056,20251209,93025340,0,1538059,0,B,22700,100,
000056.SZ,000056,20251209,93025350,0,1538182,0,B,22700,2700,
000056.SZ,000056,20251209,93025370,0,1538428,0,B,22500,600,
000056.SZ,000056,20251209,93025370,0,1538429,0,B,22500,500,
000056.SZ,000056,20251209,93025420,0,1539040,0,B,22700,4000,
000056.SZ,000056,20251209,93025470,0,1540044,0,B,22900,100,
000056.SZ,000056,20251209,93026520,0,1552982,0,S,23400,2500,
000056.SZ,000056,20251209,93027560,0,1568462,0,S,23000,2400,
000056.SZ,000056,20251209,93027730,0,1571083,0,S,22700,6600,
000056.SZ,000056,20251209,93027770,0,1571977,0,B,22700,300,
000056.SZ,000056,20251209,93027930,0,1573900,0,B,22700,3300,
000056.SZ,000056,20251209,93028530,0,1584494,0,S,22800,5100,
000056.SZ,000056,20251209,93029500,0,1597527,0,S,23000,8700,
000056.SZ,000056,20251209,93029710,0,1600301,0,B,22000,300,
000056.SZ,000056,20251209,93030160,0,1605841,0,S,22800,100,
000056.SZ,000056,20251209,93030170,0,1606048,0,S,22700,100,
000056.SZ,000056,20251209,93030320,0,1609538,0,B,22700,3700,
000056.SZ,000056,20251209,93030360,0,1610223,0,B,22600,200,
000056.SZ,000056,20251209,93030390,0,1610568,0,B,22700,5700,
000056.SZ,000056,20251209,93030390,0,1610651,0,B,22700,3000,
000056.SZ,000056,20251209,93030430,0,1611279,0,B,22700,100,
000056.SZ,000056,20251209,93030430,0,1611284,0,B,22700,100,
000056.SZ,000056,20251209,93030440,0,1611290,0,B,22700,100,
000056.SZ,000056,20251209,93030440,0,1611325,0,B,22700,100,
000056.SZ,000056,20251209,93030470,0,1611786,0,B,22700,200,
000056.SZ,000056,20251209,93030490,0,1613043,0,B,22700,1600,
000056.SZ,000056,20251209,93030560,0,1614794,0,B,22700,2200,
000056.SZ,000056,20251209,93030570,0,1615195,0,B,22700,6700,
000056.SZ,000056,20251209,93030600,0,1616232,0,B,22700,6300,
000056.SZ,000056,20251209,93030650,0,1617099,0,B,22700,4100,
000056.SZ,000056,20251209,93030690,0,1618017,0,B,22700,2900,
000056.SZ,000056,20251209,93030970,0,1622528,0,B,22700,100,
000056.SZ,000056,20251209,93030970,0,1622530,0,B,22700,100,
000056.SZ,000056,20251209,93030980,0,1622652,0,B,22700,100,
000056.SZ,000056,20251209,93032090,0,1639353,0,B,22600,1500,
000056.SZ,000056,20251209,93033090,0,1650428,0,S,22700,2000,
000056.SZ,000056,20251209,93033160,0,1651293,0,B,22700,2200,
000056.SZ,000056,20251209,93033160,0,1651395,0,B,22500,300,
000056.SZ,000056,20251209,93033920,0,1666368,0,S,22800,4300,
000056.SZ,000056,20251209,93034310,0,1671698,0,B,22600,2000,
000056.SZ,000056,20251209,93035130,0,1684993,0,B,22700,300,
000056.SZ,000056,20251209,93035480,0,1690136,0,S,22900,22300,
000056.SZ,000056,20251209,93035730,0,1693504,0,S,22900,14100,
000056.SZ,000056,20251209,93035970,0,1696535,0,B,22400,50000,
000056.SZ,000056,20251209,93036050,0,1697685,0,S,22800,3900,
000056.SZ,000056,20251209,93036160,0,1699979,0,B,22700,1000,
000056.SZ,000056,20251209,93036300,0,1703789,0,S,23500,1400,
000056.SZ,000056,20251209,93036400,0,1705273,0,S,22800,400,
000056.SZ,000056,20251209,93036470,0,1707049,0,B,22800,53900,
000056.SZ,000056,20251209,93036800,0,1712945,0,S,25200,5700,
000056.SZ,000056,20251209,93036870,0,1714552,0,B,23200,100,
000056.SZ,000056,20251209,93036920,0,1715436,0,S,22800,4200,
000056.SZ,000056,20251209,93036920,0,1715475,0,B,22600,12600,
000056.SZ,000056,20251209,93037260,0,1721967,0,B,22700,100,
000056.SZ,000056,20251209,93037440,0,1726255,0,B,22500,7000,
000056.SZ,000056,20251209,93037740,0,1731087,0,S,22800,5000,
000056.SZ,000056,20251209,93037970,0,1733891,0,B,22700,100,
000056.SZ,000056,20251209,93038840,0,1745071,0,B,22100,3700,
000056.SZ,000056,20251209,93038930,0,1747098,0,B,22600,3600,
000056.SZ,000056,20251209,93039110,0,1750602,0,S,22900,35000,
000056.SZ,000056,20251209,93039400,0,1757424,0,B,22700,16200,
000056.SZ,000056,20251209,93039480,0,1758750,0,B,22700,33500,
000056.SZ,000056,20251209,93039480,0,1758768,0,B,22700,100,
000056.SZ,000056,20251209,93041140,0,1787965,0,B,22400,7200,
000056.SZ,000056,20251209,93041420,0,1791895,0,S,22800,500,
000056.SZ,000056,20251209,93041640,0,1795303,0,B,22700,200,
000056.SZ,000056,20251209,93042540,0,1812963,0,B,22600,800,
000056.SZ,000056,20251209,93042860,0,1818807,0,B,22700,2500,
000056.SZ,000056,20251209,93043080,0,1822463,0,B,22700,100,
000056.SZ,000056,20251209,93043880,0,1837447,0,B,22800,200,
000056.SZ,000056,20251209,93044290,0,1843671,0,B,22400,1000,
000056.SZ,000056,20251209,93045050,0,1856060,0,B,22700,200,
000056.SZ,000056,20251209,93045440,0,1863562,0,B,22800,100,
000056.SZ,000056,20251209,93045470,0,1864092,0,S,22800,4400,
000056.SZ,000056,20251209,93045930,0,1872226,0,B,22800,100,
000056.SZ,000056,20251209,93046090,0,1874525,0,B,22700,1300,
000056.SZ,000056,20251209,93046530,0,1881586,0,S,23200,20000,
000056.SZ,000056,20251209,93047160,0,1890426,0,S,22900,14000,
000056.SZ,000056,20251209,93047360,0,1892861,0,S,23500,400,
000056.SZ,000056,20251209,93047710,0,1896896,0,B,22600,500,
000056.SZ,000056,20251209,93047770,0,1897705,0,S,22800,2500,
000056.SZ,000056,20251209,93048270,0,1904157,0,B,22600,3000,
000056.SZ,000056,20251209,93048530,0,1908542,0,B,22800,100,
000056.SZ,000056,20251209,93048580,0,1909647,0,B,22500,2000,
000056.SZ,000056,20251209,93048890,0,1914810,0,B,22500,900,
000056.SZ,000056,20251209,93049080,0,1917804,0,S,23200,10000,
000056.SZ,000056,20251209,93049100,0,1917914,0,B,22600,200,
000056.SZ,000056,20251209,93049200,0,1919640,0,B,22700,300,
000056.SZ,000056,20251209,93049240,0,1920241,0,B,22700,400,
000056.SZ,000056,20251209,93049870,0,1929138,0,S,25200,6600,
000056.SZ,000056,20251209,93050170,0,1932863,0,B,22700,1800,
000056.SZ,000056,20251209,93050810,0,1941412,0,S,25200,5200,
000056.SZ,000056,20251209,93051070,0,1944576,0,B,22800,8000,
000056.SZ,000056,20251209,93051160,0,1945585,0,B,22700,500,
000056.SZ,000056,20251209,93051190,0,1946018,0,S,25200,4900,
000056.SZ,000056,20251209,93051260,0,1947031,0,B,22800,800,
000056.SZ,000056,20251209,93051370,0,1948371,0,B,22800,100,
000056.SZ,000056,20251209,93051540,0,1950773,0,B,22800,100,
000056.SZ,000056,20251209,93051770,0,1954095,0,S,25200,7600,
000056.SZ,000056,20251209,93051980,0,1957071,0,S,25200,2200,
000056.SZ,000056,20251209,93052030,0,1957738,0,B,22900,1300,
000056.SZ,000056,20251209,93052040,0,1957836,0,B,23200,100,
000056.SZ,000056,20251209,93052160,0,1959383,0,S,25200,5300,
000056.SZ,000056,20251209,93052240,0,1960513,0,S,25200,10000,
000056.SZ,000056,20251209,93052390,0,1962819,0,S,22700,6400,
000056.SZ,000056,20251209,93052420,0,1963152,0,S,25200,5800,
000056.SZ,000056,20251209,93052740,0,1967988,0,S,23000,30000,
000056.SZ,000056,20251209,93052910,0,1970045,0,B,22700,1400,
000056.SZ,000056,20251209,93052920,0,1970182,0,B,22700,1000,
000056.SZ,000056,20251209,93052960,0,1970780,0,B,22700,1100,
000056.SZ,000056,20251209,93053020,0,1971693,0,S,22700,6500,
000056.SZ,000056,20251209,93053910,0,1982896,0,S,25200,4800,
000056.SZ,000056,20251209,93054290,0,1988367,0,S,25200,14100,
000056.SZ,000056,20251209,93054580,0,1992605,0,B,22800,100,
000056.SZ,000056,20251209,93054780,0,1995260,0,S,25200,6700,
000056.SZ,000056,20251209,93054840,0,1996196,0,S,25200,15400,
000056.SZ,000056,20251209,93054850,0,1996342,0,S,25200,7400,
000056.SZ,000056,20251209,93054990,0,1998042,0,S,25200,5100,
000056.SZ,000056,20251209,93055120,0,1999822,0,B,22600,1000,
000056.SZ,000056,20251209,93055340,0,2002874,0,B,22400,1600,
000056.SZ,000056,20251209,93056350,0,2016350,0,B,22700,2300,
000056.SZ,000056,20251209,93056360,0,2016511,0,S,22800,69100,
000056.SZ,000056,20251209,93056370,0,2016629,0,B,22700,2700,
000056.SZ,000056,20251209,93056380,0,2016793,0,B,22700,1900,
000056.SZ,000056,20251209,93057320,0,2028147,0,B,22700,100,
000056.SZ,000056,20251209,93057400,0,2029180,0,S,23000,10000,
000056.SZ,000056,20251209,93057670,0,2032886,0,B,22800,100,
000056.SZ,000056,20251209,93058580,0,2045075,0,B,22700,200,
000056.SZ,000056,20251209,93058870,0,2048804,0,S,24100,1300,
000056.SZ,000056,20251209,93059310,0,2053786,0,S,24500,400,
000056.SZ,000056,20251209,93100140,0,2064246,0,B,22900,100,
000056.SZ,000056,20251209,93100410,0,2069937,0,S,23200,6600,
000056.SZ,000056,20251209,93100540,0,2072375,0,S,22800,100,
000056.SZ,000056,20251209,93100720,0,2076164,0,B,22800,100,
000056.SZ,000056,20251209,93100790,0,2077738,0,B,23000,1600,
000056.SZ,000056,20251209,93100850,0,2079126,0,B,23000,2500,
000056.SZ,000056,20251209,93100890,0,2079796,0,B,23000,2700,
000056.SZ,000056,20251209,93100900,0,2080579,0,B,23000,1100,
000056.SZ,000056,20251209,93100900,0,2080596,0,B,23000,1200,
000056.SZ,000056,20251209,93100930,0,2081382,0,B,22600,52200,
000056.SZ,000056,20251209,93101070,0,2083978,0,S,22500,2200,
000056.SZ,000056,20251209,93101100,0,2084587,0,B,22800,500,
000056.SZ,000056,20251209,93101180,0,2085931,0,S,22800,4300,
000056.SZ,000056,20251209,93101200,0,2086248,0,B,22800,1600,
000056.SZ,000056,20251209,93101200,0,2086252,0,B,22800,3000,
000056.SZ,000056,20251209,93101200,0,2086255,0,B,22800,6300,
000056.SZ,000056,20251209,93101200,0,2086261,0,B,22800,6700,
000056.SZ,000056,20251209,93101200,0,2086281,0,B,22800,5700,
000056.SZ,000056,20251209,93101200,0,2086292,0,B,22800,4100,
000056.SZ,000056,20251209,93101440,0,2092279,0,B,22500,10000,
000056.SZ,000056,20251209,93101660,0,2096352,0,B,21600,100,
000056.SZ,000056,20251209,93102200,0,2104476,0,B,22700,200,
000056.SZ,000056,20251209,93103100,0,2116934,0,S,23000,2300,
000056.SZ,000056,20251209,93103510,0,2124393,0,B,22800,8700,
000056.SZ,000056,20251209,93103510,0,2124398,0,B,22800,100,
000056.SZ,000056,20251209,93103570,0,2125633,0,B,22800,28500,
000056.SZ,000056,20251209,93103610,0,2126364,0,B,22800,600,
000056.SZ,000056,20251209,93103740,0,2128561,0,S,22800,100,
000056.SZ,000056,20251209,93103770,0,2129067,0,B,22800,100,
000056.SZ,000056,20251209,93104120,0,2134805,0,B,22800,200,
000056.SZ,000056,20251209,93104600,0,2143927,0,B,22700,900,
000056.SZ,000056,20251209,93105880,0,2161842,0,S,22800,6200,
000056.SZ,000056,20251209,93105910,0,2162105,0,B,22800,100,
000056.SZ,000056,20251209,93105980,0,2163312,0,S,22800,56500,
000056.SZ,000056,20251209,93106190,0,2166416,0,B,22700,100,
000056.SZ,000056,20251209,93106400,0,2171006,0,B,22700,100,
000056.SZ,000056,20251209,93106870,0,2179594,0,B,22800,100,
000056.SZ,000056,20251209,93107220,0,2185485,0,B,23200,100,
000056.SZ,000056,20251209,93107340,0,2188389,0,B,22700,1600,
000056.SZ,000056,20251209,93109160,0,2213497,0,B,22700,100,
000056.SZ,000056,20251209,93109300,0,2215539,0,B,22700,100,
000056.SZ,000056,20251209,93109300,0,2215542,0,B,22700,1600,
000056.SZ,000056,20251209,93109600,0,2220835,0,B,22700,100,
000056.SZ,000056,20251209,93109840,0,2224853,0,S,24400,1000,
000056.SZ,000056,20251209,93109870,0,2225163,0,B,22800,100,
000056.SZ,000056,20251209,93110170,0,2229412,0,S,24000,10800,
000056.SZ,000056,20251209,93111060,0,2242346,0,S,22800,300,
000056.SZ,000056,20251209,93112170,0,2255561,0,S,22800,100,
000056.SZ,000056,20251209,93112360,0,2258569,0,S,23100,82400,
000056.SZ,000056,20251209,93112630,0,2263119,0,B,22700,100,
000056.SZ,000056,20251209,93112770,0,2264991,0,B,22700,3600,
000056.SZ,000056,20251209,93112870,0,2266242,0,B,22800,100,
000056.SZ,000056,20251209,93114430,0,2287915,0,S,22700,100,
000056.SZ,000056,20251209,93114450,0,2288130,0,S,22800,800,
000056.SZ,000056,20251209,93115190,0,2296783,0,B,22700,100,
000056.SZ,000056,20251209,93115200,0,2296949,0,B,22700,7500,
000056.SZ,000056,20251209,93115860,0,2305950,0,S,24000,4000,
000056.SZ,000056,20251209,93116000,0,2307682,0,B,22800,100,
000056.SZ,000056,20251209,93116030,0,2308034,0,B,21900,10000,
000056.SZ,000056,20251209,93116050,0,2308323,0,S,25200,100,
000056.SZ,000056,20251209,93116670,0,2316665,0,S,22900,18000,
000056.SZ,000056,20251209,93117520,0,2326229,0,B,22700,200,
000056.SZ,000056,20251209,93117530,0,2326384,0,S,22800,100,
000056.SZ,000056,20251209,93118260,0,2335091,0,S,22800,9600,
000056.SZ,000056,20251209,93118580,0,2339703,0,B,21000,4000,
000056.SZ,000056,20251209,93119020,0,2345245,0,B,22800,100,
000056.SZ,000056,20251209,93119030,0,2345418,0,B,22700,100,
000056.SZ,000056,20251209,93120460,0,2362368,0,B,22500,2100,
000056.SZ,000056,20251209,93120470,0,2362498,0,S,22800,100,
000056.SZ,000056,20251209,93120510,0,2362872,0,B,22700,100,
000056.SZ,000056,20251209,93120890,0,2367035,0,S,22700,9800,
000056.SZ,000056,20251209,93121250,0,2371528,0,S,22700,500,
000056.SZ,000056,20251209,93122130,0,2382957,0,B,22300,200,
000056.SZ,000056,20251209,93122300,0,2385411,0,S,23200,12600,
000056.SZ,000056,20251209,93122390,0,2386664,0,B,23200,100,
000056.SZ,000056,20251209,93122440,0,2387561,0,S,23000,300,
000056.SZ,000056,20251209,93122600,0,2389422,0,S,23100,8700,
000056.SZ,000056,20251209,93123340,0,2397701,0,S,22800,100,
000056.SZ,000056,20251209,93123360,0,2397896,0,B,22700,300,
000056.SZ,000056,20251209,93123910,0,2403539,0,S,22700,75400,
000056.SZ,000056,20251209,93123920,0,2403634,0,S,22800,10000,
000056.SZ,000056,20251209,93124020,0,2404627,0,S,23000,800,
000056.SZ,000056,20251209,93124150,0,2406391,0,S,22800,1300,
000056.SZ,000056,20251209,93124450,0,2410792,0,S,25200,100,
000056.SZ,000056,20251209,93124850,0,2415415,0,S,23100,50700,
000056.SZ,000056,20251209,93125590,0,2424751,0,B,22400,1000,
000056.SZ,000056,20251209,93126570,0,2436313,0,S,23000,30000,
000056.SZ,000056,20251209,93126610,0,2436934,0,S,25200,7000,
000056.SZ,000056,20251209,93126700,0,2437778,0,B,22700,10000,
000056.SZ,000056,20251209,93127950,0,2454363,0,S,23000,4300,
000056.SZ,000056,20251209,93128380,0,2459927,0,B,22700,100,
000056.SZ,000056,20251209,93128530,0,2461843,0,B,23000,1800,
000056.SZ,000056,20251209,93128830,0,2465608,0,B,22800,1200,
000056.SZ,000056,20251209,93129720,0,2475210,0,B,22700,26700,
000056.SZ,000056,20251209,93129970,0,2477538,0,S,25200,600,
000056.SZ,000056,20251209,93130500,0,2484821,0,S,23200,4000,
000056.SZ,000056,20251209,93130610,0,2486426,0,B,22600,200,
000056.SZ,000056,20251209,93130670,0,2487148,0,S,22000,4900,
000056.SZ,000056,20251209,93131050,0,2491780,0,S,22700,600,
000056.SZ,000056,20251209,93131270,0,2494364,0,B,22800,28000,
000056.SZ,000056,20251209,93132100,0,2504382,0,S,23000,5000,
000056.SZ,000056,20251209,93132150,0,2504733,0,B,22700,2300,
000056.SZ,000056,20251209,93132390,0,2507716,0,B,22700,200,
000056.SZ,000056,20251209,93132700,0,2510805,0,B,22700,1000,
000056.SZ,000056,20251209,93132880,0,2512545,0,B,22700,500,
000056.SZ,000056,20251209,93133150,0,2515923,0,B,22700,100,
000056.SZ,000056,20251209,93133160,0,2515964,0,B,22700,900,
000056.SZ,000056,20251209,93133900,0,2526022,0,B,22700,900,
000056.SZ,000056,20251209,93133900,0,2526029,0,B,22700,200,
000056.SZ,000056,20251209,93133900,0,2526038,0,B,22700,900,
000056.SZ,000056,20251209,93133900,0,2526104,0,B,22700,900,
000056.SZ,000056,20251209,93133970,0,2526739,0,B,22800,1600,
000056.SZ,000056,20251209,93134410,0,2532835,0,B,22700,2100,
000056.SZ,000056,20251209,93134420,0,2533019,0,B,22700,100,
000056.SZ,000056,20251209,93134420,0,2533020,0,B,22700,200,
000056.SZ,000056,20251209,93134470,0,2533706,0,B,22800,9200,
000056.SZ,000056,20251209,93134480,0,2533886,0,B,22700,100,
000056.SZ,000056,20251209,93134500,0,2534166,0,B,22800,500,
000056.SZ,000056,20251209,93134540,0,2534714,0,B,22800,100,
000056.SZ,000056,20251209,93134550,0,2534858,0,B,22800,1500,
000056.SZ,000056,20251209,93134550,0,2534866,0,B,22800,1200,
000056.SZ,000056,20251209,93134550,0,2534868,0,B,22800,2400,
000056.SZ,000056,20251209,93134550,0,2534870,0,B,22800,2400,
000056.SZ,000056,20251209,93134550,0,2534877,0,B,22800,1400,
000056.SZ,000056,20251209,93134560,0,2534911,0,B,22800,2900,
000056.SZ,000056,20251209,93134560,0,2535017,0,B,22800,200,
000056.SZ,000056,20251209,93134560,0,2535026,0,B,22800,2800,
000056.SZ,000056,20251209,93134560,0,2535031,0,S,22900,20300,
000056.SZ,000056,20251209,93134570,0,2535053,0,S,22900,10000,
000056.SZ,000056,20251209,93134570,0,2535146,0,S,22800,100,
000056.SZ,000056,20251209,93134570,0,2535148,0,S,22800,100,
000056.SZ,000056,20251209,93134570,0,2535152,0,S,22800,100,
000056.SZ,000056,20251209,93134600,0,2535558,0,B,22800,12000,
000056.SZ,000056,20251209,93134840,0,2538105,0,B,22700,10400,
000056.SZ,000056,20251209,93134870,0,2538447,0,B,22800,100,
000056.SZ,000056,20251209,93134880,0,2538541,0,B,22800,2300,
000056.SZ,000056,20251209,93134880,0,2538553,0,B,22800,900,
000056.SZ,000056,20251209,93134880,0,2538581,0,B,22800,400,
000056.SZ,000056,20251209,93134890,0,2538662,0,B,22800,100,
000056.SZ,000056,20251209,93135850,0,2549819,0,B,22500,12000,
000056.SZ,000056,20251209,93135860,0,2549971,0,B,22800,100,
000056.SZ,000056,20251209,93135860,0,2549975,0,S,22900,400,
000056.SZ,000056,20251209,93135860,0,2549991,0,B,22800,100,
000056.SZ,000056,20251209,93136020,0,2551471,0,B,22500,2000,
000056.SZ,000056,20251209,93136080,0,2552186,0,B,20600,500,
000056.SZ,000056,20251209,93136440,0,2557378,0,S,25200,8400,
000056.SZ,000056,20251209,93136740,0,2562023,0,B,22700,6200,
000056.SZ,000056,20251209,93136760,0,2562267,0,S,22800,4200,
000056.SZ,000056,20251209,93136770,0,2562367,0,B,22800,15000,
000056.SZ,000056,20251209,93136920,0,2564424,0,S,22900,100,
000056.SZ,000056,20251209,93136930,0,2564556,0,S,22900,200,
000056.SZ,000056,20251209,93136950,0,2564729,0,S,22900,3900,
000056.SZ,000056,20251209,93136980,0,2565046,0,S,22900,100,
000056.SZ,000056,20251209,93137080,0,2566397,0,S,22900,900,
000056.SZ,000056,20251209,93137090,0,2566600,0,S,22900,100,
000056.SZ,000056,20251209,93137120,0,2566872,0,S,22900,200,
000056.SZ,000056,20251209,93137120,0,2566877,0,S,22900,2400,
000056.SZ,000056,20251209,93137240,0,2568767,0,B,23000,2100,
000056.SZ,000056,20251209,93137260,0,2569087,0,S,22900,1800,
000056.SZ,000056,20251209,93137290,0,2569576,0,B,22800,100,
000056.SZ,000056,20251209,93137460,0,2571934,0,S,22900,100,
000056.SZ,000056,20251209,93137460,0,2571935,0,S,22900,100,
000056.SZ,000056,20251209,93137460,0,2571979,0,B,22400,1000,
000056.SZ,000056,20251209,93137470,0,2572046,0,S,22900,100,
000056.SZ,000056,20251209,93137570,0,2573518,0,B,23300,100,
000056.SZ,000056,20251209,93137780,0,2576186,0,S,22800,200,
000056.SZ,000056,20251209,93138130,0,2580110,0,S,22900,35000,
000056.SZ,000056,20251209,93139520,0,2596199,0,S,22800,4200,
000056.SZ,000056,20251209,93140200,0,2604913,0,B,23000,600,
000056.SZ,000056,20251209,93140220,0,2605167,0,S,22900,100,
000056.SZ,000056,20251209,93140250,0,2605658,0,S,22900,1900,
000056.SZ,000056,20251209,93140270,0,2605982,0,S,22900,100,
000056.SZ,000056,20251209,93140380,0,2607802,0,S,22900,4800,
000056.SZ,000056,20251209,93140490,0,2609042,0,S,22900,100,
000056.SZ,000056,20251209,93142210,0,2629573,0,B,22700,5000,
000056.SZ,000056,20251209,93142230,0,2629821,0,S,22900,300,
000056.SZ,000056,20251209,93142390,0,2632403,0,B,22300,2400,
000056.SZ,000056,20251209,93142440,0,2633046,0,S,23500,92900,
000056.SZ,000056,20251209,93142670,0,2636300,0,B,22800,3300,
000056.SZ,000056,20251209,93142690,0,2636446,0,S,22800,100,
000056.SZ,000056,20251209,93142710,0,2636697,0,S,22800,400,
000056.SZ,000056,20251209,93142990,0,2640539,0,B,22700,10000,
000056.SZ,000056,20251209,93143170,0,2642714,0,B,23000,400,
000056.SZ,000056,20251209,93143180,0,2642797,0,S,22900,100,
000056.SZ,000056,20251209,93143740,0,2651270,0,B,22500,1000,
000056.SZ,000056,20251209,93145290,0,2668845,0,S,22800,300,
000056.SZ,000056,20251209,93145360,0,2669803,0,S,22700,1000,
000056.SZ,000056,20251209,93145720,0,2674679,0,B,22500,22000,
000056.SZ,000056,20251209,93146090,0,2679125,0,B,21900,1000,
000056.SZ,000056,20251209,93146190,0,2680526,0,B,23000,100,
000056.SZ,000056,20251209,93146360,0,2683093,0,B,22200,5000,
000056.SZ,000056,20251209,93147410,0,2695945,0,S,22800,1700,
000056.SZ,000056,20251209,93148310,0,2706068,0,S,22800,100,
000056.SZ,000056,20251209,93149240,0,2719053,0,B,23000,300,
000056.SZ,000056,20251209,93149340,0,2720468,0,B,22800,1000,
000056.SZ,000056,20251209,93149860,0,2727223,0,B,22700,3000,
000056.SZ,000056,20251209,93151300,0,2743179,0,B,22300,1000,
000056.SZ,000056,20251209,93151370,0,2744151,0,B,22100,1700,
000056.SZ,000056,20251209,93151440,0,2744777,0,B,22800,100,
000056.SZ,000056,20251209,93151440,0,2744836,0,S,22800,5900,
000056.SZ,000056,20251209,93151590,0,2747056,0,S,22900,7700,
000056.SZ,000056,20251209,93151650,0,2747991,0,B,23100,3600,
000056.SZ,000056,20251209,93152110,0,2753407,0,S,23000,30000,
000056.SZ,000056,20251209,93152680,0,2761438,0,B,23300,100,
000056.SZ,000056,20251209,93153090,0,2766125,0,B,22900,100,
000056.SZ,000056,20251209,93153300,0,2768695,0,B,22800,10300,
000056.SZ,000056,20251209,93153610,0,2771741,0,S,22900,100,
000056.SZ,000056,20251209,93154400,0,2780840,0,B,22700,4300,
000056.SZ,000056,20251209,93154450,0,2781652,0,B,22800,34300,
000056.SZ,000056,20251209,93154450,0,2781741,0,B,22800,10000,
000056.SZ,000056,20251209,93154650,0,2783925,0,B,22800,300,
000056.SZ,000056,20251209,93154850,0,2786250,0,S,22800,2400,
000056.SZ,000056,20251209,93155170,0,2790123,0,S,23200,500,
000056.SZ,000056,20251209,93155200,0,2790365,0,B,23000,900,
000056.SZ,000056,20251209,93155240,0,2790902,0,S,23500,6400,
000056.SZ,000056,20251209,93156060,0,2800649,0,B,22800,100,
000056.SZ,000056,20251209,93156800,0,2808033,0,S,22900,100,
000056.SZ,000056,20251209,93158140,0,2822462,0,S,22800,300,
000056.SZ,000056,20251209,93158170,0,2822865,0,B,22600,600,
000056.SZ,000056,20251209,93158240,0,2823791,0,B,23000,300,
000056.SZ,000056,20251209,93158690,0,2830519,0,S,24000,2900,
000056.SZ,000056,20251209,93159940,0,2843609,0,S,22900,75400,
000056.SZ,000056,20251209,93200720,0,2857264,0,S,22800,100,
000056.SZ,000056,20251209,93200910,0,2859946,0,B,23100,1300,
000056.SZ,000056,20251209,93200960,0,2860550,0,B,23100,2900,
000056.SZ,000056,20251209,93200970,0,2860756,0,B,23100,1400,
000056.SZ,000056,20251209,93201020,0,2861223,0,B,23100,2600,
000056.SZ,000056,20251209,93201180,0,2863542,0,B,22800,13800,
000056.SZ,000056,20251209,93201320,0,2865583,0,S,22600,400,
000056.SZ,000056,20251209,93201570,0,2869657,0,S,22800,100,
000056.SZ,000056,20251209,93201580,0,2869769,0,B,22800,100,
000056.SZ,000056,20251209,93201630,0,2870417,0,S,23300,3000,
000056.SZ,000056,20251209,93201780,0,2872465,0,S,24000,3000,
000056.SZ,000056,20251209,93203030,0,2886466,0,B,22800,22800,
000056.SZ,000056,20251209,93203110,0,2887445,0,B,22300,500,
000056.SZ,000056,20251209,93203400,0,2891820,0,S,22800,500,
000056.SZ,000056,20251209,93203500,0,2892985,0,S,23500,10800,
000056.SZ,000056,20251209,93204020,0,2899983,0,S,22900,7600,
000056.SZ,000056,20251209,93204050,0,2900275,0,S,22800,2900,
000056.SZ,000056,20251209,93204090,0,2901040,0,B,22700,600,
000056.SZ,000056,20251209,93204130,0,2901506,0,S,23000,4000,
000056.SZ,000056,20251209,93204180,0,2902088,0,B,23000,900,
000056.SZ,000056,20251209,93204230,0,2902872,0,B,21700,7200,
000056.SZ,000056,20251209,93204330,0,2904210,0,B,22200,100,
000056.SZ,000056,20251209,93205370,0,2916606,0,B,22800,23000,
000056.SZ,000056,20251209,93205370,0,2916713,0,S,22900,300,
000056.SZ,000056,20251209,93205380,0,2916771,0,S,22900,100,
000056.SZ,000056,20251209,93205440,0,2917569,0,S,22900,1000,
000056.SZ,000056,20251209,93205450,0,2917609,0,S,22700,100,
000056.SZ,000056,20251209,93205780,0,2921480,0,S,25200,3200,
000056.SZ,000056,20251209,93205900,0,2922622,0,S,23200,4900,
000056.SZ,000056,20251209,93206040,0,2924086,0,S,23600,2000,
000056.SZ,000056,20251209,93206090,0,2924722,0,B,22800,100,
000056.SZ,000056,20251209,93206900,0,2934803,0,S,22800,100,
000056.SZ,000056,20251209,93206990,0,2935755,0,B,22300,20000,
000056.SZ,000056,20251209,93207090,0,2936852,0,B,22800,74600,
000056.SZ,000056,20251209,93207200,0,2938060,0,B,23000,400,
000056.SZ,000056,20251209,93207830,0,2945703,0,B,23300,100,
000056.SZ,000056,20251209,93208120,0,2948947,0,B,22800,100,
000056.SZ,000056,20251209,93208260,0,2950400,0,B,22700,10000,
000056.SZ,000056,20251209,93208410,0,2951875,0,S,24600,18400,
000056.SZ,000056,20251209,93209150,0,2959062,0,B,22800,5400,
000056.SZ,000056,20251209,93209150,0,2959063,0,B,22800,4400,
000056.SZ,000056,20251209,93209150,0,2959092,0,B,22800,4400,
000056.SZ,000056,20251209,93209150,0,2959197,0,B,22800,4900,
000056.SZ,000056,20251209,93209160,0,2959270,0,B,22800,6300,
000056.SZ,000056,20251209,93209160,0,2959275,0,B,22800,4000,
000056.SZ,000056,20251209,93209160,0,2959297,0,B,22800,100,
000056.SZ,000056,20251209,93209200,0,2959702,0,B,22700,4200,
000056.SZ,000056,20251209,93209200,0,2959796,0,B,22800,200,
000056.SZ,000056,20251209,93209250,0,2960454,0,B,22700,3000,
000056.SZ,000056,20251209,93209950,0,2968556,0,S,22900,2700,
000056.SZ,000056,20251209,93209980,0,2968969,0,S,22900,300,
000056.SZ,000056,20251209,93210210,0,2971748,0,B,22700,500,
000056.SZ,000056,20251209,93210250,0,2972413,0,B,22900,200,
000056.SZ,000056,20251209,93210340,0,2973436,0,B,22700,3100,
000056.SZ,000056,20251209,93210570,0,2976285,0,S,23500,400,
000056.SZ,000056,20251209,93210740,0,2978112,0,S,22900,5000,
000056.SZ,000056,20251209,93210790,0,2978576,0,S,23800,6200,
000056.SZ,000056,20251209,93212190,0,2992607,0,S,22900,100,
000056.SZ,000056,20251209,93212370,0,2994956,0,S,22800,5900,
000056.SZ,000056,20251209,93213830,0,3015509,0,S,23200,10000,
000056.SZ,000056,20251209,93213840,0,3015656,0,B,22800,600,
000056.SZ,000056,20251209,93213870,0,3016031,0,B,22700,3000,
000056.SZ,000056,20251209,93213940,0,3016946,0,S,23600,5000,
000056.SZ,000056,20251209,93215200,0,3032303,0,S,22900,200,
000056.SZ,000056,20251209,93215210,0,3032390,0,S,22800,400,
000056.SZ,000056,20251209,93215260,0,3033023,0,S,22900,300,
000056.SZ,000056,20251209,93216140,0,3044282,0,S,25200,1100,
000056.SZ,000056,20251209,93216240,0,3045530,0,B,23000,600,
000056.SZ,000056,20251209,93216260,0,3045742,0,B,22800,6200,
000056.SZ,000056,20251209,93216270,0,3045983,0,S,23000,14200,
000056.SZ,000056,20251209,93216370,0,3047464,0,S,22800,200,
000056.SZ,000056,20251209,93216840,0,3053676,0,S,22800,11400,
000056.SZ,000056,20251209,93216910,0,3054477,0,S,22900,200,
000056.SZ,000056,20251209,93217700,0,3063493,0,S,22800,1000,
000056.SZ,000056,20251209,93218180,0,3068960,0,S,22900,100,
000056.SZ,000056,20251209,93218180,0,3069037,0,B,22900,500,
000056.SZ,000056,20251209,93218190,0,3069081,0,S,22800,100,
000056.SZ,000056,20251209,93218190,0,3069093,0,S,23000,200,
000056.SZ,000056,20251209,93219210,0,3082427,0,B,23000,1200,
000056.SZ,000056,20251209,93219220,0,3082546,0,B,22800,100,
000056.SZ,000056,20251209,93219230,0,3082597,0,B,22800,100,
000056.SZ,000056,20251209,93219330,0,3084034,0,S,22800,100,
000056.SZ,000056,20251209,93220050,0,3092974,0,S,23200,1200,
000056.SZ,000056,20251209,93220110,0,3093609,0,B,22500,4000,
000056.SZ,000056,20251209,93220450,0,3096874,0,S,22800,300,
000056.SZ,000056,20251209,93220560,0,3097851,0,S,22800,2100,
000056.SZ,000056,20251209,93220900,0,3102849,0,B,22600,26100,
000056.SZ,000056,20251209,93221240,0,3107397,0,S,24000,3300,
000056.SZ,000056,20251209,93222210,0,3118995,0,B,23000,400,
000056.SZ,000056,20251209,93222220,0,3119068,0,S,22900,100,
000056.SZ,000056,20251209,93222390,0,3121080,0,S,25000,400,
000056.SZ,000056,20251209,93222560,0,3123027,0,B,22900,1100,
000056.SZ,000056,20251209,93222570,0,3123129,0,S,22900,100,
000056.SZ,000056,20251209,93222610,0,3123520,0,S,23600,600,
000056.SZ,000056,20251209,93223010,0,3127519,0,B,23300,100,
000056.SZ,000056,20251209,93223510,0,3132317,0,B,22700,4000,
000056.SZ,000056,20251209,93224490,0,3141759,0,B,22800,4000,
000056.SZ,000056,20251209,93224780,0,3144689,0,B,22700,5000,
000056.SZ,000056,20251209,93225090,0,3147991,0,B,22800,1000,
000056.SZ,000056,20251209,93225170,0,3148670,0,B,23000,100,
000056.SZ,000056,20251209,93227700,0,3174474,0,B,20700,1200,
000056.SZ,000056,20251209,93227890,0,3176528,0,S,24000,4000,
000056.SZ,000056,20251209,93228270,0,3180631,0,B,22800,100,
000056.SZ,000056,20251209,93228820,0,3186482,0,B,22800,3000,
000056.SZ,000056,20251209,93230190,0,3199476,0,B,22800,2100,
000056.SZ,000056,20251209,93230210,0,3199868,0,B,22800,1800,
000056.SZ,000056,20251209,93230250,0,3200334,0,B,22700,4300,
000056.SZ,000056,20251209,93231510,0,3214413,0,S,23200,600,
000056.SZ,000056,20251209,93231510,0,3214478,0,B,22800,100,
000056.SZ,000056,20251209,93231580,0,3215344,0,S,23200,5000,
000056.SZ,000056,20251209,93233200,0,3231734,0,S,22900,100,
000056.SZ,000056,20251209,93233200,0,3231790,0,S,24500,2600,
000056.SZ,000056,20251209,93233580,0,3236188,0,B,22700,52000,
000056.SZ,000056,20251209,93234220,0,3243313,0,B,22800,20000,
000056.SZ,000056,20251209,93234320,0,3244485,0,S,23500,400,
000056.SZ,000056,20251209,93234490,0,3246860,0,B,22800,500,
000056.SZ,000056,20251209,93234770,0,3249785,0,S,25200,1000,
000056.SZ,000056,20251209,93235610,0,3258489,0,S,25200,10000,
000056.SZ,000056,20251209,93235650,0,3258868,0,S,23900,1000,
000056.SZ,000056,20251209,93236030,0,3262551,0,S,22900,150900,
000056.SZ,000056,20251209,93237050,0,3273397,0,B,22600,8000,
000056.SZ,000056,20251209,93238010,0,3283814,0,B,22900,100,
000056.SZ,000056,20251209,93238200,0,3285967,0,B,23300,100,
000056.SZ,000056,20251209,93238870,0,3291738,U,B,0,3300,
000056.SZ,000056,20251209,93238920,0,3292208,0,B,22800,1000,
000056.SZ,000056,20251209,93239220,0,3295051,0,S,23200,3100,
000056.SZ,000056,20251209,93239350,0,3296612,0,S,22800,400,
000056.SZ,000056,20251209,93240600,0,3309274,0,B,22800,10000,
000056.SZ,000056,20251209,93243250,0,3336126,0,B,22800,23100,
000056.SZ,000056,20251209,93243670,0,3341013,0,S,24400,500,
000056.SZ,000056,20251209,93245210,0,3356380,0,B,22800,100,
000056.SZ,000056,20251209,93246310,0,3368394,0,B,22500,10000,
000056.SZ,000056,20251209,93246410,0,3369723,0,B,22700,1000,
000056.SZ,000056,20251209,93246770,0,3373667,0,B,22800,300,
000056.SZ,000056,20251209,93247020,0,3375907,0,B,22700,5000,
000056.SZ,000056,20251209,93249110,0,3396915,0,S,23000,100,
000056.SZ,000056,20251209,93249860,0,3405337,0,S,22800,10700,
000056.SZ,000056,20251209,93251400,0,3420540,0,S,23100,2600,
000056.SZ,000056,20251209,93251480,0,3421567,0,S,22900,100,
000056.SZ,000056,20251209,93252250,0,3429586,0,B,23000,1100,
000056.SZ,000056,20251209,93254240,0,3446850,0,S,23400,3200,
000056.SZ,000056,20251209,93254990,0,3454642,0,S,22900,150900,
000056.SZ,000056,20251209,93255000,0,3454695,0,S,22800,100,
000056.SZ,000056,20251209,93255000,0,3454697,0,S,22800,100,
000056.SZ,000056,20251209,93255000,0,3454708,0,S,22800,100,
000056.SZ,000056,20251209,93255000,0,3454719,0,S,22800,100,
