万得代码,交易所代码,自然日,时间,成交价,成交量,成交额,成交笔数,IOPV,成交标志,BS标志,当日累计成交量,当日成交额,最高价,最低价,开盘价,前收盘,申卖价1,申卖价2,申卖价3,申卖价4,申卖价5,申卖价6,申卖价7,申卖价8,申卖价9,申卖价10,申卖量1,申卖量2,申卖量3,申卖量4,申卖量5,申卖量6,申卖量7,申卖量8,申卖量9,申卖量10,申买价1,申买价2,申买价3,申买价4,申买价5,申买价6,申买价7,申买价8,申买价9,申买价10,申买量1,申买量2,申买量3,申买量4,申买量5,申买量6,申买量7,申买量8,申买量9,申买量10,加权平均叫卖价,加权平均叫买价,叫卖总量,叫买总量,不加权指数,品种总数,上涨品种数,下跌品种数,持平品种数,
000068.SZ,000068,20251209,81615000,0,0,0,0,0,,,0,0,0,0,0,37000,0,0,0,0,0,0,0,0,0,0,0,0,0,0,0,0,0,0,0,0,0,0,0,0,0,0,0,0,0,0,0,0,0,0,0,0,0,0,0,0,0,0,0,0,0,0,0,0,0,
000068.SZ,000068,20251209,91500000,0,0,0,0,0,,,0,0,0,0,0,37000,36700,0,0,0,0,0,0,0,0,0,3200,0,0,0,0,0,0,0,0,0,36700,0,0,0,0,0,0,0,0,0,3200,19300,0,0,0,0,0,0,0,0,0,0,0,0,0,0,0,0,0,
000068.SZ,000068,20251209,91509000,0,0,0,0,0,,,0,0,0,0,0,37000,36800,0,0,0,0,0,0,0,0,0,6400,0,0,0,0,0,0,0,0,0,36800,0,0,0,0,0,0,0,0,0,6400,51400,0,0,0,0,0,0,0,0,0,0,0,0,0,0,0,0,0,
000068.SZ,000068,20251209,91554000,0,0,0,0,0,,,0,0,0,0,0,37000,36700,0,0,0,0,0,0,0,0,0,81100,0,0,0,0,0,0,0,0,0,36700,0,0,0,0,0,0,0,0,0,81100,700,0,0,0,0,0,0,0,0,0,0,0,0,0,0,0,0,0,
000068.SZ,000068,20251209,91603000,0,0,0,0,0,,,0,0,0,0,0,37000,36700,0,0,0,0,0,0,0,0,0,81100,0,0,0,0,0,0,0,0,0,36700,0,0,0,0,0,0,0,0,0,81100,1200,0,0,0,0,0,0,0,0,0,0,0,0,0,0,0,0,0,
000068.SZ,000068,20251209,91630000,0,0,0,0,0,,,0,0,0,0,0,37000,36700,0,0,0,0,0,0,0,0,0,81100,0,0,0,0,0,0,0,0,0,36700,0,0,0,0,0,0,0,0,0,81100,3000,0,0,0,0,0,0,0,0,0,0,0,0,0,0,0,0,0,
000068.SZ,000068,20251209,91715000,0,0,0,0,0,,,0,0,0,0,0,37000,36700,0,0,0,0,0,0,0,0,0,81100,0,0,0,0,0,0,0,0,0,36700,0,0,0,0,0,0,0,0,0,81100,9000,0,0,0,0,0,0,0,0,0,0,0,0,0,0,0,0,0,
000068.SZ,000068,20251209,91724000,0,0,0,0,0,,,0,0,0,0,0,37000,36800,0,0,0,0,0,0,0,0,0,6400,0,0,0,0,0,0,0,0,0,36800,0,0,0,0,0,0,0,0,0,6400,57900,0,0,0,0,0,0,0,0,0,0,0,0,0,0,0,0,0,
000068.SZ,000068,20251209,91818000,0,0,0,0,0,,,0,0,0,0,0,37000,36800,0,0,0,0,0,0,0,0,0,6400,0,0,0,0,0,0,0,0,0,36800,0,0,0,0,0,0,0,0,0,6400,59900,0,0,0,0,0,0,0,0,0,0,0,0,0,0,0,0,0,
000068.SZ,000068,20251209,91827000,0,0,0,0,0,,,0,0,0,0,0,37000,36800,0,0,0,0,0,0,0,0,0,6400,0,0,0,0,0,0,0,0,0,36800,0,0,0,0,0,0,0,0,0,6400,80900,0,0,0,0,0,0,0,0,0,0,0,0,0,0,0,0,0,
000068.SZ,000068,20251209,91912000,0,0,0,0,0,,,0,0,0,0,0,37000,36800,0,0,0,0,0,0,0,0,0,6400,0,0,0,0,0,0,0,0,0,36800,0,0,0,0,0,0,0,0,0,6400,81900,0,0,0,0,0,0,0,0,0,0,0,0,0,0,0,0,0,
000068.SZ,000068,20251209,91939000,0,0,0,0,0,,,0,0,0,0,0,37000,36800,0,0,0,0,0,0,0,0,0,6400,0,0,0,0,0,0,0,0,0,36800,0,0,0,0,0,0,0,0,0,6400,84900,0,0,0,0,0,0,0,0,0,0,0,0,0,0,0,0,0,
000068.SZ,000068,20251209,92045000,0,0,0,0,0,,,0,0,0,0,0,37000,36800,0,0,0,0,0,0,0,0,0,8400,0,0,0,0,0,0,0,0,0,36800,0,0,0,0,0,0,0,0,0,8400,82900,0,0,0,0,0,0,0,0,0,0,0,0,0,0,0,0,0,
000068.SZ,000068,20251209,92103000,0,0,0,0,0,,,0,0,0,0,0,37000,36900,0,0,0,0,0,0,0,0,0,8400,0,0,0,0,0,0,0,0,0,36900,0,0,0,0,0,0,0,0,0,8400,2000,0,0,0,0,0,0,0,0,0,0,0,0,0,0,0,0,0,
000068.SZ,000068,20251209,92215000,0,0,0,0,0,,,0,0,0,0,0,37000,37000,0,0,0,0,0,0,0,0,0,9100,4600,0,0,0,0,0,0,0,0,37000,0,0,0,0,0,0,0,0,0,9100,0,0,0,0,0,0,0,0,0,0,0,0,0,0,0,0,0,0,
000068.SZ,000068,20251209,92242000,0,0,0,0,0,,,0,0,0,0,0,37000,36900,0,0,0,0,0,0,0,0,0,12400,200,0,0,0,0,0,0,0,0,36900,0,0,0,0,0,0,0,0,0,12400,0,0,0,0,0,0,0,0,0,0,0,0,0,0,0,0,0,0,
000068.SZ,000068,20251209,92300000,0,0,0,0,0,,,0,0,0,0,0,37000,36900,0,0,0,0,0,0,0,0,0,12600,0,0,0,0,0,0,0,0,0,36900,0,0,0,0,0,0,0,0,0,12600,1800,0,0,0,0,0,0,0,0,0,0,0,0,0,0,0,0,0,
000068.SZ,000068,20251209,92439000,0,0,0,0,0,,,0,0,0,0,0,37000,36900,0,0,0,0,0,0,0,0,0,12600,0,0,0,0,0,0,0,0,0,36900,0,0,0,0,0,0,0,0,0,12600,6800,0,0,0,0,0,0,0,0,0,0,0,0,0,0,0,0,0,
000068.SZ,000068,20251209,92448000,0,0,0,0,0,,,0,0,0,0,0,37000,36900,0,0,0,0,0,0,0,0,0,13300,0,0,0,0,0,0,0,0,0,36900,0,0,0,0,0,0,0,0,0,13300,6100,0,0,0,0,0,0,0,0,0,0,0,0,0,0,0,0,0,
000068.SZ,000068,20251209,92457000,0,0,0,0,0,,,0,0,0,0,0,37000,36900,0,0,0,0,0,0,0,0,0,15300,0,0,0,0,0,0,0,0,0,36900,0,0,0,0,0,0,0,0,0,15300,5600,0,0,0,0,0,0,0,0,0,0,0,0,0,0,0,0,0,
000068.SZ,000068,20251209,92500000,36900,19600,72324,21,0,,,19600,72324,36900,36900,36900,37000,37000,37100,37200,37300,37400,37500,37600,37700,37800,37900,7300,19000,3900,90700,21800,66500,43200,24000,3300,2400,36900,36800,36700,36600,36500,36400,36300,36200,36100,36000,10000,90000,47100,82200,14100,11100,13700,8800,45200,37400,39600,36100,1769400,474800,0,0,0,0,0,
000068.SZ,000068,20251209,93000000,37000,6100,22529,26,0,,,25700,94853,37000,36900,36900,37000,37000,37100,37200,37300,37400,37500,37600,37700,37800,37900,5900,19000,3900,90700,21800,66500,45200,224000,3300,4500,36900,36800,36700,36600,36500,36400,36300,36200,36100,36000,6900,88000,28600,82200,16800,11100,13700,8800,45200,37400,39400,36000,2112760,453900,0,0,0,0,0,
000068.SZ,000068,20251209,93003000,37000,16100,59473,46,0,,,41800,154326,37000,36900,36900,37000,37000,37100,37200,37300,37400,37500,37600,37700,37800,37900,140100,19000,43700,96400,81900,86500,60200,236000,15300,4500,36900,36800,36700,36600,36500,36400,36300,36200,36100,36000,59300,171400,46300,84900,68400,20400,31000,9800,53300,55500,39400,36200,3088360,767100,0,0,0,0,0,
000068.SZ,000068,20251209,93006000,36900,8000,29538,62,0,,,49800,183864,37000,36900,36900,37000,37000,37100,37200,37300,37400,37500,37600,37700,37800,37900,179400,19100,80000,118000,91900,86500,60200,236000,15300,4500,36900,36800,36700,36600,36500,36400,36300,36200,36100,36000,60000,171400,46300,114100,70400,20400,31000,9800,53300,56500,39300,36200,3219560,824000,0,0,0,0,0,
000068.SZ,000068,20251209,93009000,36800,60500,223240,74,0,,,110300,407104,37000,36800,36900,37000,36900,37000,37100,37200,37300,37400,37500,37600,37700,37800,37200,202700,19100,80000,118000,91900,86500,63600,236000,15300,36800,36700,36600,36500,36400,36300,36200,36100,36000,35900,170900,48200,114100,73500,20400,31000,9800,53300,56500,33500,39300,36100,3283460,768500,0,0,0,0,0,
000068.SZ,000068,20251209,93012000,36800,300,1104,76,0,,,110600,408208,37000,36800,36900,37000,36900,37000,37100,37200,37300,37400,37500,37600,37700,37800,44700,212000,19100,80000,118000,91900,86500,63600,236000,15300,36800,36700,36600,36500,36400,36300,36200,36100,36000,35900,170600,48200,114100,73500,20400,31000,9800,53300,56500,33500,39200,36100,3300260,768200,0,0,0,0,0,
000068.SZ,000068,20251209,93015000,36800,2200,8115,80,0,,,112800,416323,37000,36800,36900,37000,36900,37000,37100,37200,37300,37400,37500,37600,37700,37800,51900,206900,19100,83600,118000,91900,86500,63600,236000,15300,36800,36700,36600,36500,36400,36300,36200,36100,36000,35900,170400,48200,114100,73500,20400,31000,9800,53300,56500,33500,39200,36100,3305960,768000,0,0,0,0,0,
000068.SZ,000068,20251209,93018000,36800,200,736,82,0,,,113000,417059,37000,36800,36900,37000,36900,37000,37100,37200,37300,37400,37500,37600,37700,37800,25000,204200,19100,83600,124000,91900,86500,63600,236000,15300,36800,36700,36600,36500,36400,36300,36200,36100,36000,35900,171900,48200,114100,83500,20400,31000,9800,53300,56500,33500,39300,36200,3284560,779500,0,0,0,0,0,
000068.SZ,000068,20251209,93021000,36900,34700,127996,120,0,,,147700,545055,37000,36800,36900,37000,36900,37000,37100,37200,37300,37400,37500,37600,37700,37800,28300,203000,19100,83600,124000,91900,86500,63600,236000,15300,36800,36700,36600,36500,36400,36300,36200,36100,36000,35900,167300,48200,113100,83500,20400,31000,9800,53300,56500,33500,39300,36200,3286760,773900,0,0,0,0,0,
000068.SZ,000068,20251209,93024000,36800,3600,13248,123,0,,,151300,558303,37000,36800,36900,37000,36900,37000,37100,37200,37300,37400,37500,37600,37700,37800,31200,202600,19100,83600,124000,91900,96500,63600,236000,15300,36800,36700,36600,36500,36400,36300,36200,36100,36000,35900,164000,48200,113100,83500,20400,31000,9800,53300,56500,33500,39300,36100,3299260,770600,0,0,0,0,0,
000068.SZ,000068,20251209,93027000,36800,7000,25811,131,0,,,158300,584114,37000,36800,36900,37000,36900,37000,37100,37200,37300,37400,37500,37600,37700,37800,30800,201800,19100,83600,124000,91900,96500,63600,236000,15300,36800,36700,36600,36500,36400,36300,36200,36100,36000,35900,162400,48200,116700,83500,20400,31000,9800,53300,56500,33500,39300,36100,3319260,772600,0,0,0,0,0,
000068.SZ,000068,20251209,93030000,36800,54700,201432,153,0,,,213000,785546,37000,36800,36900,37000,36900,37000,37100,37200,37300,37400,37500,37600,37700,37800,17200,201800,19100,83600,124000,91900,96500,63600,236000,15300,36800,36700,36600,36500,36400,36300,36200,36100,36000,35900,127100,49300,116700,83500,20400,31000,9800,53300,56500,33500,39300,36100,3305660,738400,0,0,0,0,0,
000068.SZ,000068,20251209,93033000,36800,6000,22081,161,0,,,219000,807627,37000,36800,36900,37000,36900,37000,37100,37200,37300,37400,37500,37600,37700,37800,28500,206300,23100,83100,124000,91900,96500,63600,236000,15300,36800,36700,36600,36500,36400,36300,36200,36100,36000,35900,125600,51300,122200,83500,20400,31000,9800,53300,56500,33500,39300,36100,3325960,744400,0,0,0,0,0,
000068.SZ,000068,20251209,93036000,36800,1800,6629,177,0,,,220800,814256,37000,36800,36900,37000,36900,37000,37100,37200,37300,37400,37500,37600,37700,37800,75200,206300,23100,83100,124000,91900,96500,63600,236000,15300,36800,36700,36600,36500,36400,36300,36200,36100,36000,35900,124300,51300,122200,83700,20400,31000,9800,53300,56500,33500,39200,36100,3372660,741300,0,0,0,0,0,
000068.SZ,000068,20251209,93039000,36800,24200,89056,187,0,,,245000,903312,37000,36800,36900,37000,36900,37000,37100,37200,37300,37400,37500,37600,37700,37800,87600,198200,23100,82300,124000,91900,96500,63600,242000,15300,36800,36700,36600,36500,36400,36300,36200,36100,36000,35900,100200,51300,122200,83700,20400,31000,9800,53300,56500,33500,39200,36100,3382160,717200,0,0,0,0,0,
000068.SZ,000068,20251209,93042000,36700,157400,579150,222,0,,,402400,1482462,37000,36700,36900,37000,36800,36900,37000,37100,37200,37300,37400,37500,37600,37700,25800,89500,198100,23100,82300,124000,91900,96500,63600,242000,36700,36600,36500,36400,36300,36200,36100,36000,35900,35800,49500,122200,89700,20400,31000,9800,53300,56500,33500,36100,39200,36000,3409760,621200,0,0,0,0,0,
000068.SZ,000068,20251209,93045000,36800,6500,23912,233,0,,,408900,1506374,37000,36700,36900,37000,36800,36900,37000,37100,37200,37300,37400,37500,37600,37700,38800,85700,117200,23100,81800,122800,91900,96500,63600,242000,36700,36600,36500,36400,36300,36200,36100,36000,35900,35800,69000,122200,89700,20400,31000,9800,53300,56500,33500,36100,39200,36000,3334260,640700,0,0,0,0,0,
000068.SZ,000068,20251209,93048000,36700,1800,6609,235,0,,,410700,1512983,37000,36700,36900,37000,36800,36900,37000,37100,37200,37300,37400,37500,37600,37700,38500,86500,116300,21100,81800,122800,91900,96500,63600,242000,36700,36600,36500,36400,36300,36200,36100,36000,35900,35800,73800,122200,89700,20400,31000,9800,53300,56500,33500,36100,39300,36000,3334360,645500,0,0,0,0,0,
000068.SZ,000068,20251209,93051000,36700,60000,220202,267,0,,,470700,1733185,37000,36700,36900,37000,36800,36900,37000,37100,37200,37300,37400,37500,37600,37700,39700,86900,107700,20700,81800,122800,91900,96500,63600,242000,36700,36600,36500,36400,36300,36200,36100,36000,35900,35800,21700,122200,89700,20400,31000,9800,53300,56500,33500,36100,39300,36000,3326960,593400,0,0,0,0,0,
000068.SZ,000068,20251209,93054000,36800,300,1104,268,0,,,471000,1734289,37000,36700,36900,37000,36800,36900,37000,37100,37200,37300,37400,37500,37600,37700,39600,85600,109700,20700,81800,121800,91900,96500,63600,242000,36700,36600,36500,36400,36300,36200,36100,36000,35900,35800,22000,127500,89700,20500,31000,9800,53300,56500,33500,36100,39300,36000,3326560,599100,0,0,0,0,0,
000068.SZ,000068,20251209,93057000,36800,50000,184000,309,0,,,521000,1918289,37000,36700,36900,37000,36800,36900,37000,37100,37200,37300,37400,37500,37600,37700,10500,118400,109700,20700,81800,121800,91900,96500,63600,242000,36700,36600,36500,36400,36300,36200,36100,36000,35900,35800,22200,127500,89600,20500,31000,9800,53300,66500,33500,36100,39300,36000,3330260,609200,0,0,0,0,0,
000068.SZ,000068,20251209,93100000,36700,46300,169921,359,0,,,567300,2088210,37000,36700,36900,37000,36700,36800,36900,37000,37100,37200,37300,37400,37500,37600,53700,10500,118400,109700,20700,81800,121800,91900,96500,63600,36600,36500,36400,36300,36200,36100,36000,35900,35800,35700,127600,102800,20500,31000,9800,53300,66500,33500,36100,9000,39200,35900,3383960,600300,0,0,0,0,0,
000068.SZ,000068,20251209,93103000,36700,55400,203324,417,0,,,622700,2291534,37000,36700,36900,37000,36800,36900,37000,37100,37200,37300,37400,37500,37600,37700,9900,113900,100400,20700,81800,121800,91900,96500,63600,242000,36600,36500,36400,36300,36200,36100,36000,35900,35800,35700,128000,102800,20500,31000,9800,53300,66500,33500,36100,9000,39300,35900,3315860,600700,0,0,0,0,0,
000068.SZ,000068,20251209,93106000,36700,0,0,417,0,,,622700,2291534,37000,36700,36900,37000,36800,36900,37000,37100,37200,37300,37400,37500,37600,37700,11100,118900,100400,20700,69000,121800,91900,96500,63600,242000,36700,36600,36500,36400,36300,36200,36100,36000,35900,35800,15100,147900,102800,20500,31000,9800,53300,66500,33500,36200,39300,36000,3309260,635800,0,0,0,0,0,
000068.SZ,000068,20251209,93109000,36700,0,0,417,0,,,622700,2291534,37000,36700,36900,37000,36800,36900,37000,37100,37200,37300,37400,37500,37600,37700,22200,113200,100400,20700,69000,121800,91900,96500,63600,242000,36700,36600,36500,36400,36300,36200,36100,36000,35900,35800,18500,148900,102800,20500,31000,10000,53300,66500,33500,36200,39300,36000,3314660,640400,0,0,0,0,0,
000068.SZ,000068,20251209,93112000,36700,600,2202,418,0,,,623300,2293736,37000,36700,36900,37000,36800,36900,37000,37100,37200,37300,37400,37500,37600,37700,22800,113200,98400,20700,69000,121800,91900,96500,63600,242000,36700,36600,36500,36400,36300,36200,36100,36000,35900,35800,21300,148900,102800,20500,31000,10000,53300,66500,33500,36200,39300,36000,3313260,643200,0,0,0,0,0,
000068.SZ,000068,20251209,93115000,36800,1600,5888,421,0,,,624900,2299624,37000,36700,36900,37000,36800,36900,37000,37100,37200,37300,37400,37500,37600,37700,34100,114300,98400,20700,69000,121800,91900,96500,63600,242000,36700,36600,36500,36400,36300,36200,36100,36000,35900,35800,24700,148900,102300,20500,31000,10000,53300,66500,33500,36200,39300,36000,3325660,646100,0,0,0,0,0,
000068.SZ,000068,20251209,93118000,36800,300,1104,422,0,,,625200,2300728,37000,36700,36900,37000,36800,36900,37000,37100,37200,37300,37400,37500,37600,37700,38900,114300,98400,20700,69000,121800,91900,96500,63600,242000,36700,36600,36500,36400,36300,36200,36100,36000,35900,35800,27700,131000,102300,20500,31000,10000,53300,66500,33500,36200,39300,36000,3335960,631200,0,0,0,0,0,
000068.SZ,000068,20251209,93121000,36800,0,0,422,0,,,625200,2300728,37000,36700,36900,37000,36800,36900,37000,37100,37200,37300,37400,37500,37600,37700,43100,114300,98400,20700,69000,121800,91900,96500,63600,242000,36700,36600,36500,36400,36300,36200,36100,36000,35900,35800,34200,131000,111600,20500,31000,10000,53300,66500,33500,36200,39300,36000,3340160,647000,0,0,0,0,0,
000068.SZ,000068,20251209,93124000,36800,0,0,422,0,,,625200,2300728,37000,36700,36900,37000,36800,36900,37000,37100,37200,37300,37400,37500,37600,37700,73200,114300,98400,20700,69000,121800,91900,96500,63600,242000,36700,36600,36500,36400,36300,36200,36100,36000,35900,35800,56100,131000,112600,20500,31000,10000,53300,67500,33500,36200,39200,36000,3370260,670900,0,0,0,0,0,
000068.SZ,000068,20251209,93127000,36800,3400,12488,425,0,,,628600,2313216,37000,36700,36900,37000,36800,36900,37000,37100,37200,37300,37400,37500,37600,37700,79100,114300,98400,20700,69000,121800,91900,96500,63600,242000,36700,36600,36500,36400,36300,36200,36100,36000,35900,35800,58700,131000,112600,20500,31000,10000,53300,67500,33500,36200,39200,36000,3376160,673500,0,0,0,0,0,
000068.SZ,000068,20251209,93130000,36700,100,367,426,0,,,628700,2313583,37000,36700,36900,37000,36800,36900,37000,37100,37200,37300,37400,37500,37600,37700,94100,116300,98400,20700,69000,121800,91900,96500,63600,242000,36700,36600,36500,36400,36300,36200,36100,36000,35900,35800,59000,131000,112600,20800,31000,40000,53300,67800,33500,36200,39200,36000,3393160,704400,0,0,0,0,0,
000068.SZ,000068,20251209,93133000,36700,0,0,426,0,,,628700,2313583,37000,36700,36900,37000,36800,36900,37000,37100,37200,37300,37400,37500,37600,37700,97000,116300,98400,20700,69000,121800,91900,96500,63600,242000,36700,36600,36500,36400,36300,36200,36100,36000,35900,35800,69000,132000,112600,20800,31000,40000,53300,76200,33500,36200,39200,36000,3420060,723800,0,0,0,0,0,
000068.SZ,000068,20251209,93136000,36700,0,0,426,0,,,628700,2313583,37000,36700,36900,37000,36800,36900,37000,37100,37200,37300,37400,37500,37600,37700,97100,116300,98400,20700,69000,121800,91900,96500,63600,242000,36700,36600,36500,36400,36300,36200,36100,36000,35900,35800,95900,132000,124600,20800,31000,40000,53300,76200,33500,36200,39200,36100,3420160,762800,0,0,0,0,0,
000068.SZ,000068,20251209,93139000,36700,0,0,426,0,,,628700,2313583,37000,36700,36900,37000,36800,36900,37000,37100,37200,37300,37400,37500,37600,37700,97100,116300,98400,20700,68000,121800,91900,96500,63600,242000,36700,36600,36500,36400,36300,36200,36100,36000,35900,35800,115900,133000,124600,20800,33500,40000,53300,76200,33500,36200,39200,36100,3419160,786300,0,0,0,0,0,
000068.SZ,000068,20251209,93142000,36800,100,368,427,0,,,628800,2313951,37000,36700,36900,37000,36800,36900,37000,37100,37200,37300,37400,37500,37600,37700,97000,116300,98400,20700,68000,121800,91900,96500,63600,242000,36700,36600,36500,36400,36300,36200,36100,36000,35900,35800,128000,133500,124600,20800,38500,40000,53300,76200,33500,36200,39200,36100,3419060,803900,0,0,0,0,0,
000068.SZ,000068,20251209,93145000,36800,0,0,427,0,,,628800,2313951,37000,36700,36900,37000,36800,36900,37000,37100,37200,37300,37400,37500,37600,37700,97000,116300,98400,20700,68000,121800,91900,96500,63600,242000,36700,36600,36500,36400,36300,36200,36100,36000,35900,35800,128000,133500,123600,20800,38500,40000,53300,76200,33500,36200,39200,36100,3445060,803000,0,0,0,0,0,
000068.SZ,000068,20251209,93148000,36800,0,0,427,0,,,628800,2313951,37000,36700,36900,37000,36800,36900,37000,37100,37200,37300,37400,37500,37600,37700,99000,116300,98400,20700,68000,121800,91900,96500,63600,242000,36700,36600,36500,36400,36300,36200,36100,36000,35900,35800,128000,133500,124900,20800,38500,40000,53300,76200,33500,36200,39200,36100,3447060,804300,0,0,0,0,0,
000068.SZ,000068,20251209,93151000,36700,4100,15047,429,0,,,632900,2328998,37000,36700,36900,37000,36800,36900,37000,37100,37200,37300,37400,37500,37600,37700,99900,116300,98400,20700,68000,121800,91900,96500,63600,242000,36700,36600,36500,36400,36300,36200,36100,36000,35900,35800,123900,133500,122900,20800,38500,40000,53300,76200,33500,36200,39200,36100,3447960,798200,0,0,0,0,0,
000068.SZ,000068,20251209,93154000,36700,5500,20233,435,0,,,638400,2349231,37000,36700,36900,37000,36800,36900,37000,37100,37200,37300,37400,37500,37600,37700,142800,116300,98400,20700,68000,121800,91900,96500,63600,242000,36700,36600,36500,36400,36300,36200,36100,36000,35900,35800,123900,133500,125900,20800,38500,40000,53300,77200,33500,36200,39200,36100,3490860,802200,0,0,0,0,0,
000068.SZ,000068,20251209,93157000,36700,100,367,436,0,,,638500,2349598,37000,36700,36900,37000,36800,36900,37000,37100,37200,37300,37400,37500,37600,37700,143800,116300,98400,20700,68000,121800,91900,96500,63600,242000,36700,36600,36500,36400,36300,36200,36100,36000,35900,35800,144800,133500,126100,20800,38500,40000,53300,77200,33500,36200,39200,36100,3491860,823300,0,0,0,0,0,
000068.SZ,000068,20251209,93200000,36700,700,2569,437,0,,,639200,2352167,37000,36700,36900,37000,36800,36900,37000,37100,37200,37300,37400,37500,37600,37700,144700,116300,98400,20700,68000,121800,91900,96500,63600,242000,36700,36600,36500,36400,36300,36200,36100,36000,35900,35800,148000,133500,126100,20800,38500,40000,53300,77200,33500,36200,39200,36100,3492760,826500,0,0,0,0,0,
000068.SZ,000068,20251209,93203000,36700,150200,551227,481,0,,,789400,2903394,37000,36600,36900,37000,36700,36800,36900,37000,37100,37200,37300,37400,37500,37600,32800,144300,83500,98400,20700,68000,121800,91900,96500,63600,36600,36500,36400,36300,36200,36100,36000,35900,35800,35700,132400,126100,20800,38500,40000,53300,77200,33500,36200,9000,39200,36000,3492360,677400,0,0,0,0,0,
000068.SZ,000068,20251209,93206000,36700,0,0,481,0,,,789400,2903394,37000,36600,36900,37000,36700,36800,36900,37000,37100,37200,37300,37400,37500,37600,44300,123200,83500,92400,20700,69100,121800,91900,96500,63600,36600,36500,36400,36300,36200,36100,36000,35900,35800,35700,147700,126100,20800,38500,40000,53300,77200,33500,36200,9000,39200,36000,3477860,692700,0,0,0,0,0,
000068.SZ,000068,20251209,93209000,36700,11000,40334,491,0,,,800400,2943728,37000,36600,36900,37000,36700,36800,36900,37000,37100,37200,37300,37400,37500,37600,39600,123200,83500,92400,20700,69100,121800,91900,96500,63600,36600,36500,36400,36300,36200,36100,36000,35900,35800,35700,139400,126100,20800,38500,40000,53300,77200,33500,36200,9000,39200,36000,3473160,684400,0,0,0,0,0,
000068.SZ,000068,20251209,93212000,36700,31100,113896,500,0,,,831500,3057624,37000,36600,36900,37000,36700,36800,36900,37000,37100,37200,37300,37400,37500,37600,32600,85300,83500,92400,20700,69100,121800,91900,96500,63600,36600,36500,36400,36300,36200,36100,36000,35900,35800,35700,115300,126100,20800,38500,40000,53300,77200,33500,36200,9000,39200,36000,3431260,660300,0,0,0,0,0,
000068.SZ,000068,20251209,93215000,36600,1800,6588,502,0,,,833300,3064212,37000,36600,36900,37000,36700,36800,36900,37000,37100,37200,37300,37400,37500,37600,68400,85000,83400,92400,20700,69100,121800,91900,96500,63600,36600,36500,36400,36300,36200,36100,36000,35900,35800,35700,113500,126100,20800,78500,40000,53300,77200,33500,36200,9000,39200,36000,3466660,698500,0,0,0,0,0,
000068.SZ,000068,20251209,93218000,36700,2000,7340,503,0,,,835300,3071552,37000,36600,36900,37000,36700,36800,36900,37000,37100,37200,37300,37400,37500,37600,73200,85000,83400,92400,20700,69100,121800,91900,96500,63600,36600,36500,36400,36300,36200,36100,36000,35900,35800,35700,113500,126100,30100,78500,40000,53300,77200,33500,46200,9000,39200,36000,3471460,717800,0,0,0,0,0,
000068.SZ,000068,20251209,93221000,36600,38100,139446,512,0,,,873400,3210998,37000,36600,36900,37000,36700,36800,36900,37000,37100,37200,37300,37400,37500,37600,74500,85000,83400,92400,20700,66500,121800,91900,96500,63600,36600,36500,36400,36300,36200,36100,36000,35900,35800,35700,75600,126100,30100,78500,40000,53300,77200,33500,46200,9000,39200,36000,3470160,679900,0,0,0,0,0,
000068.SZ,000068,20251209,93224000,36700,3000,11010,513,0,,,876400,3222008,37000,36600,36900,37000,36700,36800,36900,37000,37100,37200,37300,37400,37500,37600,80600,76000,83400,92400,20700,66500,121800,91900,96500,63600,36600,36500,36400,36300,36200,36100,36000,35900,35800,35700,75600,126100,30100,78500,40000,53300,77200,33500,46200,9000,39200,36000,3467260,679900,0,0,0,0,0,
000068.SZ,000068,20251209,93227000,36600,400,1464,514,0,,,876800,3223472,37000,36600,36900,37000,36700,36800,36900,37000,37100,37200,37300,37400,37500,37600,80600,76000,83400,92400,27400,66500,121800,91900,96500,63600,36600,36500,36400,36300,36200,36100,36000,35900,35800,35700,76200,126100,24100,80100,40000,53300,77200,33500,46200,9000,39200,36000,3473960,676100,0,0,0,0,0,
000068.SZ,000068,20251209,93230000,36600,0,0,514,0,,,876800,3223472,37000,36600,36900,37000,36700,36800,36900,37000,37100,37200,37300,37400,37500,37600,76000,75000,83400,92400,27400,66500,121800,91900,96500,63600,36600,36500,36400,36300,36200,36100,36000,35900,35800,35700,76200,131100,24100,80100,40000,53300,77200,33500,46200,9000,39200,36000,3478360,681100,0,0,0,0,0,
000068.SZ,000068,20251209,93233000,36600,9500,34792,528,0,,,886300,3258264,37000,36600,36900,37000,36700,36800,36900,37000,37100,37200,37300,37400,37500,37600,75800,73300,83400,92400,24400,66500,121800,91900,96500,63600,36600,36500,36400,36300,36200,36100,36000,35900,35800,35700,68900,128100,24100,80100,40000,53300,77200,33500,46200,9000,39200,35900,3474460,670800,0,0,0,0,0,
000068.SZ,000068,20251209,93236000,36600,4000,14640,531,0,,,890300,3272904,37000,36600,36900,37000,36700,36800,36900,37000,37100,37200,37300,37400,37500,37600,91500,73300,83400,92400,24400,66500,121800,91900,97400,63600,36600,36500,36400,36300,36200,36100,36000,35900,35800,35700,65000,128100,24100,80100,40000,53300,77200,33500,46200,9000,39200,35900,3491060,666900,0,0,0,0,0,
000068.SZ,000068,20251209,93239000,36600,300,1098,532,0,,,890600,3274002,37000,36600,36900,37000,36700,36800,36900,37000,37100,37200,37300,37400,37500,37600,91500,73300,83400,92400,24400,65500,121800,91900,97400,63600,36600,36500,36400,36300,36200,36100,36000,35900,35800,35700,67700,126100,24100,90100,40000,56300,75100,33500,46200,9000,39200,36000,3490060,678500,0,0,0,0,0,
000068.SZ,000068,20251209,93242000,36600,4700,17202,538,0,,,895300,3291204,37000,36600,36900,37000,36700,36800,36900,37000,37100,37200,37300,37400,37500,37600,94400,73300,83400,92400,24400,65500,121800,91900,97400,63600,36600,36500,36400,36300,36200,36100,36000,35900,35800,35700,63100,126100,24100,90100,428800,56300,75100,33500,46200,9000,39200,36000,3492960,1062700,0,0,0,0,0,
000068.SZ,000068,20251209,93245000,36600,112600,412116,569,0,,,1007900,3703320,37000,36600,36900,37000,36700,36800,36900,37000,37100,37200,37300,37400,37500,37600,87400,73400,82600,91900,24400,65500,121800,91900,97400,63600,36600,36500,36400,36300,36200,36100,36000,35900,35800,35700,1900,127600,24600,90100,428800,56300,75100,33500,46200,9000,39200,36000,3484760,1003500,0,0,0,0,0,
000068.SZ,000068,20251209,93248000,36700,3200,11732,574,0,,,1011100,3715052,37000,36600,36900,37000,36700,36800,36900,37000,37100,37200,37300,37400,37500,37600,86700,74000,82600,91900,24400,65500,121800,91900,97400,63600,36600,36500,36400,36300,36200,36100,36000,35900,35800,35700,1300,130400,24600,90100,428800,56300,75100,34500,46200,9000,39200,36000,3484660,1006700,0,0,0,0,0,
000068.SZ,000068,20251209,93251000,36700,4000,14680,578,0,,,1015100,3729732,37000,36600,36900,37000,36700,36800,36900,37000,37100,37200,37300,37400,37500,37600,86600,74000,82600,91900,24400,65500,121800,91900,97400,63600,36600,36500,36400,36300,36200,36100,36000,35900,35800,35700,12900,130400,30300,90100,428800,56300,78100,34500,46200,9000,39200,36000,3484560,1027000,0,0,0,0,0,
000068.SZ,000068,20251209,93254000,36600,1900,6963,584,0,,,1017000,3736695,37000,36600,36900,37000,36700,36800,36900,37000,37100,37200,37300,37400,37500,37600,85700,74000,82600,91900,24400,65500,121800,91900,97400,63600,36600,36500,36400,36300,36200,36100,36000,35900,35800,35700,24500,130400,30300,90100,428800,76300,78100,34500,46200,9000,39200,36000,3483660,1058600,0,0,0,0,0,
000068.SZ,000068,20251209,93257000,36600,0,0,584,0,,,1017000,3736695,37000,36600,36900,37000,36700,36800,36900,37000,37100,37200,37300,37400,37500,37600,85700,74000,82600,91900,24400,65500,121800,91900,97400,63600,36600,36500,36400,36300,36200,36100,36000,35900,35800,35700,32100,151400,30300,89500,428800,76300,78100,34500,46200,9000,39200,36000,3503660,1086600,0,0,0,0,0,
000068.SZ,000068,20251209,93300000,36600,0,0,584,0,,,1017000,3736695,37000,36600,36900,37000,36700,36800,36900,37000,37100,37200,37300,37400,37500,37600,85700,74000,82600,91900,24400,65500,121800,91900,97400,63600,36600,36500,36400,36300,36200,36100,36000,35900,35800,35700,54400,151400,30300,89500,428800,76300,78100,34500,46200,9000,39200,36000,3503660,1108900,0,0,0,0,0,
000068.SZ,000068,20251209,93303000,36600,0,0,584,0,,,1017000,3736695,37000,36600,36900,37000,36700,36800,36900,37000,37100,37200,37300,37400,37500,37600,85700,74000,82600,91900,24400,65500,121800,91900,97400,63600,36600,36500,36400,36300,36200,36100,36000,35900,35800,35700,58300,151400,40300,89500,428800,76300,78100,34500,46200,9000,39200,36100,3503660,1122800,0,0,0,0,0,
000068.SZ,000068,20251209,93306000,36700,100,367,585,0,,,1017100,3737062,37000,36600,36900,37000,36700,36800,36900,37000,37100,37200,37300,37400,37500,37600,88300,74000,82600,91900,24400,65500,121800,91900,97400,63600,36600,36500,36400,36300,36200,36100,36000,35900,35800,35700,63300,151400,40300,89500,428800,76300,84100,34500,46200,9000,39200,36100,3506260,1133800,0,0,0,0,0,
000068.SZ,000068,20251209,93309000,36700,2000,7340,591,0,,,1019100,3744402,37000,36600,36900,37000,36700,36800,36900,37000,37100,37200,37300,37400,37500,37600,85300,74000,82600,91900,24400,65500,121800,91900,97400,63600,36600,36500,36400,36300,36200,36100,36000,35900,35800,35700,63300,151400,40600,89500,428800,78800,84100,34500,46200,9000,39200,36100,3503260,1136600,0,0,0,0,0,
000068.SZ,000068,20251209,93312000,36600,19800,72468,601,0,,,1038900,3816870,37000,36600,36900,37000,36700,36800,36900,37000,37100,37200,37300,37400,37500,37600,85300,74000,82600,91900,24400,65500,121800,91900,97400,63600,36600,36500,36400,36300,36200,36100,36000,35900,35800,35700,81200,152400,45600,89500,428800,78800,84100,34500,46200,9000,39200,36100,3416560,1160500,0,0,0,0,0,
000068.SZ,000068,20251209,93315000,36600,100,366,602,0,,,1039000,3817236,37000,36600,36900,37000,36700,36800,36900,37000,37100,37200,37300,37400,37500,37600,87800,74000,82600,91900,24400,65500,121800,93900,97400,63600,36600,36500,36400,36300,36200,36100,36000,35900,35800,35700,81100,152400,45600,89500,428800,78800,84100,34500,46200,9000,39200,36100,3421960,1160400,0,0,0,0,0,
000068.SZ,000068,20251209,93318000,36600,0,0,602,0,,,1039000,3817236,37000,36600,36900,37000,36700,36800,36900,37000,37100,37200,37300,37400,37500,37600,87800,74000,82600,91900,24400,65500,121800,93900,97400,63600,36600,36500,36400,36300,36200,36100,36000,35900,35800,35700,83000,155400,45600,89500,428800,78800,84100,34500,46200,9000,39200,36100,3421960,1165300,0,0,0,0,0,
000068.SZ,000068,20251209,93321000,36600,800,2928,603,0,,,1039800,3820164,37000,36600,36900,37000,36700,36800,36900,37000,37100,37200,37300,37400,37500,37600,87800,74000,82600,91900,24400,65500,121800,93900,97400,63600,36600,36500,36400,36300,36200,36100,36000,35900,35800,35700,90800,158500,45600,89500,448800,78800,84100,34500,46200,9000,39200,36100,3421960,1196200,0,0,0,0,0,
000068.SZ,000068,20251209,93324000,36600,24200,88572,621,0,,,1064000,3908736,37000,36600,36900,37000,36700,36800,36900,37000,37100,37200,37300,37400,37500,37600,87900,74000,82600,91900,24400,65500,121800,93900,97400,63600,36600,36500,36400,36300,36200,36100,36000,35900,35800,35700,68600,158500,45600,90000,448800,78800,84100,34500,46200,9000,39200,36100,3422060,1174500,0,0,0,0,0,
000068.SZ,000068,20251209,93327000,36600,0,0,621,0,,,1064000,3908736,37000,36600,36900,37000,36700,36800,36900,37000,37100,37200,37300,37400,37500,37600,87900,74000,82600,91900,24400,65500,121800,93900,97400,63600,36600,36500,36400,36300,36200,36100,36000,35900,35800,35700,68600,155000,45600,110000,448800,78800,84100,34500,46200,19000,39200,36100,3424060,1201000,0,0,0,0,0,
000068.SZ,000068,20251209,93330000,36600,0,0,621,0,,,1064000,3908736,37000,36600,36900,37000,36700,36800,36900,37000,37100,37200,37300,37400,37500,37600,87900,74000,82600,91900,24400,65500,121800,91900,97400,63600,36600,36500,36400,36300,36200,36100,36000,35900,35800,35700,73100,155000,45200,110000,448800,78800,86100,34500,46200,19000,39200,36100,3428060,1207100,0,0,0,0,0,
000068.SZ,000068,20251209,93333000,36600,0,0,621,0,,,1064000,3908736,37000,36600,36900,37000,36700,36800,36900,37000,37100,37200,37300,37400,37500,37600,87900,74000,82600,91900,24400,65500,121800,91900,97400,63600,36600,36500,36400,36300,36200,36100,36000,35900,35800,35700,73100,154100,45200,112100,448800,78800,86100,4500,46200,19000,39200,36100,3428060,1178300,0,0,0,0,0,
000068.SZ,000068,20251209,93336000,36700,1000,3670,622,0,,,1065000,3912406,37000,36600,36900,37000,36700,36800,36900,37000,37100,37200,37300,37400,37500,37600,86900,74000,82600,91900,24400,67500,121800,91900,97400,63600,36600,36500,36400,36300,36200,36100,36000,35900,35800,35700,75900,154100,46000,112100,448800,78800,86100,4500,46200,19000,39200,36100,3429060,1181900,0,0,0,0,0,
000068.SZ,000068,20251209,93339000,36700,0,0,622,0,,,1065000,3912406,37000,36600,36900,37000,36700,36800,36900,37000,37100,37200,37300,37400,37500,37600,86900,74000,82600,91900,24400,67500,121800,91900,97400,63600,36600,36500,36400,36300,36200,36100,36000,35900,35800,35700,91700,156100,46100,112100,448800,78800,86100,4500,46200,19000,39200,36100,3439060,1199800,0,0,0,0,0,
000068.SZ,000068,20251209,93342000,36700,4800,17616,627,0,,,1069800,3930022,37000,36600,36900,37000,36700,36800,36900,37000,37100,37200,37300,37400,37500,37600,82100,74000,82600,91900,24400,67500,121800,91900,97400,63600,36600,36500,36400,36300,36200,36100,36000,35900,35800,35700,100200,156100,61100,112100,448800,78800,86100,4500,46200,19000,39200,36100,3435260,1223300,0,0,0,0,0,
000068.SZ,000068,20251209,93345000,36700,0,0,627,0,,,1069800,3930022,37000,36600,36900,37000,36700,36800,36900,37000,37100,37200,37300,37400,37500,37600,82100,74000,82600,91900,24400,67500,121800,91900,97400,63600,36600,36500,36400,36300,36200,36100,36000,35900,35800,35700,132200,156100,61100,122100,448800,78800,103500,4500,46200,19000,39200,36100,3435260,1282700,0,0,0,0,0,
000068.SZ,000068,20251209,93348000,36700,6100,22387,632,0,,,1075900,3952409,37000,36600,36900,37000,36700,36800,36900,37000,37100,37200,37300,37400,37500,37600,49400,74000,82600,91900,24400,67500,121800,91900,97400,63600,36600,36500,36400,36300,36200,36100,36000,35900,35800,35700,132200,156100,63000,122200,448800,78800,83500,4500,46200,19000,39200,36100,3402560,1264700,0,0,0,0,0,
000068.SZ,000068,20251209,93351000,36700,200,734,634,0,,,1076100,3953143,37000,36600,36900,37000,36700,36800,36900,37000,37100,37200,37300,37400,37500,37600,49100,74000,82100,93400,24400,67500,121800,91900,97400,63600,36600,36500,36400,36300,36200,36100,36000,35900,35800,35700,132200,156100,63000,122200,451900,78800,83500,4500,46200,19000,39200,36100,3403260,1267800,0,0,0,0,0,
000068.SZ,000068,20251209,93354000,36700,49600,182027,661,0,,,1125700,4135170,37000,36600,36900,37000,36800,36900,37000,37100,37200,37300,37400,37500,37600,37700,89700,81700,93400,24400,67500,121800,91900,97400,63600,242000,36700,36600,36500,36400,36300,36200,36100,36000,35900,35800,25800,133700,156100,63000,122200,451900,78800,83500,4500,46200,39300,36100,3369460,1295100,0,0,0,0,0,
000068.SZ,000068,20251209,93357000,36800,14700,53987,670,0,,,1140400,4189157,37000,36600,36900,37000,36800,36900,37000,37100,37200,37300,37400,37500,37600,37700,87000,81300,93400,24400,67500,121800,91900,97400,63600,242000,36700,36600,36500,36400,36300,36200,36100,36000,35900,35800,36000,131100,157100,63000,122200,452000,78800,83500,4500,46200,39300,36100,3366360,1303800,0,0,0,0,0,
000068.SZ,000068,20251209,93400000,36800,2600,9568,676,0,,,1143000,4198725,37000,36600,36900,37000,36800,36900,37000,37100,37200,37300,37400,37500,37600,37700,84400,81300,93400,24400,67500,121800,91900,97400,63600,242000,36700,36600,36500,36400,36300,36200,36100,36000,35900,35800,35900,128500,157100,63000,122200,454700,78800,83500,4500,46200,39300,36100,3363760,1303800,0,0,0,0,0,
000068.SZ,000068,20251209,93403000,36700,1800,6606,678,0,,,1144800,4205331,37000,36600,36900,37000,36800,36900,37000,37100,37200,37300,37400,37500,37600,37700,87300,81300,93400,24400,67500,121800,91900,97400,63600,242000,36700,36600,36500,36400,36300,36200,36100,36000,35900,35800,34100,127900,157100,63000,122200,454700,78800,83500,4500,46200,39300,36100,3366660,1302300,0,0,0,0,0,
000068.SZ,000068,20251209,93406000,36700,17700,64959,688,0,,,1162500,4270290,37000,36600,36900,37000,36800,36900,37000,37100,37200,37300,37400,37500,37600,37700,87300,81300,95600,24400,67500,121800,91900,97400,63600,242000,36700,36600,36500,36400,36300,36200,36100,36000,35900,35800,45900,123700,157100,63000,122200,454700,78800,83500,4500,46200,39300,36100,3368860,1309900,0,0,0,0,0,
000068.SZ,000068,20251209,93409000,36700,300,1101,689,0,,,1162800,4271391,37000,36600,36900,37000,36800,36900,37000,37100,37200,37300,37400,37500,37600,37700,87800,81300,95600,24400,67500,121800,91900,97400,63600,242000,36700,36600,36500,36400,36300,36200,36100,36000,35900,35800,51600,123800,157100,63000,142200,454700,78800,86500,4500,46200,39300,36100,3407360,1340200,0,0,0,0,0,
000068.SZ,000068,20251209,93412000,36700,0,0,689,0,,,1162800,4271391,37000,36600,36900,37000,36800,36900,37000,37100,37200,37300,37400,37500,37600,37700,87800,81300,95600,24400,67500,121800,91900,97400,63600,242000,36700,36600,36500,36400,36300,36200,36100,36000,35900,35800,52600,127400,162100,63000,144200,454700,78800,86500,4500,46200,39300,36100,3407360,1351800,0,0,0,0,0,
000068.SZ,000068,20251209,93415000,36700,12400,45618,692,0,,,1175200,4317009,37000,36600,36900,37000,36800,36900,37000,37100,37200,37300,37400,37500,37600,37700,76800,81300,95600,24400,67500,121800,91900,97400,63600,242000,36700,36600,36500,36400,36300,36200,36100,36000,35900,35800,51200,126800,162100,63000,144200,454700,78800,86500,4500,46200,39300,36100,3396360,1349800,0,0,0,0,0,
000068.SZ,000068,20251209,93418000,36700,0,0,692,0,,,1175200,4317009,37000,36600,36900,37000,36800,36900,37000,37100,37200,37300,37400,37500,37600,37700,76800,81300,95600,24400,67500,121800,91900,97400,63600,242000,36700,36600,36500,36400,36300,36200,36100,36000,35900,35800,62500,136800,162400,63000,144200,454700,78800,86500,4500,46200,39300,36100,3496360,1371400,0,0,0,0,0,
000068.SZ,000068,20251209,93421000,36800,2600,9568,696,0,,,1177800,4326577,37000,36600,36900,37000,36800,36900,37000,37100,37200,37300,37400,37500,37600,37700,74200,81300,95600,24400,67500,121800,91900,97400,63600,242000,36700,36600,36500,36400,36300,36200,36100,36000,35900,35800,63500,136800,162400,63000,144200,454700,78800,86500,4500,46200,39300,36100,3493760,1372400,0,0,0,0,0,
000068.SZ,000068,20251209,93424000,36700,5600,20552,698,0,,,1183400,4347129,37000,36600,36900,37000,36800,36900,37000,37100,37200,37300,37400,37500,37600,37700,74200,81300,95600,24400,67500,121800,91900,97400,63600,242000,36700,36600,36500,36400,36300,36200,36100,36000,35900,35800,64600,135800,162400,63000,144200,454700,78800,86500,4500,46200,39300,36100,3493760,1372500,0,0,0,0,0,
000068.SZ,000068,20251209,93427000,36700,1000,3670,699,0,,,1184400,4350799,37000,36600,36900,37000,36800,36900,37000,37100,37200,37300,37400,37500,37600,37700,74200,81300,95600,24400,67500,121800,91900,97400,63600,242000,36700,36600,36500,36400,36300,36200,36100,36000,35900,35800,63600,135800,162400,63000,144200,454700,78800,86500,4500,46200,39300,36100,3493760,1371500,0,0,0,0,0,
000068.SZ,000068,20251209,93430000,36800,2200,8096,703,0,,,1186600,4358895,37000,36600,36900,37000,36800,36900,37000,37100,37200,37300,37400,37500,37600,37700,72000,81300,95600,24400,67500,121800,91900,97400,63600,242000,36700,36600,36500,36400,36300,36200,36100,36000,35900,35800,63600,180000,162400,64000,144200,454700,78800,86500,4500,46200,39300,36100,3491560,1417200,0,0,0,0,0,
000068.SZ,000068,20251209,93433000,36800,0,0,703,0,,,1186600,4358895,37000,36600,36900,37000,36800,36900,37000,37100,37200,37300,37400,37500,37600,37700,176600,82300,95600,24400,67500,121800,91900,97400,63600,242000,36700,36600,36500,36400,36300,36200,36100,36000,35900,35800,63600,180000,162400,64000,144200,454700,78800,86500,4500,46200,39200,36100,3598460,1417200,0,0,0,0,0,
000068.SZ,000068,20251209,93436000,36700,200,734,705,0,,,1186800,4359629,37000,36600,36900,37000,36800,36900,37000,37100,37200,37300,37400,37500,37600,37700,179700,81200,95600,24400,67500,121800,91900,97400,63600,242000,36700,36600,36500,36400,36300,36200,36100,36000,35900,35800,69500,172000,162400,64000,144200,454700,78800,86500,4500,46200,39200,36100,3626260,1415100,0,0,0,0,0,
000068.SZ,000068,20251209,93439000,36700,8700,31979,713,0,,,1195500,4391608,37000,36600,36900,37000,36800,36900,37000,37100,37200,37300,37400,37500,37600,37700,175200,81200,95600,24900,67500,121800,91900,97800,63600,242000,36700,36600,36500,36400,36300,36200,36100,36000,35900,35800,67000,172000,162400,64000,144200,452000,78800,86500,4500,46200,39200,36100,3622660,1409900,0,0,0,0,0,
000068.SZ,000068,20251209,93442000,36700,0,0,713,0,,,1195500,4391608,37000,36600,36900,37000,36800,36900,37000,37100,37200,37300,37400,37500,37600,37700,175200,81200,95600,24900,67500,121800,91900,97800,63600,242000,36700,36600,36500,36400,36300,36200,36100,36000,35900,35800,72800,172000,162400,64000,144200,452000,78800,86500,4500,46200,39200,36100,3622660,1415700,0,0,0,0,0,
000068.SZ,000068,20251209,93445000,36700,0,0,713,0,,,1195500,4391608,37000,36600,36900,37000,36800,36900,37000,37100,37200,37300,37400,37500,37600,37700,175400,74200,95600,24900,67500,121800,91900,97800,63600,242000,36700,36600,36500,36400,36300,36200,36100,36000,35900,35800,73400,172000,162400,64000,144200,452000,78800,86500,4500,46200,39200,36100,3615860,1416300,0,0,0,0,0,
000068.SZ,000068,20251209,93448000,36800,100,368,714,0,,,1195600,4391976,37000,36600,36900,37000,36800,36900,37000,37100,37200,37300,37400,37500,37600,37700,175300,74200,95600,24900,68500,121800,91900,97800,63600,242000,36700,36600,36500,36400,36300,36200,36100,36000,35900,35800,74000,174300,162400,64000,144200,452000,78800,86500,4500,46200,39200,36200,3616760,1419200,0,0,0,0,0,
000068.SZ,000068,20251209,93451000,36800,0,0,714,0,,,1195600,4391976,37000,36600,36900,37000,36800,36900,37000,37100,37200,37300,37400,37500,37600,37700,175300,74300,95600,24900,68500,121800,91900,97800,63600,242000,36700,36600,36500,36400,36300,36200,36100,36000,35900,35800,77400,184300,162400,64000,144200,452000,78800,86500,4500,46200,39200,36200,3616860,1432600,0,0,0,0,0,
000068.SZ,000068,20251209,93454000,36800,3000,11040,718,0,,,1198600,4403016,37000,36600,36900,37000,36800,36900,37000,37100,37200,37300,37400,37500,37600,37700,172200,74300,95600,26900,68500,121800,91900,97800,63600,242000,36700,36600,36500,36400,36300,36200,36100,36000,35900,35800,78500,184300,162400,90700,145200,452000,78800,87500,4500,46200,39200,36200,3615760,1462400,0,0,0,0,0,
000068.SZ,000068,20251209,93457000,36800,200,736,719,0,,,1198800,4403752,37000,36600,36900,37000,36800,36900,37000,37100,37200,37300,37400,37500,37600,37700,172200,74300,95600,26900,68500,121800,91900,97800,63600,242000,36700,36600,36500,36400,36300,36200,36100,36000,35900,35800,112900,184300,160900,90700,145200,452000,78800,87500,4500,46200,39200,36200,3615760,1495300,0,0,0,0,0,
000068.SZ,000068,20251209,93500000,36700,400,1468,720,0,,,1199200,4405220,37000,36600,36900,37000,36800,36900,37000,37100,37200,37300,37400,37500,37600,37700,172200,74300,95600,26900,68500,121800,91900,97800,63600,242000,36700,36600,36500,36400,36300,36200,36100,36000,35900,35800,116500,200300,160900,90700,145200,452000,78800,87500,4500,46200,39300,36200,3700660,1514900,0,0,0,0,0,
000068.SZ,000068,20251209,93503000,36700,14600,53727,732,0,,,1213800,4458947,37000,36600,36900,37000,36800,36900,37000,37100,37200,37300,37400,37500,37600,37700,157700,73300,97600,26900,68500,121800,91900,97800,63600,242000,36700,36600,36500,36400,36300,36200,36100,36000,35900,35800,120300,197900,160900,92700,145200,452000,78800,87200,4500,46200,39300,36200,3687160,1518000,0,0,0,0,0,
000068.SZ,000068,20251209,93506000,36700,0,0,732,0,,,1213800,4458947,37000,36600,36900,37000,36800,36900,37000,37100,37200,37300,37400,37500,37600,37700,157800,73300,97600,26900,68500,121800,91900,97800,63600,242000,36700,36600,36500,36400,36300,36200,36100,36000,35900,35800,119800,227900,160900,92700,145200,452000,78800,87200,4500,46200,39300,36200,3687260,1547500,0,0,0,0,0,
000068.SZ,000068,20251209,93509000,36800,158500,583274,845,0,,,1372300,5042221,37000,36600,36900,37000,36900,37000,37100,37200,37300,37400,37500,37600,37700,37800,66300,94100,26900,68500,121800,91900,97800,63600,242000,26200,36800,36700,36600,36500,36400,36300,36200,36100,36000,35900,101700,124000,227900,160900,92200,145200,452000,91800,87200,4500,39400,36200,3518960,1665900,0,0,0,0,0,
000068.SZ,000068,20251209,93512000,36900,7800,28782,849,0,,,1380100,5071003,37000,36600,36900,37000,36900,37000,37100,37200,37300,37400,37500,37600,37700,37800,61000,94100,26900,68500,121800,91900,97800,63600,242000,26200,36800,36700,36600,36500,36400,36300,36200,36100,36000,35900,77600,156800,227900,160900,92200,145200,452000,100800,87200,4500,39400,36200,3513660,1683600,0,0,0,0,0,
000068.SZ,000068,20251209,93515000,36900,2800,10332,856,0,,,1382900,5081335,37000,36600,36900,37000,36900,37000,37100,37200,37300,37400,37500,37600,37700,37800,58700,94100,26900,68500,121800,91900,97800,63600,242000,26200,36800,36700,36600,36500,36400,36300,36200,36100,36000,35900,75100,165100,227900,161900,92200,145200,452000,100800,87200,4500,39400,36200,3511360,1690400,0,0,0,0,0,
000068.SZ,000068,20251209,93518000,36900,300,1107,859,0,,,1383200,5082442,37000,36600,36900,37000,36900,37000,37100,37200,37300,37400,37500,37600,37700,37800,58400,94100,24900,68500,121800,91900,97800,63600,242000,26200,36800,36700,36600,36500,36400,36300,36200,36100,36000,35900,71100,165400,227900,164900,92200,145200,452000,100800,87200,4500,39400,36200,3509060,1689900,0,0,0,0,0,
000068.SZ,000068,20251209,93521000,36800,11400,41952,861,0,,,1394600,5124394,37000,36600,36900,37000,36900,37000,37100,37200,37300,37400,37500,37600,37700,37800,58400,94100,25500,70500,121800,91900,97800,63600,242000,26200,36800,36700,36600,36500,36400,36300,36200,36100,36000,35900,59700,173400,227900,164900,92200,145200,452000,100800,87200,4500,39400,36200,3511660,1686500,0,0,0,0,0,
000068.SZ,000068,20251209,93524000,36800,0,0,861,0,,,1394600,5124394,37000,36600,36900,37000,36900,37000,37100,37200,37300,37400,37500,37600,37700,37800,58400,94100,25500,70500,101800,91900,97800,63600,242000,26200,36800,36700,36600,36500,36400,36300,36200,36100,36000,35900,59700,173300,227900,164900,92200,145200,452000,100800,87200,4500,39400,36200,3491660,1686400,0,0,0,0,0,
000068.SZ,000068,20251209,93527000,36800,0,0,861,0,,,1394600,5124394,37000,36600,36900,37000,36900,37000,37100,37200,37300,37400,37500,37600,37700,37800,58400,94100,25500,70500,101800,91900,97800,63600,242000,26200,36800,36700,36600,36500,36400,36300,36200,36100,36000,35900,60000,176300,229800,164900,92200,145200,452000,100800,87200,4500,39400,36200,3491660,1691600,0,0,0,0,0,
000068.SZ,000068,20251209,93530000,36800,0,0,861,0,,,1394600,5124394,37000,36600,36900,37000,36900,37000,37100,37200,37300,37400,37500,37600,37700,37800,58400,94100,25500,70500,101800,91900,97800,63600,242000,26200,36800,36700,36600,36500,36400,36300,36200,36100,36000,35900,60000,186300,229800,166100,92200,145200,452000,100800,87200,4500,39400,36200,3491660,1703800,0,0,0,0,0,
000068.SZ,000068,20251209,93533000,36800,0,0,861,0,,,1394600,5124394,37000,36600,36900,37000,36900,37000,37100,37200,37300,37400,37500,37600,37700,37800,61400,94100,25500,70500,101800,91900,97800,63600,242000,26200,36800,36700,36600,36500,36400,36300,36200,36100,36000,35900,61100,186400,251300,166100,95200,145200,452000,100800,87200,4500,39400,36200,3494660,1729500,0,0,0,0,0,
000068.SZ,000068,20251209,93536000,36800,500,1840,862,0,,,1395100,5126234,37000,36600,36900,37000,36900,37000,37100,37200,37300,37400,37500,37600,37700,37800,84900,94100,25500,70500,101800,91900,97800,63600,242000,26200,36800,36700,36600,36500,36400,36300,36200,36100,36000,35900,61000,186400,251300,166100,95200,145200,452000,100800,87200,4500,39400,36200,3518160,1729400,0,0,0,0,0,
000068.SZ,000068,20251209,93539000,36800,100,368,863,0,,,1395200,5126602,37000,36600,36900,37000,36900,37000,37100,37200,37300,37400,37500,37600,37700,37800,84900,94100,25500,70500,101800,91900,97800,69600,242000,26200,36800,36700,36600,36500,36400,36300,36200,36100,36000,35900,61600,187400,251300,166100,95200,145200,452000,100800,87200,4500,39400,36200,3527160,1731000,0,0,0,0,0,
000068.SZ,000068,20251209,93542000,36900,8900,32763,867,0,,,1404100,5159365,37000,36600,36900,37000,36900,37000,37100,37200,37300,37400,37500,37600,37700,37800,84400,94100,25500,70500,101800,91900,97800,69600,242000,26200,36800,36700,36600,36500,36400,36300,36200,36100,36000,35900,51100,187400,256300,166100,95200,145200,452000,100800,87200,4500,39400,36200,3526660,1725500,0,0,0,0,0,
000068.SZ,000068,20251209,93545000,36900,3700,13653,870,0,,,1407800,5173018,37000,36600,36900,37000,36900,37000,37100,37200,37300,37400,37500,37600,37700,37800,80700,94100,25500,70500,101800,91900,97800,69600,242000,26200,36800,36700,36600,36500,36400,36300,36200,36100,36000,35900,51100,187400,256300,166100,95200,145200,452000,100800,87200,4500,39400,36200,3522960,1725500,0,0,0,0,0,
000068.SZ,000068,20251209,93548000,36900,0,0,870,0,,,1407800,5173018,37000,36600,36900,37000,36900,37000,37100,37200,37300,37400,37500,37600,37700,37800,80700,94100,25500,70500,101800,91900,97800,69600,242000,26200,36800,36700,36600,36500,36400,36300,36200,36100,36000,35900,53100,187400,256300,176100,95200,145200,452000,100800,87200,4500,39400,36200,3522960,1737500,0,0,0,0,0,
000068.SZ,000068,20251209,93551000,36900,4700,17342,873,0,,,1412500,5190360,37000,36600,36900,37000,36900,37000,37100,37200,37300,37400,37500,37600,37700,37800,88500,94100,25500,70500,101800,91900,97800,69600,242000,26200,36800,36700,36600,36500,36400,36300,36200,36100,36000,35900,53100,216700,256800,176100,95200,145200,452000,100800,87200,4500,39400,36200,3530760,1767300,0,0,0,0,0,
000068.SZ,000068,20251209,93554000,36900,0,0,873,0,,,1412500,5190360,37000,36600,36900,37000,36900,37000,37100,37200,37300,37400,37500,37600,37700,37800,88500,94100,25500,82500,101800,91900,97800,69600,242000,26200,36800,36700,36600,36500,36400,36300,36200,36100,36000,35900,52800,216700,256800,176100,95200,145200,452000,100800,87200,4500,39400,36200,3542760,1767000,0,0,0,0,0,
000068.SZ,000068,20251209,93557000,36900,0,0,873,0,,,1412500,5190360,37000,36600,36900,37000,36900,37000,37100,37200,37300,37400,37500,37600,37700,37800,91300,94100,30200,82500,101800,91900,97800,69600,242000,26200,36800,36700,36600,36500,36400,36300,36200,36100,36000,35900,52700,216700,256800,176100,95200,145200,452000,100800,87200,4500,39400,36200,3550360,1766900,0,0,0,0,0,
000068.SZ,000068,20251209,93600000,36900,100,369,874,0,,,1412600,5190729,37000,36600,36900,37000,36900,37000,37100,37200,37300,37400,37500,37600,37700,37800,91400,94200,30200,82500,101800,79900,97800,69600,242000,26200,36800,36700,36600,36500,36400,36300,36200,36100,36000,35900,53300,216700,256800,176100,95200,145700,452000,100800,87700,4500,39400,36200,3538760,1769800,0,0,0,0,0,
000068.SZ,000068,20251209,93603000,36800,2100,7728,877,0,,,1414700,5198457,37000,36600,36900,37000,36900,37000,37100,37200,37300,37400,37500,37600,37700,37800,91500,94200,30200,82500,101800,79900,97800,69600,242000,26200,36800,36700,36600,36500,36400,36300,36200,36100,36000,35900,58800,255800,256800,176100,95200,278700,452000,100800,87700,4500,39400,36300,3538860,1947400,0,0,0,0,0,
000068.SZ,000068,20251209,93606000,36800,4800,17684,880,0,,,1419500,5216141,37000,36600,36900,37000,36900,37000,37100,37200,37300,37400,37500,37600,37700,37800,89500,94200,30200,82500,101800,79900,97800,69600,242000,26200,36800,36700,36600,36500,36400,36300,36200,36100,36000,35900,56300,254800,256800,176100,95200,278700,452000,100800,87700,4500,39400,36300,3537960,1943900,0,0,0,0,0,
000068.SZ,000068,20251209,93609000,36800,34000,125130,890,0,,,1453500,5341271,37000,36600,36900,37000,36900,37000,37100,37200,37300,37400,37500,37600,37700,37800,88600,94200,30200,82500,101800,79900,97800,69600,242000,26200,36800,36700,36600,36500,36400,36300,36200,36100,36000,35900,25200,254800,256800,176100,95200,278700,452000,100800,87700,4500,39400,36200,3537060,1912800,0,0,0,0,0,
000068.SZ,000068,20251209,93612000,36800,0,0,890,0,,,1453500,5341271,37000,36600,36900,37000,36900,37000,37100,37200,37300,37400,37500,37600,37700,37800,78500,94200,30200,82500,101800,79900,97800,69600,242000,26200,36800,36700,36600,36500,36400,36300,36200,36100,36000,35900,63300,264800,266800,176100,95200,278700,452000,100800,87700,4500,39400,36300,3526960,1970900,0,0,0,0,0,
000068.SZ,000068,20251209,93615000,36900,106200,391879,966,0,,,1559700,5733150,37000,36600,36900,37000,37000,37100,37200,37300,37400,37500,37600,37700,37800,37900,94100,30600,82500,101800,79900,86800,69600,242000,26200,16400,36900,36800,36700,36600,36500,36400,36300,36200,36100,36000,5400,111400,264400,264100,176100,95200,278700,452000,100800,87700,39500,36300,3437760,2021300,0,0,0,0,0,
000068.SZ,000068,20251209,93618000,36900,0,0,966,0,,,1559700,5733150,37000,36600,36900,37000,37000,37100,37200,37300,37400,37500,37600,37700,37800,37900,94100,30600,82500,101800,79900,86800,69600,242000,26200,16400,36900,36800,36700,36600,36500,36400,36300,36200,36100,36000,26900,111400,264700,264100,176100,95200,278700,452000,100800,87700,39500,36300,3440760,2043100,0,0,0,0,0,
000068.SZ,000068,20251209,93621000,36900,0,0,966,0,,,1559700,5733150,37000,36600,36900,37000,37000,37100,37200,37300,37400,37500,37600,37700,37800,37900,94400,30600,82500,101800,79900,86800,69600,242000,26200,16400,36900,36800,36700,36600,36500,36400,36300,36200,36100,36000,35500,138900,264700,264100,176100,95200,278700,452000,100800,87700,39500,36300,3441060,2079200,0,0,0,0,0,
000068.SZ,000068,20251209,93624000,36900,0,0,966,0,,,1559700,5733150,37000,36600,36900,37000,37000,37100,37200,37300,37400,37500,37600,37700,37800,37900,94400,30600,82500,101800,79900,86800,69600,242000,26200,16400,36900,36800,36700,36600,36500,36400,36300,36200,36100,36000,32500,138200,264700,264100,176100,95200,278700,452000,100800,87700,39500,36300,3441060,2075500,0,0,0,0,0,
000068.SZ,000068,20251209,93627000,36900,0,0,966,0,,,1559700,5733150,37000,36600,36900,37000,37000,37100,37200,37300,37400,37500,37600,37700,37800,37900,94500,30600,82500,101800,79900,86800,69600,242000,26200,16400,36900,36800,36700,36600,36500,36400,36300,36200,36100,36000,32500,138200,264700,264100,176100,95200,278700,452000,100800,87700,39500,36300,3441160,2075500,0,0,0,0,0,
000068.SZ,000068,20251209,93630000,36900,200,738,967,0,,,1559900,5733888,37000,36600,36900,37000,37000,37100,37200,37300,37400,37500,37600,37700,37800,37900,94500,30600,82500,101800,79900,86800,69600,242000,26200,16400,36900,36800,36700,36600,36500,36400,36300,36200,36100,36000,33600,138200,264700,264100,176100,95200,278700,466700,100800,87700,39500,36300,3441160,2091300,0,0,0,0,0,
000068.SZ,000068,20251209,93633000,36900,0,0,967,0,,,1559900,5733888,37000,36600,36900,37000,37000,37100,37200,37300,37400,37500,37600,37700,37800,37900,94500,30600,82500,101800,79900,86800,69600,242000,26200,16400,36900,36800,36700,36600,36500,36400,36300,36200,36100,36000,34900,139000,263300,264100,176100,95200,278700,466700,100800,87700,39500,36300,3443560,2093800,0,0,0,0,0,
000068.SZ,000068,20251209,93636000,36900,0,0,967,0,,,1559900,5733888,37000,36600,36900,37000,37000,37100,37200,37300,37400,37500,37600,37700,37800,37900,94500,30600,82500,101800,79900,86800,69600,242000,26200,16400,36900,36800,36700,36600,36500,36400,36300,36200,36100,36000,73500,138200,263300,269100,176100,95200,276200,466700,100800,87700,39500,36300,3443560,2134100,0,0,0,0,0,
000068.SZ,000068,20251209,93639000,37000,100,370,968,0,,,1560000,5734258,37000,36600,36900,37000,37000,37100,37200,37300,37400,37500,37600,37700,37800,37900,94400,30600,82500,101800,90900,86800,69600,242000,26200,16400,36900,36800,36700,36600,36500,36400,36300,36200,36100,36000,74500,138200,263300,269100,176100,95200,276200,466700,100800,87700,39500,36300,3454460,2135100,0,0,0,0,0,
000068.SZ,000068,20251209,93642000,37000,0,0,968,0,,,1560000,5734258,37000,36600,36900,37000,37000,37100,37200,37300,37400,37500,37600,37700,37800,37900,94400,30600,82500,101800,90900,86800,69600,242000,26200,16400,36900,36800,36700,36600,36500,36400,36300,36200,36100,36000,74800,138200,263300,268800,173100,95200,276200,466700,100800,87700,39500,36300,3454460,2132100,0,0,0,0,0,
000068.SZ,000068,20251209,93645000,37000,9500,35150,969,0,,,1569500,5769408,37000,36600,36900,37000,37000,37100,37200,37300,37400,37500,37600,37700,37800,37900,84900,30600,82500,101800,91100,86800,69600,242000,26200,16400,36900,36800,36700,36600,36500,36400,36300,36200,36100,36000,75100,138200,263300,271400,173100,95200,276200,466700,100800,87700,39500,36300,3445160,2135000,0,0,0,0,0,
000068.SZ,000068,20251209,93648000,37000,1300,4810,973,0,,,1570800,5774218,37000,36600,36900,37000,37000,37100,37200,37300,37400,37500,37600,37700,37800,37900,83800,30600,82500,101800,91100,86800,69600,242000,26200,16400,36900,36800,36700,36600,36500,36400,36300,36200,36100,36000,75100,141900,259700,271400,173100,95200,276200,466700,100800,87700,39500,36300,3444060,2135100,0,0,0,0,0,
000068.SZ,000068,20251209,93651000,37000,9300,34410,974,0,,,1580100,5808628,37000,36600,36900,37000,37000,37100,37200,37300,37400,37500,37600,37700,37800,37900,74300,30600,82500,101800,91100,86800,69600,242000,26200,16400,36900,36800,36700,36600,36500,36400,36300,36200,36100,36000,79700,141400,259700,271400,175600,95200,276200,466700,100800,87700,39500,36300,3434560,2141700,0,0,0,0,0,
000068.SZ,000068,20251209,93654000,37000,1100,4070,976,0,,,1581200,5812698,37000,36600,36900,37000,37000,37100,37200,37300,37400,37500,37600,37700,37800,37900,71200,30600,81000,101800,91100,86800,69600,242000,26200,16400,36900,36800,36700,36600,36500,36400,36300,36200,36100,36000,80900,111400,257700,274600,175600,95200,276200,466700,100800,87700,39500,36300,3459960,2114100,0,0,0,0,0,
000068.SZ,000068,20251209,93657000,37000,3500,12950,979,0,,,1584700,5825648,37000,36600,36900,37000,37000,37100,37200,37300,37400,37500,37600,37700,37800,37900,67700,30600,81000,101800,91100,86800,69600,242000,26200,16400,36900,36800,36700,36600,36500,36400,36300,36200,36100,36000,80900,111400,257700,274600,175600,95200,276200,466700,100800,87700,39500,36300,3456560,2114100,0,0,0,0,0,
000068.SZ,000068,20251209,93700000,37000,2000,7400,980,0,,,1586700,5833048,37000,36600,36900,37000,37000,37100,37200,37300,37400,37500,37600,37700,37800,37900,65700,78100,81000,101800,91100,86800,69600,242000,26200,16400,36900,36800,36700,36600,36500,36400,36300,36200,36100,36000,80900,118900,256700,274600,175600,95200,276200,466700,100800,87700,39500,36300,3503060,2120600,0,0,0,0,0,
000068.SZ,000068,20251209,93703000,36900,3600,13284,986,0,,,1590300,5846332,37000,36600,36900,37000,37000,37100,37200,37300,37400,37500,37600,37700,37800,37900,75900,79600,81000,101800,91100,86800,69600,242000,26200,16400,36900,36800,36700,36600,36500,36400,36300,36200,36100,36000,78300,119000,256700,274600,175600,95200,276200,466700,100800,87700,39400,36300,3514760,2118100,0,0,0,0,0,
000068.SZ,000068,20251209,93709000,37000,26400,97650,993,0,,,1616700,5943982,37000,36600,36900,37000,37000,37100,37200,37300,37400,37500,37600,37700,37800,37900,52500,79600,81000,101800,91100,86800,69600,242000,26200,16400,36900,36800,36700,36600,36500,36400,36300,36200,36100,36000,76300,119300,231900,274600,175600,95200,276200,466700,100800,87700,39500,36300,3491360,2091600,0,0,0,0,0,
000068.SZ,000068,20251209,93712000,37000,1300,4810,994,0,,,1618000,5948792,37000,36600,36900,37000,37000,37100,37200,37300,37400,37500,37600,37700,37800,37900,51200,79600,81000,101800,91100,86800,69600,242000,26200,16400,36900,36800,36700,36600,36500,36400,36300,36200,36100,36000,76300,123300,231900,274600,175600,95200,276200,466700,100800,92700,39500,36300,3496260,2100600,0,0,0,0,0,
000068.SZ,000068,20251209,93715000,37000,5000,18500,998,0,,,1623000,5967292,37000,36600,36900,37000,37000,37100,37200,37300,37400,37500,37600,37700,37800,37900,54300,79600,81200,101800,91100,86800,69600,242000,26200,16400,36900,36800,36700,36600,36500,36400,36300,36200,36100,36000,106200,123300,231900,276600,178600,95200,276200,466700,100800,92700,39500,36300,3499860,2135500,0,0,0,0,0,
000068.SZ,000068,20251209,93718000,37000,0,0,998,0,,,1623000,5967292,37000,36600,36900,37000,37000,37100,37200,37300,37400,37500,37600,37700,37800,37900,54300,79600,81200,101800,91100,86800,69600,242000,26200,16400,36900,36800,36700,36600,36500,36400,36300,36200,36100,36000,106800,123300,231900,276600,178600,95200,276200,466700,100800,76300,39500,36300,3500360,2119700,0,0,0,0,0,
000068.SZ,000068,20251209,93721000,37000,0,0,998,0,,,1623000,5967292,37000,36600,36900,37000,37000,37100,37200,37300,37400,37500,37600,37700,37800,37900,54300,79600,81200,101800,91100,86800,69600,242000,26200,16400,36900,36800,36700,36600,36500,36400,36300,36200,36100,36000,106800,123300,231900,276200,178600,95200,276200,466700,100800,76300,39500,36300,3500360,2119300,0,0,0,0,0,
000068.SZ,000068,20251209,93724000,37000,0,0,998,0,,,1623000,5967292,37000,36600,36900,37000,37000,37100,37200,37300,37400,37500,37600,37700,37800,37900,54300,79600,81200,101800,91100,86800,69600,242000,26200,16400,36900,36800,36700,36600,36500,36400,36300,36200,36100,36000,108000,123300,231900,276200,178600,95200,276200,466700,100800,76300,39500,36300,3500360,2120500,0,0,0,0,0,
000068.SZ,000068,20251209,93727000,37000,0,0,998,0,,,1623000,5967292,37000,36600,36900,37000,37000,37100,37200,37300,37400,37500,37600,37700,37800,37900,54300,79600,81200,101800,91100,86800,69600,242000,26200,16900,36900,36800,36700,36600,36500,36400,36300,36200,36100,36000,108000,123300,231900,271700,178600,95200,276200,466700,100800,76300,39500,36300,3506360,2121000,0,0,0,0,0,
000068.SZ,000068,20251209,93730000,37000,400,1480,999,0,,,1623400,5968772,37000,36600,36900,37000,37000,37100,37200,37300,37400,37500,37600,37700,37800,37900,53900,79600,77200,101800,91100,86800,69600,242000,26200,16900,36900,36800,36700,36600,36500,36400,36300,36200,36100,36000,110800,123300,231900,271700,178600,95200,276200,466700,100800,76300,39500,36300,3510360,2123800,0,0,0,0,0,
000068.SZ,000068,20251209,93733000,37000,100,370,1000,0,,,1623500,5969142,37000,36600,36900,37000,37000,37100,37200,37300,37400,37500,37600,37700,37800,37900,53800,79600,77200,101800,91100,86800,71600,242000,26200,16900,36900,36800,36700,36600,36500,36400,36300,36200,36100,36000,116500,123300,231900,271700,178600,95200,276200,466700,100800,76300,39500,36300,3513260,2129500,0,0,0,0,0,
000068.SZ,000068,20251209,93736000,37000,2900,10730,1003,0,,,1626400,5979872,37000,36600,36900,37000,37000,37100,37200,37300,37400,37500,37600,37700,37800,37900,50900,79600,77200,101800,93500,86800,71600,242000,26200,16900,36900,36800,36700,36600,36500,36400,36300,36200,36100,36000,116500,123300,231900,271700,178600,95200,276200,466700,100800,76300,39500,36300,3512760,2129500,0,0,0,0,0,
000068.SZ,000068,20251209,93739000,36900,1400,5166,1005,0,,,1627800,5985038,37000,36600,36900,37000,37000,37100,37200,37300,37400,37500,37600,37700,37800,37900,50900,79600,77200,101800,93500,86800,71600,242000,26200,16900,36900,36800,36700,36600,36500,36400,36300,36200,36100,36000,115900,123300,231900,271700,178600,95200,276200,466700,100800,76300,39500,36300,3512760,2128900,0,0,0,0,0,
000068.SZ,000068,20251209,93742000,36900,0,0,1005,0,,,1627800,5985038,37000,36600,36900,37000,37000,37100,37200,37300,37400,37500,37600,37700,37800,37900,50900,79600,75200,101800,93500,86800,71600,242000,26200,16900,36900,36800,36700,36600,36500,36400,36300,36200,36100,36000,115900,123300,231900,271700,178600,95200,276200,466700,100800,76300,39500,36300,3510760,2128000,0,0,0,0,0,
000068.SZ,000068,20251209,93745000,36900,0,0,1005,0,,,1627800,5985038,37000,36600,36900,37000,37000,37100,37200,37300,37400,37500,37600,37700,37800,37900,50900,79600,75200,101800,93500,86600,71600,242000,26200,16900,36900,36800,36700,36600,36500,36400,36300,36200,36100,36000,77400,123300,223900,271700,178600,95200,276200,466700,100800,76300,39500,36300,3509760,2081500,0,0,0,0,0,
000068.SZ,000068,20251209,93748000,37000,51700,191284,1022,0,,,1679500,6176322,37000,36600,36900,37000,37100,37200,37300,37400,37500,37600,37700,37800,37900,38000,96600,75200,101800,93500,86600,71600,242000,26200,16900,28300,37000,36900,36800,36700,36600,36500,36400,36300,36200,36100,800,76800,123300,223900,271700,178600,95200,276200,466700,100800,39500,36300,3475860,2081700,0,0,0,0,0,
000068.SZ,000068,20251209,93751000,37000,33500,123655,1051,0,,,1713000,6299977,37000,36600,36900,37000,37000,37100,37200,37300,37400,37500,37600,37700,37800,37900,3200,105000,75700,101800,93500,86600,71600,242000,26200,16900,36900,36800,36700,36600,36500,36400,36300,36200,36100,36000,46600,123300,223900,271200,178600,95200,276200,466700,100800,76300,39500,36300,3487960,2050200,0,0,0,0,0,
000068.SZ,000068,20251209,93754000,37100,7900,29269,1064,0,,,1720900,6329246,37100,36600,36900,37000,37000,37100,37200,37300,37400,37500,37600,37700,37800,37900,5400,100800,105700,101800,93500,86600,71600,242000,26200,16900,36900,36800,36700,36600,36500,36400,36300,36200,36100,36000,60400,123300,223900,271200,178600,95200,276200,466700,100800,76300,39500,36300,3517360,2064000,0,0,0,0,0,
000068.SZ,000068,20251209,93757000,37000,200,740,1066,0,,,1721100,6329986,37100,36600,36900,37000,37000,37100,37200,37300,37400,37500,37600,37700,37800,37900,5200,100800,105700,101800,93500,86600,71600,242000,26200,16900,36900,36800,36700,36600,36500,36400,36300,36200,36100,36000,60400,122300,223900,271200,178600,95200,276200,466700,100800,76300,39500,36300,3535160,2063000,0,0,0,0,0,
000068.SZ,000068,20251209,93800000,37000,7900,29230,1071,0,,,1729000,6359216,37100,36600,36900,37000,37000,37100,37200,37300,37400,37500,37600,37700,37800,37900,12200,100800,105700,101800,93500,92000,72200,242000,26200,16900,36900,36800,36700,36600,36500,36400,36300,36200,36100,36000,60400,122300,223900,271200,178600,95200,276200,466700,100800,76300,39500,36300,3549660,2063800,0,0,0,0,0,
000068.SZ,000068,20251209,93803000,36900,100,369,1072,0,,,1729100,6359585,37100,36600,36900,37000,37000,37100,37200,37300,37400,37500,37600,37700,37800,37900,9700,94100,105700,101800,93500,92000,72200,242000,26200,16900,36900,36800,36700,36600,36500,36400,36300,36200,36100,36000,62800,232900,223900,271200,178600,95200,276200,466700,100800,76300,39500,36300,3540460,2176800,0,0,0,0,0,
000068.SZ,000068,20251209,93806000,37100,16000,59211,1084,0,,,1745100,6418796,37100,36600,36900,37000,37100,37200,37300,37400,37500,37600,37700,37800,37900,38000,93000,105700,101800,93500,92000,72200,242000,26200,16900,28300,37000,36900,36800,36700,36600,36500,36400,36300,36200,36100,35100,64300,232900,223900,271200,178600,95200,276200,466700,100800,39500,36300,3529660,2213400,0,0,0,0,0,
000068.SZ,000068,20251209,93809000,37000,52400,193880,1098,0,,,1797500,6612676,37100,36600,36900,37000,37000,37100,37200,37300,37400,37500,37600,37700,37800,37900,5500,97200,105700,101800,93500,92000,72200,242000,26200,16900,36900,36800,36700,36600,36500,36400,36300,36200,36100,36000,57800,232900,223900,271200,178600,95200,276200,466700,100800,76300,39500,36300,3541860,2171800,0,0,0,0,0,
000068.SZ,000068,20251209,93812000,37100,9500,35190,1107,0,,,1807000,6647866,37100,36600,36900,37000,37100,37200,37300,37400,37500,37600,37700,37800,37900,38000,93200,105700,101800,93500,92000,72200,242000,26200,16900,28300,36900,36800,36700,36600,36500,36400,36300,36200,36100,36000,58900,232900,223900,271200,178600,95200,276200,466700,100800,76300,39500,36300,3532360,2172900,0,0,0,0,0,
000068.SZ,000068,20251209,93815000,37100,0,0,1107,0,,,1807000,6647866,37100,36600,36900,37000,37100,37200,37300,37400,37500,37600,37700,37800,37900,38000,95700,95700,101800,93500,92000,72200,242000,26200,16900,28300,36900,36800,36700,36600,36500,36400,36300,36200,36100,36000,60100,232900,223400,271200,178600,95200,276200,466700,100800,76300,39500,36300,3524860,2173600,0,0,0,0,0,
000068.SZ,000068,20251209,93818000,37000,49500,183050,1129,0,,,1856500,6830916,37100,36600,36900,37000,37000,37100,37200,37300,37400,37500,37600,37700,37800,37900,34800,95000,95700,101800,93500,92000,72200,242000,26200,16900,36900,36800,36700,36600,36500,36400,36300,36200,36100,36000,51000,232900,223400,271200,178600,95200,276200,466700,100800,76300,39500,36300,3608960,2164500,0,0,0,0,0,
000068.SZ,000068,20251209,93821000,37000,9800,36260,1138,0,,,1866300,6867176,37100,36600,36900,37000,37000,37100,37200,37300,37400,37500,37600,37700,37800,37900,23300,94700,95700,101800,93500,92000,72200,242000,26200,16900,36900,36800,36700,36600,36500,36400,36300,36200,36100,36000,51000,232900,223400,271200,178600,95200,276200,466700,100800,76300,39500,36300,3597160,2164500,0,0,0,0,0,
000068.SZ,000068,20251209,93824000,37000,2000,7400,1141,0,,,1868300,6874576,37100,36600,36900,37000,37000,37100,37200,37300,37400,37500,37600,37700,37800,37900,52900,96500,95700,101800,93500,92000,72200,242000,26200,16900,36900,36800,36700,36600,36500,36400,36300,36200,36100,36000,51000,232900,223400,274200,178600,95200,276200,466700,100800,75800,39400,36300,3631160,2167000,0,0,0,0,0,
000068.SZ,000068,20251209,93827000,37000,500,1850,1144,0,,,1868800,6876426,37100,36600,36900,37000,37000,37100,37200,37300,37400,37500,37600,37700,37800,37900,86600,95500,95700,101800,93500,92600,72200,242000,26200,16900,36900,36800,36700,36600,36500,36400,36300,36200,36100,36000,51900,232900,223400,274200,178600,95200,276200,466700,100800,76600,39400,36300,3674460,2168700,0,0,0,0,0,
000068.SZ,000068,20251209,93830000,36900,200,738,1145,0,,,1869000,6877164,37100,36600,36900,37000,37000,37100,37200,37300,37400,37500,37600,37700,37800,37900,86600,96500,95700,101800,93500,92600,72200,242000,26200,16900,36900,36800,36700,36600,36500,36400,36300,36200,36100,36000,51700,232900,223400,274200,178600,95200,276200,466700,100800,76600,39400,36300,3675460,2168500,0,0,0,0,0,
000068.SZ,000068,20251209,93833000,36900,500,1845,1148,0,,,1869500,6879009,37100,36600,36900,37000,37000,37100,37200,37300,37400,37500,37600,37700,37800,37900,86600,96500,95700,101800,93500,92600,72200,242000,26200,16900,36900,36800,36700,36600,36500,36400,36300,36200,36100,36000,51200,231900,233400,274200,178600,95200,276200,466700,100800,76600,39400,36300,3712960,2177000,0,0,0,0,0,
000068.SZ,000068,20251209,93836000,37000,10200,37738,1155,0,,,1879700,6916747,37100,36600,36900,37000,37000,37100,37200,37300,37400,37500,37600,37700,37800,37900,76600,97500,145700,101800,94500,92600,72200,242000,26200,16900,36900,36800,36700,36600,36500,36400,36300,36200,36100,36000,57400,231900,233400,274200,178600,95200,276200,466700,100800,76600,39400,36300,3759960,2183200,0,0,0,0,0,
000068.SZ,000068,20251209,93839000,37000,0,0,1155,0,,,1879700,6916747,37100,36600,36900,37000,37000,37100,37200,37300,37400,37500,37600,37700,37800,37900,76600,96300,145700,101800,94500,92600,72200,242000,26200,16900,36900,36800,36700,36600,36500,36400,36300,36200,36100,36000,60400,235800,233400,274200,178600,95200,276200,466700,100800,76600,39400,36300,3752260,2190100,0,0,0,0,0,
000068.SZ,000068,20251209,93842000,37000,0,0,1155,0,,,1879700,6916747,37100,36600,36900,37000,37000,37100,37200,37300,37400,37500,37600,37700,37800,37900,76600,93800,145700,101800,94500,92600,72200,242000,26200,16900,36900,36800,36700,36600,36500,36400,36300,36200,36100,36000,61600,235800,233400,274200,178600,95200,276200,466700,100800,76600,39400,36300,3749760,2191300,0,0,0,0,0,
000068.SZ,000068,20251209,93845000,37000,0,0,1155,0,,,1879700,6916747,37100,36600,36900,37000,37000,37100,37200,37300,37400,37500,37600,37700,37800,37900,79400,93800,145700,101800,94500,92600,72200,243500,26200,16900,36900,36800,36700,36600,36500,36400,36300,36200,36100,36000,62100,235800,223400,274200,178600,95200,276200,466700,100800,76600,39400,36300,3754060,2181800,0,0,0,0,0,
000068.SZ,000068,20251209,93848000,37000,70000,259000,1175,0,,,1949700,7175747,37100,36600,36900,37000,37000,37100,37200,37300,37400,37500,37600,37700,37800,37900,9400,94400,145700,101800,94500,92600,72200,243500,26200,16900,36900,36800,36700,36600,36500,36400,36300,36200,36100,36000,63000,235800,223400,274200,178600,95200,276200,466700,100800,76600,39400,36300,3684660,2182700,0,0,0,0,0,
000068.SZ,000068,20251209,93851000,37000,9000,33300,1183,0,,,1958700,7209047,37100,36600,36900,37000,37000,37100,37200,37300,37400,37500,37600,37700,37800,37900,3400,94400,145700,101800,94500,92600,72200,246500,26200,16900,36900,36800,36700,36600,36500,36400,36300,36200,36100,36000,64100,235800,223400,274200,178600,95200,276200,466700,100800,76600,39500,36300,3681660,2183800,0,0,0,0,0,
000068.SZ,000068,20251209,93854000,37000,3700,13690,1193,0,,,1962400,7222737,37100,36600,36900,37000,37000,37100,37200,37300,37400,37500,37600,37700,37800,37900,7900,91700,145700,101800,94500,92600,72200,246500,26200,16900,36900,36800,36700,36600,36500,36400,36300,36200,36100,36000,64100,235800,223400,274200,178600,95200,276200,466700,100800,76600,39500,36300,3683460,2183800,0,0,0,0,0,
000068.SZ,000068,20251209,93857000,37000,0,0,1193,0,,,1962400,7222737,37100,36600,36900,37000,37000,37100,37200,37300,37400,37500,37600,37700,37800,37900,16100,91700,145700,101800,93500,92600,72200,246500,26200,16900,36900,36800,36700,36600,36500,36400,36300,36200,36100,36000,108100,235800,223400,274200,178600,85900,276200,466700,100800,76600,39400,36300,3690660,2218500,0,0,0,0,0,
000068.SZ,000068,20251209,93900000,37000,7000,25900,1197,0,,,1969400,7248637,37100,36600,36900,37000,37000,37100,37200,37300,37400,37500,37600,37700,37800,37900,30600,91700,152400,101800,93500,92600,72200,246500,26200,16900,36900,36800,36700,36600,36500,36400,36300,36200,36100,36000,110800,235800,223400,274200,178600,85900,276200,466700,100800,76600,39400,36300,3716860,2221200,0,0,0,0,0,
000068.SZ,000068,20251209,93903000,36900,5700,21033,1200,0,,,1975100,7269670,37100,36600,36900,37000,37000,37100,37200,37300,37400,37500,37600,37700,37800,37900,32400,91700,152400,101800,93500,92600,72200,246500,26200,16900,36900,36800,36700,36600,36500,36400,36300,36200,36100,36000,105100,235800,223400,274200,178600,85900,276200,466700,100800,76600,39400,36300,3720960,2215500,0,0,0,0,0,
000068.SZ,000068,20251209,93906000,36900,2300,8509,1203,0,,,1977400,7278179,37100,36600,36900,37000,37000,37100,37200,37300,37400,37500,37600,37700,37800,37900,40200,91700,152400,101800,93500,92600,72200,260100,26200,16900,36900,36800,36700,36600,36500,36400,36300,36200,36100,36000,105700,235800,223400,274200,178600,85900,276200,466700,100800,76600,39400,36300,3743760,2216100,0,0,0,0,0,
000068.SZ,000068,20251209,93909000,36900,0,0,1203,0,,,1977400,7278179,37100,36600,36900,37000,37000,37100,37200,37300,37400,37500,37600,37700,37800,37900,43100,91700,152400,101800,93500,92600,72200,260100,26200,16900,36900,36800,36700,36600,36500,36400,36300,36200,36100,36000,106700,235300,223400,274200,178600,85900,276200,466700,100800,76600,39400,36300,3746660,2216600,0,0,0,0,0,
000068.SZ,000068,20251209,93912000,37000,47000,173730,1218,0,,,2024400,7451909,37100,36600,36900,37000,37000,37100,37200,37300,37400,37500,37600,37700,37800,37900,21100,91700,152400,101800,93500,92600,72200,260100,26200,16900,36900,36800,36700,36600,36500,36400,36300,36200,36100,36000,90300,235300,223400,274200,178600,85900,276200,466700,100800,76600,39400,36300,3724660,2200200,0,0,0,0,0,
000068.SZ,000068,20251209,93915000,37000,2600,9620,1221,0,,,2027000,7461529,37100,36600,36900,37000,37000,37100,37200,37300,37400,37500,37600,37700,37800,37900,32600,91700,152400,101800,93500,92600,72200,260100,26200,16900,36900,36800,36700,36600,36500,36400,36300,36200,36100,36000,90300,235300,223400,274200,178600,85900,276200,476700,100800,76600,39400,36300,3738760,2210200,0,0,0,0,0,
000068.SZ,000068,20251209,93918000,37000,2200,8140,1224,0,,,2029200,7469669,37100,36600,36900,37000,37000,37100,37200,37300,37400,37500,37600,37700,37800,37900,32900,91700,152400,101800,93500,92600,72200,260100,26200,16900,36900,36800,36700,36600,36500,36400,36300,36200,36100,36000,91300,235300,223400,274300,178600,85900,276200,476700,100800,76600,39400,36300,3740060,2211300,0,0,0,0,0,
000068.SZ,000068,20251209,93921000,37000,31400,116180,1255,0,,,2060600,7585849,37100,36600,36900,37000,37000,37100,37200,37300,37400,37500,37600,37700,37800,37900,22400,91700,152400,101800,93500,92600,72200,260100,26200,17400,36900,36800,36700,36600,36500,36400,36300,36200,36100,36000,91300,235300,223400,274300,178600,85900,276200,476700,100800,76600,39400,36300,3730060,2211300,0,0,0,0,0,
000068.SZ,000068,20251209,93924000,37000,3000,11100,1259,0,,,2063600,7596949,37100,36600,36900,37000,37000,37100,37200,37300,37400,37500,37600,37700,37800,37900,26700,91600,152400,101800,93500,92600,72200,260100,26200,17400,36900,36800,36700,36600,36500,36400,36300,36200,36100,36000,91300,237300,223400,274300,178600,85900,276200,476600,100800,76600,39400,36300,3734260,2213200,0,0,0,0,0,
000068.SZ,000068,20251209,93927000,36900,29100,107393,1280,0,,,2092700,7704342,37100,36600,36900,37000,37000,37100,37200,37300,37400,37500,37600,37700,37800,37900,28400,91600,152400,101800,93500,92600,72200,260100,26200,17400,36900,36800,36700,36600,36500,36400,36300,36200,36100,36000,66800,237300,223400,274300,178600,85900,276200,476600,100800,76600,39400,36300,3735960,2188700,0,0,0,0,0,
000068.SZ,000068,20251209,93930000,37000,11700,43290,1282,0,,,2104400,7747632,37100,36600,36900,37000,37000,37100,37200,37300,37400,37500,37600,37700,37800,37900,16700,91600,152400,101800,93500,92600,72200,260100,26200,17400,36900,36800,36700,36600,36500,36400,36300,36200,36100,36000,73200,237300,223400,273500,178600,85900,276200,476600,100800,76600,39400,36300,3724260,2194300,0,0,0,0,0,
000068.SZ,000068,20251209,93933000,37000,0,0,1282,0,,,2104400,7747632,37100,36600,36900,37000,37000,37100,37200,37300,37400,37500,37600,37700,37800,37900,36400,91600,152400,101800,93500,92600,72200,260100,26200,17400,36900,36800,36700,36600,36500,36400,36300,36200,36100,36000,76200,237300,233700,273500,178600,85900,276200,476600,100800,76600,39400,36300,3747460,2207600,0,0,0,0,0,
000068.SZ,000068,20251209,93936000,37000,100,370,1283,0,,,2104500,7748002,37100,36600,36900,37000,37000,37100,37200,37300,37400,37500,37600,37700,37800,37900,37400,91600,152400,101800,93500,92600,72200,260100,26200,17400,36900,36800,36700,36600,36500,36400,36300,36200,36100,36000,76500,235200,233700,273500,178600,85900,276100,476600,100800,76600,39400,36300,3773960,2205700,0,0,0,0,0,
000068.SZ,000068,20251209,93939000,37000,600,2220,1284,0,,,2105100,7750222,37100,36600,36900,37000,37000,37100,37200,37300,37400,37500,37600,37700,37800,37900,36900,91600,152400,101800,93500,92600,72200,260100,26200,17400,36900,36800,36700,36600,36500,36400,36300,36200,36100,36000,76500,227100,233700,273500,178600,85900,276100,476600,100800,76600,39400,36300,3773460,2197600,0,0,0,0,0,
000068.SZ,000068,20251209,93942000,36900,500,1845,1288,0,,,2105600,7752067,37100,36600,36900,37000,37000,37100,37200,37300,37400,37500,37600,37700,37800,37900,86500,91600,152400,101800,93500,92600,72200,260100,26200,17400,36900,36800,36700,36600,36500,36400,36300,36200,36100,36000,73600,227100,233700,274500,178600,85900,276100,476600,100800,76600,39400,36300,3825860,2195700,0,0,0,0,0,
000068.SZ,000068,20251209,93945000,36900,51600,190404,1361,0,,,2157200,7942471,37100,36600,36900,37000,37000,37100,37200,37300,37400,37500,37600,37700,37800,37900,86500,96600,152400,101800,93500,92600,72200,260100,26200,17400,36900,36800,36700,36600,36500,36400,36300,36200,36100,36000,21500,227100,233700,274500,178600,85900,276100,476600,100800,76600,39400,36300,3835860,2143600,0,0,0,0,0,
000068.SZ,000068,20251209,93948000,36900,400,1476,1362,0,,,2157600,7943947,37100,36600,36900,37000,37000,37100,37200,37300,37400,37500,37600,37700,37800,37900,86500,96600,152400,101800,93500,92600,72200,260100,26200,17400,36900,36800,36700,36600,36500,36400,36300,36200,36100,36000,21100,227100,233700,274500,178600,85900,276200,476600,100800,76600,39400,36300,3835860,2143300,0,0,0,0,0,
000068.SZ,000068,20251209,93951000,36900,25700,94833,1394,0,,,2183300,8038780,37100,36600,36900,37000,37000,37100,37200,37300,37400,37500,37600,37700,37800,37900,120500,96600,152400,101800,93500,92600,72200,260100,26200,17400,36900,36800,36700,36600,36500,36400,36300,36200,36100,36000,6200,227300,369400,274500,178600,85900,276200,476600,100800,76600,39400,36300,3869860,2264300,0,0,0,0,0,
000068.SZ,000068,20251209,93954000,36900,4400,16236,1405,0,,,2187700,8055016,37100,36600,36900,37000,37000,37100,37200,37300,37400,37500,37600,37700,37800,37900,120500,96600,150400,101800,93500,95600,72200,260100,26200,17400,36900,36800,36700,36600,36500,36400,36300,36200,36100,36000,1800,227300,369000,274500,178600,85900,276200,476600,100800,76600,39400,36300,3870860,2259500,0,0,0,0,0,
000068.SZ,000068,20251209,93957000,37000,4630,17120,1410,0,,,2192330,8072136,37100,36600,36900,37000,37000,37100,37200,37300,37400,37500,37600,37700,37800,37900,117000,96600,150600,101800,93500,95600,72200,260100,26200,17400,36900,36800,36700,36600,36500,36400,36300,36200,36100,36000,6570,227300,369000,274500,178600,85900,276200,476600,100800,76600,39400,36300,3869060,2264270,0,0,0,0,0,
000068.SZ,000068,20251209,94000000,37000,0,0,1410,0,,,2192330,8072136,37100,36600,36900,37000,37000,37100,37200,37300,37400,37500,37600,37700,37800,37900,167000,98600,150600,101800,93500,95600,72200,260100,26200,17400,36900,36800,36700,36600,36500,36400,36300,36200,36100,36000,8570,227300,367000,274500,178600,85900,276200,476600,100800,76600,39300,36300,3921060,2264270,0,0,0,0,0,
000068.SZ,000068,20251209,94003000,36900,3200,11808,1418,0,,,2195530,8083944,37100,36600,36900,37000,37000,37100,37200,37300,37400,37500,37600,37700,37800,37900,175400,98600,150600,101800,93500,95600,72200,260100,26200,17400,36900,36800,36700,36600,36500,36400,36300,36200,36100,36000,7170,227300,367000,274500,178600,85900,276200,481600,100800,76600,39300,36300,3929460,2267870,0,0,0,0,0,
000068.SZ,000068,20251209,94006000,36900,2200,8118,1423,0,,,2197730,8092062,37100,36600,36900,37000,37000,37100,37200,37300,37400,37500,37600,37700,37800,37900,208700,98400,100600,101800,93500,95600,72200,260100,26200,17400,36900,36800,36700,36600,36500,36400,36300,36200,36100,36000,5970,227300,367000,274500,178600,85900,276200,481600,100800,76600,39300,36300,3912560,2266670,0,0,0,0,0,
000068.SZ,000068,20251209,94009000,36900,0,0,1423,0,,,2197730,8092062,37100,36600,36900,37000,37000,37100,37200,37300,37400,37500,37600,37700,37800,37900,208700,98400,101600,101800,93500,95600,72200,260100,26200,17400,36900,36800,36700,36600,36500,36400,36300,36200,36100,36000,6370,227300,367000,272500,178600,85900,276200,481600,100800,76600,39300,36300,3913560,2265070,0,0,0,0,0,
000068.SZ,000068,20251209,94012000,37000,700,2589,1425,0,,,2198430,8094651,37100,36600,36900,37000,37000,37100,37200,37300,37400,37500,37600,37700,37800,37900,208100,118400,101600,101800,93500,95600,72200,260100,26200,17400,36900,36800,36700,36600,36500,36400,36300,36200,36100,36000,6270,227300,367000,272500,178600,85900,276200,481600,100800,76600,39300,36300,3932960,2264970,0,0,0,0,0,
000068.SZ,000068,20251209,94015000,37000,0,0,1425,0,,,2198430,8094651,37100,36600,36900,37000,37000,37100,37200,37300,37400,37500,37600,37700,37800,37900,208100,118400,101600,101800,115800,95600,72200,260100,26200,17400,36900,36800,36700,36600,36500,36400,36300,36200,36100,36000,10370,226200,367000,269900,178600,85900,276200,481600,100800,76600,39300,36300,3955260,2265370,0,0,0,0,0,
000068.SZ,000068,20251209,94018000,37000,0,0,1425,0,,,2198430,8094651,37100,36600,36900,37000,37000,37100,37200,37300,37400,37500,37600,37700,37800,37900,208100,117400,101600,101800,115800,95600,72200,260100,26200,17400,36900,36800,36700,36600,36500,36400,36300,36200,36100,36000,25470,230500,367000,270900,178600,85900,276200,481600,100800,76600,39300,36300,3954260,2285770,0,0,0,0,0,
000068.SZ,000068,20251209,94021000,37000,0,0,1425,0,,,2198430,8094651,37100,36600,36900,37000,37000,37100,37200,37300,37400,37500,37600,37700,37800,37900,208500,117400,101600,101800,115800,95600,72200,260100,26200,17400,36900,36800,36700,36600,36500,36400,36300,36200,36100,36000,27970,230500,369600,270900,179600,85900,276200,481600,100800,76600,39300,36300,3954660,2291870,0,0,0,0,0,
000068.SZ,000068,20251209,94024000,36900,100,369,1426,0,,,2198530,8095020,37100,36600,36900,37000,37000,37100,37200,37300,37400,37500,37600,37700,37800,37900,206100,117400,101600,101800,115800,95600,72200,260100,26200,17400,36900,36800,36700,36600,36500,36400,36300,36200,36100,36000,27870,230500,369600,270900,179600,85900,276200,481600,100800,76600,39300,36300,3952260,2291770,0,0,0,0,0,
000068.SZ,000068,20251209,94027000,36900,4600,16994,1432,0,,,2203130,8112014,37100,36600,36900,37000,37000,37100,37200,37300,37400,37500,37600,37700,37800,37900,204100,117400,101600,101800,115800,95600,72200,260100,26200,17400,36900,36800,36700,36600,36500,36400,36300,36200,36100,36000,48170,230600,369600,270900,179600,85900,276200,481600,100800,76600,39300,36300,3955260,2312170,0,0,0,0,0,
000068.SZ,000068,20251209,94030000,37000,4400,16280,1436,0,,,2207530,8128294,37100,36600,36900,37000,37000,37100,37200,37300,37400,37500,37600,37700,37800,37900,199700,117400,101600,101800,115800,95600,72200,260100,26200,17400,36900,36800,36700,36600,36500,36400,36300,36200,36100,36000,48170,232700,369600,270900,179600,85900,276200,481600,100800,76600,39300,36300,3950860,2314270,0,0,0,0,0,
000068.SZ,000068,20251209,94033000,37000,0,0,1436,0,,,2207530,8128294,37100,36600,36900,37000,37000,37100,37200,37300,37400,37500,37600,37700,37800,37900,199700,117400,101600,101800,115800,95600,72200,260100,26200,17400,36900,36800,36700,36600,36500,36400,36300,36200,36100,36000,48270,232700,369600,270900,179600,85900,276200,481600,100800,76600,39300,36300,3952860,2314370,0,0,0,0,0,
000068.SZ,000068,20251209,94036000,37000,0,0,1436,0,,,2207530,8128294,37100,36600,36900,37000,37000,37100,37200,37300,37400,37500,37600,37700,37800,37900,220700,117400,103900,101800,115800,95600,72200,260100,26200,17400,36900,36800,36700,36600,36500,36400,36300,36200,36100,36000,48370,232700,369600,270900,179600,85900,276200,481600,100800,76600,39300,36300,3976160,2314470,0,0,0,0,0,
000068.SZ,000068,20251209,94039000,37000,0,0,1436,0,,,2207530,8128294,37100,36600,36900,37000,37000,37100,37200,37300,37400,37500,37600,37700,37800,37900,220700,119200,103900,101800,115800,95600,72200,260100,26200,17400,36900,36800,36700,36600,36500,36400,36300,36200,36100,36000,48470,232700,369600,270900,179600,85900,276200,481600,100800,76600,39300,36300,3977960,2314570,0,0,0,0,0,
000068.SZ,000068,20251209,94042000,37000,0,0,1436,0,,,2207530,8128294,37100,36600,36900,37000,37000,37100,37200,37300,37400,37500,37600,37700,37800,37900,219700,119200,135900,101800,115800,95600,72200,260100,26200,17400,36900,36800,36700,36600,36500,36400,36300,36200,36100,36000,48470,233500,369600,270900,179600,85900,276200,481600,100800,76600,39300,36300,4008960,2315370,0,0,0,0,0,
000068.SZ,000068,20251209,94045000,37000,0,0,1436,0,,,2207530,8128294,37100,36600,36900,37000,37000,37100,37200,37300,37400,37500,37600,37700,37800,37900,219900,119200,135900,101800,115800,95600,72200,260100,26200,17400,36900,36800,36700,36600,36500,36400,36300,36200,36100,36000,48470,233500,369600,270900,179600,85800,276200,481600,100800,76600,39300,36300,4009160,2315270,0,0,0,0,0,
000068.SZ,000068,20251209,94048000,37000,0,0,1436,0,,,2207530,8128294,37100,36600,36900,37000,37000,37100,37200,37300,37400,37500,37600,37700,37800,37900,224600,114500,135900,101800,115800,95600,72200,260100,26200,17400,36900,36800,36700,36600,36500,36400,36300,36200,36100,36000,50970,231000,369600,270900,179600,85800,276200,481600,100800,76600,39300,36300,4009160,2315270,0,0,0,0,0,
000068.SZ,000068,20251209,94051000,37000,0,0,1436,0,,,2207530,8128294,37100,36600,36900,37000,37000,37100,37200,37300,37400,37500,37600,37700,37800,37900,224700,114500,135900,101800,115800,95600,72200,260100,26200,17400,36900,36800,36700,36600,36500,36400,36300,36200,36100,36000,64270,231000,369600,271100,179600,85800,276200,481600,100800,76600,39300,36300,4009260,2328770,0,0,0,0,0,
000068.SZ,000068,20251209,94054000,37000,0,0,1436,0,,,2207530,8128294,37100,36600,36900,37000,37000,37100,37200,37300,37400,37500,37600,37700,37800,37900,224700,114500,135900,101800,115800,95600,72200,260100,26200,17400,36900,36800,36700,36600,36500,36400,36300,36200,36100,36000,64670,244300,369600,271100,179600,85800,276200,481600,100800,76600,39300,36300,4009260,2342470,0,0,0,0,0,
000068.SZ,000068,20251209,94057000,37000,0,0,1436,0,,,2207530,8128294,37100,36600,36900,37000,37000,37100,37200,37300,37400,37500,37600,37700,37800,37900,229400,114500,125900,101800,115800,95600,72200,260100,26200,17400,36900,36800,36700,36600,36500,36400,36300,36200,36100,36000,64670,244300,369600,271100,179600,85800,276200,481600,100800,76600,39300,36300,4003960,2342470,0,0,0,0,0,
000068.SZ,000068,20251209,94100000,37000,5000,18500,1440,0,,,2212530,8146794,37100,36600,36900,37000,37000,37100,37200,37300,37400,37500,37600,37700,37800,37900,224400,114500,125900,101800,115800,95600,72200,260100,26200,17400,36900,36800,36700,36600,36500,36400,36300,36200,36100,36000,68770,244300,369600,271100,179600,85800,276200,481600,100800,76600,39300,36300,3998960,2346570,0,0,0,0,0,
000068.SZ,000068,20251209,94103000,36900,400,1476,1447,0,,,2212930,8148270,37100,36600,36900,37000,37000,37100,37200,37300,37400,37500,37600,37700,37800,37900,224700,114500,125900,101800,115800,95600,72200,260100,26200,17400,36900,36800,36700,36600,36500,36400,36300,36200,36100,36000,71470,244300,369600,271100,179600,85800,276200,481600,100800,76600,39300,36300,3999260,2349270,0,0,0,0,0,
000068.SZ,000068,20251209,94106000,36900,0,0,1447,0,,,2212930,8148270,37100,36600,36900,37000,37000,37100,37200,37300,37400,37500,37600,37700,37800,37900,236700,114500,125900,101800,115800,95600,75200,260100,26200,17400,36900,36800,36700,36600,36500,36400,36300,36200,36100,36000,72470,244300,369600,271100,182600,85800,276200,481600,100800,76600,39300,36300,4014260,2353270,0,0,0,0,0,
000068.SZ,000068,20251209,94109000,36900,0,0,1447,0,,,2212930,8148270,37100,36600,36900,37000,37000,37100,37200,37300,37400,37500,37600,37700,37800,37900,236700,114500,125900,101800,115800,95600,75200,260100,26200,17400,36900,36800,36700,36600,36500,36400,36300,36200,36100,36000,73070,244300,369600,271100,191800,85800,236200,481600,100800,76600,39300,36300,4014460,2323070,0,0,0,0,0,
000068.SZ,000068,20251209,94112000,36900,0,0,1447,0,,,2212930,8148270,37100,36600,36900,37000,37000,37100,37200,37300,37400,37500,37600,37700,37800,37900,236800,114500,123900,101800,115800,95600,75200,260100,26200,17400,36900,36800,36700,36600,36500,36400,36300,36200,36100,36000,73070,264300,369600,271100,191800,85800,236200,481600,100800,76600,39300,36300,4012560,2343070,0,0,0,0,0,
000068.SZ,000068,20251209,94115000,36900,1100,4059,1450,0,,,2214030,8152329,37100,36600,36900,37000,37000,37100,37200,37300,37400,37500,37600,37700,37800,37900,235800,114500,123900,101800,115800,95600,75200,260100,26200,17400,36900,36800,36700,36600,36500,36400,36300,36200,36100,36000,71970,266600,369600,271100,191800,95800,236200,481600,100800,76600,39300,36300,4011560,2354270,0,0,0,0,0,
000068.SZ,000068,20251209,94118000,37000,1000,3700,1452,0,,,2215030,8156029,37100,36600,36900,37000,37000,37100,37200,37300,37400,37500,37600,37700,37800,37900,237700,114500,123900,101800,115800,95600,75200,260100,26200,17400,36900,36800,36700,36600,36500,36400,36300,36200,36100,36000,73770,266600,369600,271100,191800,95800,236200,481600,100800,76600,39300,36300,4013460,2356070,0,0,0,0,0,
000068.SZ,000068,20251209,94121000,36900,1000,3690,1455,0,,,2216030,8159719,37100,36600,36900,37000,37000,37100,37200,37300,37400,37500,37600,37700,37800,37900,237900,114500,123900,101800,115800,95600,75200,260100,26200,17400,36900,36800,36700,36600,36500,36400,36300,36200,36100,36000,72870,266600,369600,271100,191800,95800,236200,481600,100800,76600,39300,36300,4013660,2355170,0,0,0,0,0,
000068.SZ,000068,20251209,94124000,36900,0,0,1455,0,,,2216030,8159719,37100,36600,36900,37000,37000,37100,37200,37300,37400,37500,37600,37700,37800,37900,237900,114500,123900,101800,115800,95600,75200,260100,26200,17400,36900,36800,36700,36600,36500,36400,36300,36200,36100,36000,72970,266600,369600,271100,191800,95800,236200,481600,100800,76600,39300,36300,4013660,2355270,0,0,0,0,0,
000068.SZ,000068,20251209,94127000,36900,0,0,1455,0,,,2216030,8159719,37100,36600,36900,37000,37000,37100,37200,37300,37400,37500,37600,37700,37800,37900,217900,114500,123900,101800,115800,95600,75200,260100,26200,17400,36900,36800,36700,36600,36500,36400,36300,36200,36100,36000,72970,266600,370800,271100,191800,95800,236200,481600,100800,76600,39300,36300,3993660,2356470,0,0,0,0,0,
000068.SZ,000068,20251209,94130000,36900,0,0,1455,0,,,2216030,8159719,37100,36600,36900,37000,37000,37100,37200,37300,37400,37500,37600,37700,37800,37900,217900,114500,123900,101800,115800,95600,75200,260100,26200,17400,36900,36800,36700,36600,36500,36400,36300,36200,36100,36000,73270,266600,370800,271100,191800,95800,236200,481600,100800,76600,39300,36300,3993660,2356770,0,0,0,0,0,
000068.SZ,000068,20251209,94133000,36900,0,0,1455,0,,,2216030,8159719,37100,36600,36900,37000,37000,37100,37200,37300,37400,37500,37600,37700,37800,37900,217900,114500,123900,101800,115800,95600,75200,260100,26200,17400,36900,36800,36700,36600,36500,36400,36300,36200,36100,36000,74370,266600,370800,271100,191800,95800,236200,481600,100800,76600,39300,36300,3993660,2357870,0,0,0,0,0,
000068.SZ,000068,20251209,94136000,36900,20000,73800,1530,0,,,2236030,8233519,37100,36600,36900,37000,37000,37100,37200,37300,37400,37500,37600,37700,37800,37900,217900,114500,123900,101800,115800,95600,75200,260100,26200,17400,36900,36800,36700,36600,36500,36400,36300,36200,36100,36000,54370,266700,370800,271100,191800,95800,236200,481600,100800,76600,39300,36300,3993660,2337970,0,0,0,0,0,
000068.SZ,000068,20251209,94139000,36900,0,0,1530,0,,,2236030,8233519,37100,36600,36900,37000,37000,37100,37200,37300,37400,37500,37600,37700,37800,37900,217900,114500,123900,101800,115800,95600,75200,260100,26200,17400,36900,36800,36700,36600,36500,36400,36300,36200,36100,36000,54370,266700,370800,261100,191800,95800,236200,481600,100800,76600,39300,36300,3995160,2327970,0,0,0,0,0,
000068.SZ,000068,20251209,94142000,36900,0,0,1530,0,,,2236030,8233519,37100,36600,36900,37000,37000,37100,37200,37300,37400,37500,37600,37700,37800,37900,220900,114500,123900,101800,115800,95600,75200,260100,26200,17400,36900,36800,36700,36600,36500,36400,36300,36200,36100,36000,58170,266400,370800,261100,191800,95800,236200,481600,100800,76600,39300,36300,3999360,2331470,0,0,0,0,0,
000068.SZ,000068,20251209,94145000,36900,0,0,1530,0,,,2236030,8233519,37100,36600,36900,37000,37000,37100,37200,37300,37400,37500,37600,37700,37800,37900,220900,114500,123900,101800,115800,95600,75200,260100,26200,17400,36900,36800,36700,36600,36500,36400,36300,36200,36100,36000,58270,266400,370800,261600,191800,95800,236200,481600,100800,76600,39300,36300,3999360,2332070,0,0,0,0,0,
000068.SZ,000068,20251209,94148000,36900,600,2214,1534,0,,,2236630,8235733,37100,36600,36900,37000,37000,37100,37200,37300,37400,37500,37600,37700,37800,37900,220900,114500,123900,101800,115800,95600,75200,260100,26200,17400,36900,36800,36700,36600,36500,36400,36300,36200,36100,36000,35370,266400,370800,261600,191800,95800,236200,481600,100800,76600,39300,36300,3999360,2309170,0,0,0,0,0,
000068.SZ,000068,20251209,94151000,36900,5500,20295,1547,0,,,2242130,8256028,37100,36600,36900,37000,37000,37100,37200,37300,37400,37500,37600,37700,37800,37900,220900,114500,123900,101800,115800,95600,75200,260100,26200,17400,36900,36800,36700,36600,36500,36400,36300,36200,36100,36000,29870,266400,370800,261600,191800,95800,236200,481600,100800,76600,39300,36300,3999360,2303670,0,0,0,0,0,
000068.SZ,000068,20251209,94154000,36900,100,369,1549,0,,,2242230,8256397,37100,36600,36900,37000,37000,37100,37200,37300,37400,37500,37600,37700,37800,37900,220900,114500,123900,101800,115800,95600,75200,260100,26200,17400,36900,36800,36700,36600,36500,36400,36300,36200,36100,36000,37770,266400,370800,261600,191800,95800,236200,481600,100800,76600,39300,36300,3999360,2311570,0,0,0,0,0,
000068.SZ,000068,20251209,94157000,37000,1000,3700,1551,0,,,2243230,8260097,37100,36600,36900,37000,37000,37100,37200,37300,37400,37500,37600,37700,37800,37900,219900,114500,123900,101800,115800,95600,75200,260100,26200,17400,36900,36800,36700,36600,36500,36400,36300,36200,36100,36000,36770,266400,370800,261600,191800,95800,236200,481600,100800,76600,39300,36300,3998360,2310570,0,0,0,0,0,
000068.SZ,000068,20251209,94200000,36900,200,738,1552,0,,,2243430,8260835,37100,36600,36900,37000,37000,37100,37200,37300,37400,37500,37600,37700,37800,37900,221000,114500,123900,101800,115800,95600,75200,260100,28200,17400,36900,36800,36700,36600,36500,36400,36300,36200,36100,36000,36570,266400,370800,261600,191800,95800,236200,481600,100800,76600,39300,36300,4001460,2310370,0,0,0,0,0,
000068.SZ,000068,20251209,94203000,36900,100,369,1554,0,,,2243530,8261204,37100,36600,36900,37000,37000,37100,37200,37300,37400,37500,37600,37700,37800,37900,222200,114500,123900,101800,115800,95600,75200,260100,28200,17400,36900,36800,36700,36600,36500,36400,36300,36200,36100,36000,36470,266400,408200,261600,191800,95800,236200,481600,100800,76600,39300,36300,4002660,2347670,0,0,0,0,0,
000068.SZ,000068,20251209,94206000,36900,0,0,1554,0,,,2243530,8261204,37100,36600,36900,37000,37000,37100,37200,37300,37400,37500,37600,37700,37800,37900,222200,114500,123900,101800,115800,95600,75200,260100,28200,17400,36900,36800,36700,36600,36500,36400,36300,36200,36100,36000,38970,272400,398200,261600,191800,95800,236200,481600,100800,76600,39300,36300,4012660,2346170,0,0,0,0,0,
000068.SZ,000068,20251209,94209000,36900,0,0,1554,0,,,2243530,8261204,37100,36600,36900,37000,37000,37100,37200,37300,37400,37500,37600,37700,37800,37900,222200,114500,123900,101800,115800,95600,75200,260100,28200,17400,36900,36800,36700,36600,36500,36400,36300,36200,36100,36000,40770,272400,398200,261600,190600,95800,236200,481600,100800,76600,39300,36300,4012660,2346770,0,0,0,0,0,
000068.SZ,000068,20251209,94212000,36900,0,0,1554,0,,,2243530,8261204,37100,36600,36900,37000,37000,37100,37200,37300,37400,37500,37600,37700,37800,37900,222200,114500,123900,101800,115800,95600,75200,260100,28200,17400,36900,36800,36700,36600,36500,36400,36300,36200,36100,36000,40870,272400,398200,261600,190600,95800,236200,481600,100800,76600,39300,36300,4012960,2346870,0,0,0,0,0,
000068.SZ,000068,20251209,94215000,36900,0,0,1554,0,,,2243530,8261204,37100,36600,36900,37000,37000,37100,37200,37300,37400,37500,37600,37700,37800,37900,223600,114500,123900,101800,115800,95600,75200,260100,28200,17400,36900,36800,36700,36600,36500,36400,36300,36200,36100,36000,46670,272400,398200,261600,190600,95800,236200,481600,100800,76600,39300,36300,4014360,2352670,0,0,0,0,0,
000068.SZ,000068,20251209,94218000,36900,0,0,1554,0,,,2243530,8261204,37100,36600,36900,37000,37000,37100,37200,37300,37400,37500,37600,37700,37800,37900,223700,114500,123900,101800,115800,95600,75200,260100,28200,17400,36900,36800,36700,36600,36500,36400,36300,36200,36100,36000,46670,277400,398200,261600,190600,95800,236200,481600,100800,76600,39300,36300,4014460,2357670,0,0,0,0,0,
000068.SZ,000068,20251209,94221000,36900,0,0,1554,0,,,2243530,8261204,37100,36600,36900,37000,37000,37100,37200,37300,37400,37500,37600,37700,37800,37900,223700,114500,123900,101800,115800,95600,75200,260100,28200,17400,36900,36800,36700,36600,36500,36400,36300,36200,36100,36000,46670,279400,398200,261600,190600,95800,236200,481600,100800,76600,39300,36300,4014460,2359670,0,0,0,0,0,
000068.SZ,000068,20251209,94224000,37000,2400,8880,1556,0,,,2245930,8270084,37100,36600,36900,37000,37000,37100,37200,37300,37400,37500,37600,37700,37800,37900,222500,114500,123900,101800,115800,95600,75200,260100,28200,17400,36900,36800,36700,36600,36500,36400,36300,36200,36100,36000,43170,279400,398200,261600,190600,95800,236200,481600,100800,76600,39300,36300,4015260,2356170,0,0,0,0,0,
000068.SZ,000068,20251209,94227000,37000,0,0,1556,0,,,2245930,8270084,37100,36600,36900,37000,37000,37100,37200,37300,37400,37500,37600,37700,37800,37900,227600,114500,123900,101800,115800,95600,75200,260100,28200,17400,36900,36800,36700,36600,36500,36400,36300,36200,36100,36000,43170,279400,399400,261600,190600,95800,236200,481600,100800,76600,39300,36300,4020360,2357370,0,0,0,0,0,
