万得代码,交易所代码,自然日,时间,委托编号,交易所委托号,委托类型,委托代码,委托价格,委托数量,
000068.SZ,000068,20251209,91500050,0,1845,0,S,40700,100,
000068.SZ,000068,20251209,91500060,0,3022,0,B,35100,1000,
000068.SZ,000068,20251209,91500060,0,3040,0,S,40600,1000,
000068.SZ,000068,20251209,91500060,0,4536,0,B,36500,1300,
000068.SZ,000068,20251209,91500060,0,4935,0,S,39800,2500,
000068.SZ,000068,20251209,91500060,0,5365,0,B,37100,2000,
000068.SZ,000068,20251209,91500070,0,6232,0,S,39800,4000,
000068.SZ,000068,20251209,91500070,0,6233,0,S,40600,5000,
000068.SZ,000068,20251209,91500070,0,6344,0,B,36100,1000,
000068.SZ,000068,20251209,91500080,0,12427,0,B,36000,2000,
000068.SZ,000068,20251209,91500080,0,12428,0,B,35500,2000,
000068.SZ,000068,20251209,91500090,0,14484,0,S,37000,4000,
000068.SZ,000068,20251209,91500090,0,14584,0,S,40700,5000,
000068.SZ,000068,20251209,91500090,0,14704,0,S,40700,10000,
000068.SZ,000068,20251209,91500090,0,14705,0,S,40700,20000,
000068.SZ,000068,20251209,91500090,0,15269,0,S,37500,1800,
000068.SZ,000068,20251209,91500090,0,16952,0,B,36600,300,
000068.SZ,000068,20251209,91500100,0,19591,0,S,36500,3200,
000068.SZ,000068,20251209,91500100,0,19746,0,S,40300,600,
000068.SZ,000068,20251209,91500120,0,24562,0,S,40700,1300,
000068.SZ,000068,20251209,91500130,0,26361,0,S,40700,1000,
000068.SZ,000068,20251209,91500130,0,26411,0,S,39800,2000,
000068.SZ,000068,20251209,91500130,0,27722,0,B,36700,20500,
000068.SZ,000068,20251209,91500130,0,27955,0,S,38500,22000,
000068.SZ,000068,20251209,91500130,0,29651,0,S,40700,1200,
000068.SZ,000068,20251209,91500130,0,29777,0,S,39900,600,
000068.SZ,000068,20251209,91500140,0,32860,0,S,40700,2600,
000068.SZ,000068,20251209,91500150,0,33693,0,S,40600,300,
000068.SZ,000068,20251209,91500150,0,34532,0,S,38200,5000,
000068.SZ,000068,20251209,91500160,0,39737,0,S,40600,8400,
000068.SZ,000068,20251209,91500170,0,43264,0,B,36800,10000,
000068.SZ,000068,20251209,91500180,0,45081,0,S,37600,8700,
000068.SZ,000068,20251209,91500180,0,45082,0,S,40600,6200,
000068.SZ,000068,20251209,91500190,0,47072,0,S,40400,2500,
000068.SZ,000068,20251209,91500190,0,47073,0,B,35700,2800,
000068.SZ,000068,20251209,91500190,0,47074,0,B,33300,3000,
000068.SZ,000068,20251209,91500190,0,47604,0,S,37000,100,
000068.SZ,000068,20251209,91500190,0,48600,0,S,40700,3000,
000068.SZ,000068,20251209,91500200,0,50015,0,S,40700,500,
000068.SZ,000068,20251209,91500200,0,50560,0,B,36600,20000,
000068.SZ,000068,20251209,91500200,0,50577,0,B,36600,10000,
000068.SZ,000068,20251209,91500200,0,50619,0,B,36000,600,
000068.SZ,000068,20251209,91500200,0,50620,0,B,35000,600,
000068.SZ,000068,20251209,91500200,0,50621,0,B,33300,600,
000068.SZ,000068,20251209,91500200,0,50622,0,B,33800,600,
000068.SZ,000068,20251209,91500220,0,54194,0,S,40700,6000,
000068.SZ,000068,20251209,91500220,0,54652,0,S,40700,6200,
000068.SZ,000068,20251209,91500220,0,54654,0,B,35800,12100,
000068.SZ,000068,20251209,91500230,0,56355,0,S,40500,26500,
000068.SZ,000068,20251209,91500230,0,56465,0,S,33400,3100,
000068.SZ,000068,20251209,91500230,0,56689,0,B,35700,1000,
000068.SZ,000068,20251209,91500240,0,57745,0,B,35300,100,
000068.SZ,000068,20251209,91500240,0,58450,0,S,38500,3000,
000068.SZ,000068,20251209,91500240,0,58451,0,S,39500,2000,
000068.SZ,000068,20251209,91500240,0,58452,0,S,38000,3000,
000068.SZ,000068,20251209,91500240,0,58905,0,S,39500,8100,
000068.SZ,000068,20251209,91500240,0,59166,0,S,37400,2000,
000068.SZ,000068,20251209,91500250,0,59511,0,S,40300,1500,
000068.SZ,000068,20251209,91500250,0,60257,0,B,33400,6000,
000068.SZ,000068,20251209,91500260,0,60996,0,B,36400,400,
000068.SZ,000068,20251209,91500270,0,62703,0,S,40600,100,
000068.SZ,000068,20251209,91500270,0,62712,0,B,36200,100,
000068.SZ,000068,20251209,91500270,0,63074,0,S,40600,700,
000068.SZ,000068,20251209,91500280,0,63609,0,S,40700,200,
000068.SZ,000068,20251209,91500300,0,66979,0,S,39500,1300,
000068.SZ,000068,20251209,91500300,0,67404,0,S,39900,15000,
000068.SZ,000068,20251209,91500300,0,67753,0,S,37000,300,
000068.SZ,000068,20251209,91500310,0,70118,0,S,40600,1000,
000068.SZ,000068,20251209,91500310,0,70119,0,S,40700,1000,
000068.SZ,000068,20251209,91500310,0,70120,0,S,40500,500,
000068.SZ,000068,20251209,91500340,0,74995,0,S,40600,2900,
000068.SZ,000068,20251209,91500360,0,77066,0,S,37300,17800,
000068.SZ,000068,20251209,91500380,0,79390,0,S,37500,10000,
000068.SZ,000068,20251209,91500380,0,79639,0,S,40700,200,
000068.SZ,000068,20251209,91500390,0,80584,0,S,40400,6000,
000068.SZ,000068,20251209,91500390,0,80588,0,B,35500,6000,
000068.SZ,000068,20251209,91500420,0,84083,0,S,40700,1200,
000068.SZ,000068,20251209,91500420,0,84557,0,B,36800,500,
000068.SZ,000068,20251209,91500430,0,85631,0,S,37300,19700,
000068.SZ,000068,20251209,91500440,0,86804,0,B,37000,1000,
000068.SZ,000068,20251209,91500460,0,88247,0,B,36600,1000,
000068.SZ,000068,20251209,91500460,0,88916,0,B,36600,100,
000068.SZ,000068,20251209,91500480,0,91337,0,B,36100,33000,
000068.SZ,000068,20251209,91500530,0,96117,0,S,36800,100,
000068.SZ,000068,20251209,91500530,0,96317,0,S,39900,5900,
000068.SZ,000068,20251209,91500550,0,98245,0,S,40500,3300,
000068.SZ,000068,20251209,91500560,0,99824,0,B,36600,5400,
000068.SZ,000068,20251209,91500580,0,101239,0,S,40300,4000,
000068.SZ,000068,20251209,91500610,0,104360,0,S,39100,4000,
000068.SZ,000068,20251209,91500630,0,106469,0,S,38800,400,
000068.SZ,000068,20251209,91500630,0,106610,0,S,40700,300,
000068.SZ,000068,20251209,91500630,0,106613,0,S,38400,300,
000068.SZ,000068,20251209,91500630,0,106614,0,S,38900,300,
000068.SZ,000068,20251209,91500640,0,106799,0,S,40000,7400,
000068.SZ,000068,20251209,91500650,0,108576,0,S,40600,1000,
000068.SZ,000068,20251209,91500680,0,111178,0,S,40700,8400,
000068.SZ,000068,20251209,91500690,0,111876,0,S,40700,10000,
000068.SZ,000068,20251209,91500710,0,113570,0,B,36800,5400,
000068.SZ,000068,20251209,91500710,0,114120,0,S,39800,45200,
000068.SZ,000068,20251209,91500720,0,114723,0,S,37300,20000,
000068.SZ,000068,20251209,91500730,0,115802,0,S,40000,400,
000068.SZ,000068,20251209,91500750,0,116793,0,S,37300,28000,
000068.SZ,000068,20251209,91500790,0,120283,0,S,40700,1000,
000068.SZ,000068,20251209,91500840,0,123490,0,B,37100,500,
000068.SZ,000068,20251209,91500920,0,128828,0,S,37600,1000,
000068.SZ,000068,20251209,91500940,0,129862,0,S,37200,1900,
000068.SZ,000068,20251209,91500990,0,132963,0,B,36100,2800,
000068.SZ,000068,20251209,91500990,0,133079,0,S,37800,2600,
000068.SZ,000068,20251209,91501000,0,133277,0,B,35600,5000,
000068.SZ,000068,20251209,91501000,0,133319,0,S,38100,1000,
000068.SZ,000068,20251209,91501000,0,133320,0,S,38300,1200,
000068.SZ,000068,20251209,91501010,0,134261,0,S,38600,5400,
000068.SZ,000068,20251209,91501060,0,137517,0,S,38800,5000,
000068.SZ,000068,20251209,91501080,0,139339,0,S,39300,300,
000068.SZ,000068,20251209,91501100,0,140041,0,B,36300,2100,
000068.SZ,000068,20251209,91501100,0,140398,0,B,36800,5600,
000068.SZ,000068,20251209,91501160,0,144254,0,S,40200,2000,
000068.SZ,000068,20251209,91501250,0,150377,0,S,39900,5000,
000068.SZ,000068,20251209,91501320,0,153496,0,S,40700,30000,
000068.SZ,000068,20251209,91501320,0,153808,0,S,37700,400,
000068.SZ,000068,20251209,91501340,0,155073,0,S,40600,100,
000068.SZ,000068,20251209,91501390,0,157469,0,B,36300,400,
000068.SZ,000068,20251209,91501390,0,157562,0,S,39800,15000,
000068.SZ,000068,20251209,91501390,0,157563,0,S,39200,12300,
000068.SZ,000068,20251209,91501390,0,157564,0,S,38700,12300,
000068.SZ,000068,20251209,91501390,0,157566,0,S,38200,12300,
000068.SZ,000068,20251209,91501400,0,158576,0,S,37600,500,
000068.SZ,000068,20251209,91501410,0,159177,0,S,37700,100,
000068.SZ,000068,20251209,91501430,0,160412,0,S,40500,8000,
000068.SZ,000068,20251209,91501470,0,162606,0,S,40700,3000,
000068.SZ,000068,20251209,91501490,0,164418,0,S,37500,30000,
000068.SZ,000068,20251209,91501500,0,164939,0,S,37500,11000,
000068.SZ,000068,20251209,91501520,0,166771,0,B,36700,300,
000068.SZ,000068,20251209,91501600,0,171937,0,S,40700,8300,
000068.SZ,000068,20251209,91501620,0,172758,0,B,36300,1000,
000068.SZ,000068,20251209,91501620,0,172759,0,S,38900,1000,
000068.SZ,000068,20251209,91501670,0,176287,0,S,40700,1000,
000068.SZ,000068,20251209,91501680,0,176746,0,S,40600,40000,
000068.SZ,000068,20251209,91501680,0,176771,0,S,40600,500,
000068.SZ,000068,20251209,91501710,0,178022,0,B,35800,1000,
000068.SZ,000068,20251209,91501740,0,179113,0,B,36000,400,
000068.SZ,000068,20251209,91501740,0,179338,0,S,40700,20000,
000068.SZ,000068,20251209,91501740,0,179343,0,S,40700,20000,
000068.SZ,000068,20251209,91501970,0,189597,0,S,37800,200,
000068.SZ,000068,20251209,91501980,0,190021,0,B,35700,1300,
000068.SZ,000068,20251209,91501990,0,190146,0,B,33500,200,
000068.SZ,000068,20251209,91501990,0,190557,0,B,36000,4000,
000068.SZ,000068,20251209,91502000,0,190777,0,S,39900,300,
000068.SZ,000068,20251209,91502000,0,191119,0,S,39900,300,
000068.SZ,000068,20251209,91502020,0,191927,0,S,40600,16800,
000068.SZ,000068,20251209,91502090,0,194950,0,S,39400,5000,
000068.SZ,000068,20251209,91502160,0,197475,0,B,36700,300,
000068.SZ,000068,20251209,91502160,0,197477,0,B,35200,400,
000068.SZ,000068,20251209,91502170,0,197938,0,B,36200,500,
000068.SZ,000068,20251209,91502170,0,197939,0,S,38200,1000,
000068.SZ,000068,20251209,91502180,0,198527,0,S,40000,23000,
000068.SZ,000068,20251209,91502190,0,199290,0,S,40000,10000,
000068.SZ,000068,20251209,91502190,0,199315,0,B,33300,500,
000068.SZ,000068,20251209,91502190,0,199319,0,B,36000,200,
000068.SZ,000068,20251209,91502220,0,200714,0,S,39700,3200,
000068.SZ,000068,20251209,91502220,0,200755,0,S,38200,1700,
000068.SZ,000068,20251209,91502310,0,203787,0,S,39500,15000,
000068.SZ,000068,20251209,91502310,0,203791,0,S,40000,15000,
000068.SZ,000068,20251209,91502320,0,204159,0,B,36500,1100,
000068.SZ,000068,20251209,91502330,0,204703,0,B,36600,1000,
000068.SZ,000068,20251209,91502360,0,205576,0,B,36500,1400,
000068.SZ,000068,20251209,91502360,0,205577,0,S,40200,1400,
000068.SZ,000068,20251209,91502380,0,205781,0,S,40200,16000,
000068.SZ,000068,20251209,91502380,0,205964,0,B,35500,10000,
000068.SZ,000068,20251209,91502390,0,206272,0,S,39900,97700,
000068.SZ,000068,20251209,91502400,0,206605,0,S,39900,9000,
000068.SZ,000068,20251209,91502440,0,207919,0,B,36500,500,
000068.SZ,000068,20251209,91502460,0,208685,0,S,40600,1000,
000068.SZ,000068,20251209,91502470,0,209291,0,B,36200,2000,
000068.SZ,000068,20251209,91502470,0,209292,0,B,35200,3000,
000068.SZ,000068,20251209,91502530,0,212012,0,B,36800,500,
000068.SZ,000068,20251209,91502530,0,212014,0,B,36800,200,
000068.SZ,000068,20251209,91502530,0,212015,0,B,36700,1000,
000068.SZ,000068,20251209,91502530,0,212016,0,B,36600,1000,
000068.SZ,000068,20251209,91502530,0,212017,0,B,37000,400,
000068.SZ,000068,20251209,91502530,0,212018,0,B,36500,300,
000068.SZ,000068,20251209,91502530,0,212019,0,B,36400,200,
000068.SZ,000068,20251209,91502530,0,212021,0,B,36400,1000,
000068.SZ,000068,20251209,91502530,0,212022,0,B,36300,1000,
000068.SZ,000068,20251209,91502530,0,212055,0,B,36200,500,
000068.SZ,000068,20251209,91502530,0,212058,0,B,36100,400,
000068.SZ,000068,20251209,91502530,0,212059,0,B,36100,300,
000068.SZ,000068,20251209,91502530,0,212060,0,B,36100,500,
000068.SZ,000068,20251209,91502530,0,212061,0,B,36100,200,
000068.SZ,000068,20251209,91502530,0,212062,0,B,36100,1000,
000068.SZ,000068,20251209,91502530,0,212064,0,B,36000,500,
000068.SZ,000068,20251209,91502530,0,212065,0,B,36000,1500,
000068.SZ,000068,20251209,91502530,0,212066,0,B,35900,500,
000068.SZ,000068,20251209,91502530,0,212073,0,B,35800,300,
000068.SZ,000068,20251209,91502530,0,212074,0,B,35600,200,
000068.SZ,000068,20251209,91502530,0,212075,0,B,35800,1000,
000068.SZ,000068,20251209,91502530,0,212076,0,B,35700,1000,
000068.SZ,000068,20251209,91502530,0,212078,0,B,35700,600,
000068.SZ,000068,20251209,91502530,0,212079,0,B,35600,400,
000068.SZ,000068,20251209,91502530,0,212080,0,B,35600,1000,
000068.SZ,000068,20251209,91502530,0,212081,0,B,35600,500,
000068.SZ,000068,20251209,91502530,0,212082,0,B,35600,1500,
000068.SZ,000068,20251209,91502540,0,212845,0,S,38100,500,
000068.SZ,000068,20251209,91502540,0,212855,0,S,38300,300,
000068.SZ,000068,20251209,91502540,0,212857,0,S,38900,1000,
000068.SZ,000068,20251209,91502540,0,212860,0,S,39100,300,
000068.SZ,000068,20251209,91502540,0,212861,0,S,39100,500,
000068.SZ,000068,20251209,91502540,0,212862,0,S,39200,200,
000068.SZ,000068,20251209,91502540,0,212874,0,S,39500,600,
000068.SZ,000068,20251209,91502540,0,212875,0,S,39600,200,
000068.SZ,000068,20251209,91502540,0,212876,0,S,39600,900,
000068.SZ,000068,20251209,91502540,0,212877,0,S,39800,1000,
000068.SZ,000068,20251209,91502540,0,212884,0,S,40300,1000,
000068.SZ,000068,20251209,91502540,0,212887,0,S,40600,1000,
000068.SZ,000068,20251209,91502580,0,214632,0,S,39800,400,
000068.SZ,000068,20251209,91502760,0,220856,0,S,40300,20000,
000068.SZ,000068,20251209,91502810,0,221774,0,S,37000,900,
000068.SZ,000068,20251209,91502810,0,221775,0,S,37100,900,
000068.SZ,000068,20251209,91502810,0,221798,0,B,36800,800,
000068.SZ,000068,20251209,91502810,0,221799,0,B,36700,800,
000068.SZ,000068,20251209,91502810,0,221800,0,B,36600,900,
000068.SZ,000068,20251209,91502820,0,221872,0,S,40700,2200,
000068.SZ,000068,20251209,91502860,0,222841,0,S,39900,6500,
000068.SZ,000068,20251209,91502920,0,224015,0,B,36700,500,
000068.SZ,000068,20251209,91502920,0,224016,0,B,36500,500,
000068.SZ,000068,20251209,91502920,0,224020,0,B,36200,500,
000068.SZ,000068,20251209,91502920,0,224021,0,B,35900,500,
000068.SZ,000068,20251209,91502920,0,224022,0,B,35600,500,
000068.SZ,000068,20251209,91502920,0,224023,0,S,37500,500,
000068.SZ,000068,20251209,91502920,0,224024,0,S,37800,500,
000068.SZ,000068,20251209,91502920,0,224025,0,S,38100,500,
000068.SZ,000068,20251209,91502920,0,224026,0,S,38500,500,
000068.SZ,000068,20251209,91502920,0,224027,0,S,39000,500,
000068.SZ,000068,20251209,91502990,0,226443,0,S,40700,600,
000068.SZ,000068,20251209,91503030,0,227964,0,S,40400,500,
000068.SZ,000068,20251209,91503030,0,227966,0,S,40700,500,
000068.SZ,000068,20251209,91503050,0,228276,0,S,39000,1000,
000068.SZ,000068,20251209,91503080,0,228972,0,S,40000,100,
000068.SZ,000068,20251209,91503170,0,231783,0,B,36600,30000,
000068.SZ,000068,20251209,91503170,0,231784,0,B,36800,30000,
000068.SZ,000068,20251209,91503170,0,231788,0,B,36600,8000,
000068.SZ,000068,20251209,91503180,0,232060,0,B,36700,200,
000068.SZ,000068,20251209,91503180,0,232061,0,B,35800,200,
000068.SZ,000068,20251209,91503190,0,232222,0,S,39700,200,
000068.SZ,000068,20251209,91503190,0,232223,0,S,40700,200,
000068.SZ,000068,20251209,91503300,0,234164,0,S,40700,1700,
000068.SZ,000068,20251209,91503330,0,234763,0,S,40500,17800,
000068.SZ,000068,20251209,91503370,0,235376,0,S,40700,800,
000068.SZ,000068,20251209,91503370,0,235379,0,S,39000,800,
000068.SZ,000068,20251209,91503430,0,236865,0,B,36200,1500,
000068.SZ,000068,20251209,91503470,0,237660,0,S,40700,10000,
000068.SZ,000068,20251209,91503500,0,238749,0,S,39500,20000,
000068.SZ,000068,20251209,91503500,0,238750,0,S,40000,20000,
000068.SZ,000068,20251209,91503500,0,238822,0,S,38000,1500,
000068.SZ,000068,20251209,91503530,0,239708,0,S,40500,300,
000068.SZ,000068,20251209,91503540,0,240281,0,S,37600,22300,
000068.SZ,000068,20251209,91503560,0,240942,0,B,34900,1000,
000068.SZ,000068,20251209,91503570,0,241600,0,S,40000,2000,
000068.SZ,000068,20251209,91503590,0,241994,0,S,37900,1000,
000068.SZ,000068,20251209,91503590,0,241995,0,B,36100,2000,
000068.SZ,000068,20251209,91503700,0,244647,0,B,36000,1000,
000068.SZ,000068,20251209,91503700,0,244757,0,S,39900,3700,
000068.SZ,000068,20251209,91503710,0,245000,0,S,40600,7000,
000068.SZ,000068,20251209,91503780,0,245927,0,S,37500,13000,
000068.SZ,000068,20251209,91503800,0,246071,0,B,36500,1200,
000068.SZ,000068,20251209,91503810,0,246196,0,S,40700,500,
000068.SZ,000068,20251209,91503810,0,246263,0,S,40700,500,
000068.SZ,000068,20251209,91503810,0,246264,0,S,40000,500,
000068.SZ,000068,20251209,91503810,0,246265,0,S,39500,500,
000068.SZ,000068,20251209,91503810,0,246267,0,S,39000,500,
000068.SZ,000068,20251209,91504030,0,249658,0,S,40700,20000,
000068.SZ,000068,20251209,91504150,0,250992,0,B,36500,200,
000068.SZ,000068,20251209,91504290,0,253087,0,S,40700,200,
000068.SZ,000068,20251209,91504530,0,256527,0,S,40700,6500,
000068.SZ,000068,20251209,91504660,0,259023,0,S,39000,71600,
000068.SZ,000068,20251209,91504810,0,259934,0,B,36000,500,
000068.SZ,000068,20251209,91504930,0,260475,0,B,33700,41600,
000068.SZ,000068,20251209,91505240,0,262779,0,S,40700,100,
000068.SZ,000068,20251209,91505540,0,265036,0,S,40700,40000,
000068.SZ,000068,20251209,91505640,0,266554,0,S,40700,10100,
000068.SZ,000068,20251209,91505760,0,267566,0,S,40700,3500,
000068.SZ,000068,20251209,91505830,0,267738,0,S,37500,2000,
000068.SZ,000068,20251209,91506420,0,270299,0,S,40600,10000,
000068.SZ,000068,20251209,91506950,0,273181,0,S,40500,200,
000068.SZ,000068,20251209,91507070,0,273491,0,S,37300,4200,
000068.SZ,000068,20251209,91507230,0,274242,0,S,40500,34100,
000068.SZ,000068,20251209,91507410,0,274730,0,S,37400,12000,
000068.SZ,000068,20251209,91507510,0,274996,0,S,40500,2600,
000068.SZ,000068,20251209,91507550,0,275138,0,B,36800,600,
000068.SZ,000068,20251209,91507550,0,275150,0,B,36900,300,
000068.SZ,000068,20251209,91507550,0,275151,0,B,36500,500,
000068.SZ,000068,20251209,91507570,0,275290,0,B,36200,1000,
000068.SZ,000068,20251209,91507570,0,275291,0,B,36200,600,
000068.SZ,000068,20251209,91507570,0,275292,0,B,36100,1000,
000068.SZ,000068,20251209,91507570,0,275293,0,B,36100,500,
000068.SZ,000068,20251209,91507570,0,275294,0,B,36000,1000,
000068.SZ,000068,20251209,91507570,0,275295,0,B,35900,1500,
000068.SZ,000068,20251209,91507570,0,275296,0,B,35900,1000,
000068.SZ,000068,20251209,91507570,0,275313,0,B,35700,500,
000068.SZ,000068,20251209,91507570,0,275314,0,B,35600,1000,
000068.SZ,000068,20251209,91507570,0,275315,0,B,35800,500,
000068.SZ,000068,20251209,91507570,0,275316,0,B,35600,500,
000068.SZ,000068,20251209,91507570,0,275325,0,S,38000,1000,
000068.SZ,000068,20251209,91507580,0,275383,0,S,38400,500,
000068.SZ,000068,20251209,91507580,0,275384,0,S,38400,200,
000068.SZ,000068,20251209,91507580,0,275385,0,S,38800,500,
000068.SZ,000068,20251209,91507600,0,275496,0,S,39000,1000,
000068.SZ,000068,20251209,91507600,0,275497,0,S,39200,1000,
000068.SZ,000068,20251209,91507600,0,275498,0,S,39300,1000,
000068.SZ,000068,20251209,91507600,0,275500,0,S,39400,300,
000068.SZ,000068,20251209,91507600,0,275501,0,S,39900,1000,
000068.SZ,000068,20251209,91507600,0,275502,0,S,40000,1000,
000068.SZ,000068,20251209,91507600,0,275503,0,S,40100,1000,
000068.SZ,000068,20251209,91507600,0,275504,0,S,40200,1000,
000068.SZ,000068,20251209,91507600,0,275505,0,S,40400,1000,
000068.SZ,000068,20251209,91507600,0,275507,0,S,40500,1000,
000068.SZ,000068,20251209,91507600,0,275510,0,S,40700,3000,
000068.SZ,000068,20251209,91507660,0,276091,0,S,40700,300,
000068.SZ,000068,20251209,91507710,0,276353,0,B,36500,400,
000068.SZ,000068,20251209,91508720,0,278613,0,S,40700,6200,
000068.SZ,000068,20251209,91509030,0,279083,0,S,37600,10000,
000068.SZ,000068,20251209,91509560,0,279709,0,S,38000,200,
000068.SZ,000068,20251209,91510640,0,281716,0,S,40000,600,
000068.SZ,000068,20251209,91510640,0,281717,0,S,37500,200,
000068.SZ,000068,20251209,91510640,0,281765,0,S,40700,500,
000068.SZ,000068,20251209,91510640,0,281799,0,S,40500,30000,
000068.SZ,000068,20251209,91513120,0,284264,0,S,39200,100,
000068.SZ,000068,20251209,91513120,0,284265,0,B,36200,100,
000068.SZ,000068,20251209,91513130,0,284268,0,S,37100,400,
000068.SZ,000068,20251209,91513130,0,284269,0,B,36700,400,
000068.SZ,000068,20251209,91518890,0,285992,0,S,40100,1000,
000068.SZ,000068,20251209,91526600,0,287650,0,B,36400,6000,
000068.SZ,000068,20251209,91530360,0,288496,0,S,40700,15000,
000068.SZ,000068,20251209,91537430,0,290205,0,S,38800,1000,
000068.SZ,000068,20251209,91543950,0,291913,0,S,37600,1000,
000068.SZ,000068,20251209,91549240,0,293316,0,S,33300,74800,
000068.SZ,000068,20251209,91602890,0,297789,0,B,36800,500,
000068.SZ,000068,20251209,91602890,0,297790,0,S,37200,500,
000068.SZ,000068,20251209,91611740,0,300640,0,S,40300,1000,
000068.SZ,000068,20251209,91613570,0,301201,0,S,40600,10000,
000068.SZ,000068,20251209,91628170,0,305138,0,B,36700,1800,
000068.SZ,000068,20251209,91628290,0,305164,0,S,38800,100,
000068.SZ,000068,20251209,91629260,0,305406,0,S,40000,1000,
000068.SZ,000068,20251209,91631910,0,306306,0,B,35200,100,
000068.SZ,000068,20251209,91642440,0,309252,0,S,37400,3000,
000068.SZ,000068,20251209,91643710,0,309577,0,S,37900,1400,
000068.SZ,000068,20251209,91707150,0,316421,0,S,40700,4800,
000068.SZ,000068,20251209,91709340,0,317053,0,B,36500,1800,
000068.SZ,000068,20251209,91714740,0,318623,0,B,36800,6000,
000068.SZ,000068,20251209,91732460,0,323917,0,B,36800,1000,
000068.SZ,000068,20251209,91739640,0,326095,0,S,40700,2000,
000068.SZ,000068,20251209,91743460,0,327258,0,S,40700,1000,
000068.SZ,000068,20251209,91757120,0,331617,0,S,39900,10000,
000068.SZ,000068,20251209,91805610,0,334364,0,S,39600,56100,
000068.SZ,000068,20251209,91812710,0,336808,0,B,36200,1000,
000068.SZ,000068,20251209,91813390,0,337032,0,B,36800,2000,
000068.SZ,000068,20251209,91813670,0,337142,0,S,38300,1000,
000068.SZ,000068,20251209,91817370,0,338388,0,S,39600,18700,
000068.SZ,000068,20251209,91822940,0,340202,0,B,36800,21000,
000068.SZ,000068,20251209,91826600,0,341469,0,S,40700,1100,
000068.SZ,000068,20251209,91828050,0,341951,0,S,39600,37500,
000068.SZ,000068,20251209,91830780,0,342900,0,S,40700,9900,
000068.SZ,000068,20251209,91836830,0,344991,0,B,36700,1000,
000068.SZ,000068,20251209,91838370,0,345544,0,B,36000,20000,
000068.SZ,000068,20251209,91840870,0,346435,0,S,37300,1000,
000068.SZ,000068,20251209,91858680,0,353124,0,S,40700,100,
000068.SZ,000068,20251209,91902600,0,354645,0,S,38700,3000,
000068.SZ,000068,20251209,91903370,0,354950,0,B,36100,1000,
000068.SZ,000068,20251209,91909610,0,357446,0,B,36800,1000,
000068.SZ,000068,20251209,91910010,0,357606,0,B,36400,3500,
000068.SZ,000068,20251209,91922120,0,362216,0,B,36500,1400,
000068.SZ,000068,20251209,91924680,0,363192,0,S,37600,22000,
000068.SZ,000068,20251209,91932630,0,366329,0,S,39000,6000,
000068.SZ,000068,20251209,91933360,0,366632,0,B,36900,3000,
000068.SZ,000068,20251209,91936590,0,367885,0,S,40500,14600,
000068.SZ,000068,20251209,91943530,0,370614,0,S,40700,1100,
000068.SZ,000068,20251209,92004840,0,379496,0,B,36500,100,
000068.SZ,000068,20251209,92011450,0,381884,0,S,39900,5000,
000068.SZ,000068,20251209,92015550,0,383264,0,B,36000,200,
000068.SZ,000068,20251209,92016820,0,383681,0,B,36600,2000,
000068.SZ,000068,20251209,92040610,0,392072,0,B,36500,2000,
000068.SZ,000068,20251209,92041010,0,392217,0,B,36500,200,
000068.SZ,000068,20251209,92044640,0,393535,0,S,36800,2000,
000068.SZ,000068,20251209,92048240,0,394930,0,S,40000,2500,
000068.SZ,000068,20251209,92048840,0,395133,0,S,38200,3500,
000068.SZ,000068,20251209,92049400,0,395337,0,S,40300,4100,
000068.SZ,000068,20251209,92059370,0,399072,0,B,37300,4200,
000068.SZ,000068,20251209,92110410,0,403335,0,B,36000,500,
000068.SZ,000068,20251209,92112700,0,404157,0,B,36500,1000,
000068.SZ,000068,20251209,92115720,0,405316,0,B,36200,1000,
000068.SZ,000068,20251209,92129410,0,410572,0,B,36600,1000,
000068.SZ,000068,20251209,92130880,0,411124,0,B,36300,8700,
000068.SZ,000068,20251209,92131940,0,411549,0,S,37100,3000,
000068.SZ,000068,20251209,92132050,0,411592,0,B,36800,1300,
000068.SZ,000068,20251209,92144700,0,416649,0,B,36500,200,
000068.SZ,000068,20251209,92154960,0,420949,0,B,36700,19100,
000068.SZ,000068,20251209,92158570,0,422458,0,S,37200,1500,
000068.SZ,000068,20251209,92204280,0,425306,0,S,38800,1000,
000068.SZ,000068,20251209,92211600,0,428413,0,B,38500,2000,
000068.SZ,000068,20251209,92225320,0,434316,0,S,39300,52000,
000068.SZ,000068,20251209,92225350,0,434339,0,S,39800,1000,
000068.SZ,000068,20251209,92233150,0,437701,0,S,40700,2000,
000068.SZ,000068,20251209,92233880,0,438051,0,S,40600,1000,
000068.SZ,000068,20251209,92234930,0,438552,0,S,36800,2800,
000068.SZ,000068,20251209,92236620,0,439276,0,S,36900,1400,
000068.SZ,000068,20251209,92242560,0,442071,0,S,40700,2000,
000068.SZ,000068,20251209,92258070,0,449343,0,B,36900,2000,
000068.SZ,000068,20251209,92304910,0,452684,0,B,36000,5000,
000068.SZ,000068,20251209,92307000,0,453713,0,S,40600,1200,
000068.SZ,000068,20251209,92311840,0,456137,0,S,37100,2000,
000068.SZ,000068,20251209,92312380,0,456403,0,B,36700,1200,
000068.SZ,000068,20251209,92313820,0,457144,0,B,36600,1500,
000068.SZ,000068,20251209,92314770,0,457623,0,S,39900,64100,
000068.SZ,000068,20251209,92316230,0,458358,0,S,39800,20000,
000068.SZ,000068,20251209,92320000,0,460306,0,S,38000,200,
000068.SZ,000068,20251209,92338170,0,470410,0,B,35800,2000,
000068.SZ,000068,20251209,92345350,0,474346,0,S,40600,7500,
000068.SZ,000068,20251209,92358340,0,482175,0,S,40700,9300,
000068.SZ,000068,20251209,92409390,0,489912,0,B,33300,100,
000068.SZ,000068,20251209,92409670,0,490115,0,S,40600,7800,
000068.SZ,000068,20251209,92418250,0,497114,0,S,37100,12700,
000068.SZ,000068,20251209,92427760,0,505559,0,S,40700,10000,
000068.SZ,000068,20251209,92433480,0,511000,0,B,36900,5000,
000068.SZ,000068,20251209,92434780,0,512224,0,B,36100,1500,
000068.SZ,000068,20251209,92434860,0,512311,0,B,36300,500,
000068.SZ,000068,20251209,92437120,0,514572,0,S,38200,5000,
000068.SZ,000068,20251209,92439290,0,517172,0,S,36600,400,
000068.SZ,000068,20251209,92439300,0,517178,0,S,36600,100,
000068.SZ,000068,20251209,92439310,0,517199,0,S,36600,100,
000068.SZ,000068,20251209,92439320,0,517206,0,S,36600,100,
000068.SZ,000068,20251209,92440740,0,518697,0,B,36800,3600,
000068.SZ,000068,20251209,92441380,0,519427,0,S,37000,2000,
000068.SZ,000068,20251209,92441840,0,519921,0,S,37700,12800,
000068.SZ,000068,20251209,92442940,0,521128,0,S,37400,2000,
000068.SZ,000068,20251209,92448330,0,526918,0,S,40700,300,
000068.SZ,000068,20251209,92448640,0,527320,0,S,40000,5000,
000068.SZ,000068,20251209,92450350,0,530281,0,S,36900,2000,
000068.SZ,000068,20251209,92453600,0,535286,0,B,37500,1100,
000068.SZ,000068,20251209,92454330,0,536363,0,B,37300,100,
000068.SZ,000068,20251209,92455030,0,537751,0,S,40100,2000,
000068.SZ,000068,20251209,92455080,0,537850,0,S,37700,10700,
000068.SZ,000068,20251209,92456700,0,542159,0,B,37300,300,
000068.SZ,000068,20251209,92456800,0,542452,0,S,39900,1000,
000068.SZ,000068,20251209,92458340,0,547573,0,S,37400,2800,
000068.SZ,000068,20251209,92458370,0,547776,0,B,37900,3000,
000068.SZ,000068,20251209,92459110,0,550418,0,B,37000,1700,
000068.SZ,000068,20251209,92459510,0,552266,0,B,37100,3000,
000068.SZ,000068,20251209,92459800,0,553695,0,B,37700,1000,
000068.SZ,000068,20251209,92459840,0,553869,0,S,36300,4300,
000068.SZ,000068,20251209,93000050,0,668314,0,S,40700,5060,
000068.SZ,000068,20251209,93000070,0,684817,0,S,40700,20000,
000068.SZ,000068,20251209,93000080,0,686258,0,S,37000,600,
000068.SZ,000068,20251209,93000090,0,691658,0,S,37900,2100,
000068.SZ,000068,20251209,93000100,0,696660,0,S,40500,15000,
000068.SZ,000068,20251209,93000110,0,701985,0,B,37000,900,
000068.SZ,000068,20251209,93000110,0,702118,0,B,37000,900,
000068.SZ,000068,20251209,93000110,0,702123,0,S,36900,4100,
000068.SZ,000068,20251209,93000110,0,703737,0,S,39500,83700,
000068.SZ,000068,20251209,93000110,0,704280,0,S,40700,1000,
000068.SZ,000068,20251209,93000110,0,706005,0,B,36700,600,
000068.SZ,000068,20251209,93000110,0,706304,0,S,39900,15900,
000068.SZ,000068,20251209,93000120,0,711047,0,S,37700,200000,
000068.SZ,000068,20251209,93000130,0,717256,0,S,37600,2000,
000068.SZ,000068,20251209,93000140,0,722178,0,B,36900,1000,
000068.SZ,000068,20251209,93000140,0,722812,0,B,37500,200,
000068.SZ,000068,20251209,93000140,0,723126,0,B,36500,2700,
000068.SZ,000068,20251209,93000150,0,726930,0,S,37000,24400,
000068.SZ,000068,20251209,93000150,0,727041,0,S,40700,3200,
000068.SZ,000068,20251209,93000150,0,727243,0,S,38500,4000,
000068.SZ,000068,20251209,93000160,0,732112,0,S,37200,2000,
000068.SZ,000068,20251209,93000170,0,738072,0,S,37200,800,
000068.SZ,000068,20251209,93000190,0,745293,0,S,37800,2000,
000068.SZ,000068,20251209,93000190,0,745368,0,B,37000,900,
000068.SZ,000068,20251209,93000190,0,745758,0,B,37000,900,
000068.SZ,000068,20251209,93000190,0,746264,0,S,37200,1000,
000068.SZ,000068,20251209,93000190,0,746271,0,B,36700,1000,
000068.SZ,000068,20251209,93000190,0,746799,0,B,36400,1000,
000068.SZ,000068,20251209,93000210,0,754677,0,B,36900,5000,
000068.SZ,000068,20251209,93000210,0,756002,0,S,37200,2600,
000068.SZ,000068,20251209,93000210,0,756388,0,B,37000,900,
000068.SZ,000068,20251209,93000220,0,757195,0,B,36600,1500,
000068.SZ,000068,20251209,93000220,0,758235,0,B,37000,900,
000068.SZ,000068,20251209,93000220,0,759595,0,S,40700,400,
000068.SZ,000068,20251209,93000220,0,759969,0,S,36900,7000,
000068.SZ,000068,20251209,93000270,0,777169,0,S,36800,200,
000068.SZ,000068,20251209,93000290,0,782579,0,B,36900,800,
000068.SZ,000068,20251209,93000290,0,782791,0,B,36900,700,
000068.SZ,000068,20251209,93000290,0,783506,0,S,40700,199000,
000068.SZ,000068,20251209,93000300,0,785314,0,B,36500,1000,
000068.SZ,000068,20251209,93000300,0,786200,0,B,37000,900,
000068.SZ,000068,20251209,93000300,0,786595,0,S,37700,500,
000068.SZ,000068,20251209,93000310,0,789243,0,S,37000,11500,
000068.SZ,000068,20251209,93000310,0,789712,0,S,37200,10000,
000068.SZ,000068,20251209,93000310,0,790491,0,S,39800,20000,
000068.SZ,000068,20251209,93000310,0,790712,0,S,38700,2000,
000068.SZ,000068,20251209,93000320,0,792515,0,B,36500,10000,
000068.SZ,000068,20251209,93000330,0,795255,0,S,40300,3300,
000068.SZ,000068,20251209,93000340,0,797439,0,B,36900,700,
000068.SZ,000068,20251209,93000340,0,797647,0,B,36900,700,
000068.SZ,000068,20251209,93000340,0,798716,0,S,40700,3700,
000068.SZ,000068,20251209,93000360,0,803105,0,B,36300,1300,
000068.SZ,000068,20251209,93000370,0,805638,0,B,36700,9600,
000068.SZ,000068,20251209,93000380,0,807508,0,S,40700,1000,
000068.SZ,000068,20251209,93000410,0,812420,0,S,36900,400,
000068.SZ,000068,20251209,93000420,0,813682,0,S,37000,1700,
000068.SZ,000068,20251209,93000420,0,814696,0,S,37000,2100,
000068.SZ,000068,20251209,93000440,0,816951,0,S,40700,4300,
000068.SZ,000068,20251209,93000440,0,817232,0,S,39300,3000,
000068.SZ,000068,20251209,93000450,0,819039,0,S,40000,3800,
000068.SZ,000068,20251209,93000460,0,820789,0,S,36900,2100,
000068.SZ,000068,20251209,93000460,0,821121,0,B,36600,700,
000068.SZ,000068,20251209,93000460,0,821169,0,S,37000,2000,
000068.SZ,000068,20251209,93000470,0,822423,0,S,37300,4500,
000068.SZ,000068,20251209,93000470,0,822466,0,B,37000,900,
000068.SZ,000068,20251209,93000500,0,827017,0,S,37400,4500,
000068.SZ,000068,20251209,93000510,0,828913,0,S,37000,29900,
000068.SZ,000068,20251209,93000520,0,830681,0,S,37000,1500,
000068.SZ,000068,20251209,93000520,0,830709,0,S,37000,1600,
000068.SZ,000068,20251209,93000530,0,831282,0,S,37400,4700,
000068.SZ,000068,20251209,93000530,0,831512,0,B,36900,100,
000068.SZ,000068,20251209,93000540,0,833495,0,B,36700,2300,
000068.SZ,000068,20251209,93000540,0,834349,0,B,36900,20000,
000068.SZ,000068,20251209,93000540,0,834629,0,S,37000,29900,
000068.SZ,000068,20251209,93000540,0,834805,0,B,37000,1000,
000068.SZ,000068,20251209,93000570,0,838230,0,B,35800,1000,
000068.SZ,000068,20251209,93000600,0,843919,0,S,40600,700,
000068.SZ,000068,20251209,93000600,0,844195,0,B,36900,26900,
000068.SZ,000068,20251209,93000630,0,849008,0,B,33300,300,
000068.SZ,000068,20251209,93000650,0,852851,0,S,37400,900,
000068.SZ,000068,20251209,93000660,0,854570,0,B,36100,8100,
000068.SZ,000068,20251209,93000670,0,855916,0,B,36900,6000,
000068.SZ,000068,20251209,93000700,0,859988,0,S,40300,51200,
000068.SZ,000068,20251209,93000740,0,866623,0,S,38400,5000,
000068.SZ,000068,20251209,93000750,0,868935,0,S,37000,2100,
000068.SZ,000068,20251209,93000750,0,869123,0,S,37000,4000,
000068.SZ,000068,20251209,93000770,0,872382,0,S,40700,500,
000068.SZ,000068,20251209,93000780,0,873119,0,S,39600,10000,
000068.SZ,000068,20251209,93000780,0,873468,0,S,38800,10000,
000068.SZ,000068,20251209,93000780,0,874180,0,S,39900,10000,
000068.SZ,000068,20251209,93000790,0,875087,0,B,35900,30000,
000068.SZ,000068,20251209,93000820,0,879138,0,B,33300,500,
000068.SZ,000068,20251209,93000830,0,880607,0,S,37000,1100,
000068.SZ,000068,20251209,93000830,0,881000,0,B,36700,500,
000068.SZ,000068,20251209,93000840,0,881988,0,S,40700,5000,
000068.SZ,000068,20251209,93000840,0,882122,0,S,40200,10000,
000068.SZ,000068,20251209,93000880,0,889904,0,S,37400,20000,
000068.SZ,000068,20251209,93000900,0,891300,0,S,40700,15100,
000068.SZ,000068,20251209,93000900,0,892045,0,S,37000,600,
000068.SZ,000068,20251209,93000920,0,894155,0,B,36000,2100,
000068.SZ,000068,20251209,93000930,0,896148,0,S,38000,19800,
000068.SZ,000068,20251209,93001030,0,910583,0,S,37000,200,
000068.SZ,000068,20251209,93001040,0,912111,0,S,40600,3000,
000068.SZ,000068,20251209,93001040,0,912791,0,B,36200,1000,
000068.SZ,000068,20251209,93001060,0,914556,0,S,37000,1400,
000068.SZ,000068,20251209,93001160,0,928038,0,S,39400,86700,
000068.SZ,000068,20251209,93001190,0,930559,0,B,36500,31500,
000068.SZ,000068,20251209,93001210,0,933205,0,S,40500,10500,
000068.SZ,000068,20251209,93001250,0,936383,0,B,36900,200,
000068.SZ,000068,20251209,93001280,0,938628,0,B,36900,100,
000068.SZ,000068,20251209,93001330,0,942502,0,B,35700,1800,
000068.SZ,000068,20251209,93001360,0,944554,0,B,35100,6000,
000068.SZ,000068,20251209,93001390,0,947242,0,S,37000,21900,
000068.SZ,000068,20251209,93001430,0,950439,0,S,40000,14000,
000068.SZ,000068,20251209,93001450,0,952191,0,S,40700,15900,
000068.SZ,000068,20251209,93001460,0,953409,0,S,37200,1000,
000068.SZ,000068,20251209,93001500,0,956469,0,B,36500,300,
000068.SZ,000068,20251209,93001530,0,958126,0,B,36700,2000,
000068.SZ,000068,20251209,93001530,0,958448,0,S,38000,2800,
000068.SZ,000068,20251209,93001540,0,960040,0,S,37600,5000,
000068.SZ,000068,20251209,93001620,0,966614,0,B,36500,3000,
000068.SZ,000068,20251209,93001630,0,967855,0,B,36300,6000,
000068.SZ,000068,20251209,93001650,0,970438,0,S,39500,13300,
000068.SZ,000068,20251209,93001660,0,971412,0,B,36700,300,
000068.SZ,000068,20251209,93001660,0,971535,0,S,37200,4600,
000068.SZ,000068,20251209,93001680,0,973416,0,S,37000,1900,
000068.SZ,000068,20251209,93001680,0,973801,0,S,37200,12800,
000068.SZ,000068,20251209,93001690,0,974268,0,S,39300,10000,
000068.SZ,000068,20251209,93001700,0,975853,0,S,37400,30000,
000068.SZ,000068,20251209,93001790,0,983141,0,B,36500,1000,
000068.SZ,000068,20251209,93001850,0,988217,0,B,36300,10000,
000068.SZ,000068,20251209,93001900,0,993160,0,S,37500,20000,
000068.SZ,000068,20251209,93001900,0,993185,0,S,37600,10000,
000068.SZ,000068,20251209,93001950,0,998272,0,B,34500,11600,
000068.SZ,000068,20251209,93002020,0,1005909,0,B,36500,400,
000068.SZ,000068,20251209,93002050,0,1008735,0,B,36700,3000,
000068.SZ,000068,20251209,93002130,0,1014163,0,S,37700,1400,
000068.SZ,000068,20251209,93002160,0,1016656,0,S,37000,800,
000068.SZ,000068,20251209,93002160,0,1016882,0,S,40700,13000,
000068.SZ,000068,20251209,93002210,0,1020174,0,S,40700,60000,
000068.SZ,000068,20251209,93002250,0,1022445,0,S,37200,4000,
000068.SZ,000068,20251209,93002370,0,1028968,0,B,35500,400,
000068.SZ,000068,20251209,93002430,0,1031961,0,S,37000,100,
000068.SZ,000068,20251209,93002440,0,1033483,0,S,39800,1500,
000068.SZ,000068,20251209,93002440,0,1033542,0,S,37000,100,
000068.SZ,000068,20251209,93002440,0,1033634,0,S,39600,16600,
000068.SZ,000068,20251209,93002450,0,1033671,0,S,37700,100,
000068.SZ,000068,20251209,93002510,0,1037178,0,S,37000,900,
000068.SZ,000068,20251209,93002540,0,1039043,0,B,36000,20000,
000068.SZ,000068,20251209,93002650,0,1047294,0,S,40400,2800,
000068.SZ,000068,20251209,93002680,0,1049244,0,S,39500,400,
000068.SZ,000068,20251209,93002730,0,1051911,0,S,38800,100,
000068.SZ,000068,20251209,93002730,0,1052042,0,S,40200,40000,
000068.SZ,000068,20251209,93002780,0,1055358,0,B,36500,100,
000068.SZ,000068,20251209,93002800,0,1056673,0,B,36400,8300,
000068.SZ,000068,20251209,93002840,0,1058607,0,B,36900,900,
000068.SZ,000068,20251209,93002850,0,1059693,0,S,37700,10000,
000068.SZ,000068,20251209,93002890,0,1061942,0,S,37800,10000,
000068.SZ,000068,20251209,93002920,0,1063690,0,B,36500,3300,
000068.SZ,000068,20251209,93002950,0,1065736,0,B,36500,1000,
000068.SZ,000068,20251209,93002960,0,1066738,0,B,36800,83400,
000068.SZ,000068,20251209,93002990,0,1068391,0,S,40700,1500,
000068.SZ,000068,20251209,93003020,0,1071160,0,S,37300,1200,
000068.SZ,000068,20251209,93003060,0,1074261,0,B,36600,500,
000068.SZ,000068,20251209,93003110,0,1076791,0,S,37200,1000,
000068.SZ,000068,20251209,93003120,0,1077428,0,S,37000,900,
000068.SZ,000068,20251209,93003130,0,1078304,0,S,40500,1000,
000068.SZ,000068,20251209,93003150,0,1079736,0,B,37000,900,
000068.SZ,000068,20251209,93003170,0,1080998,0,S,37100,100,
000068.SZ,000068,20251209,93003210,0,1083184,0,S,36900,100,
000068.SZ,000068,20251209,93003220,0,1083410,0,S,37000,2700,
000068.SZ,000068,20251209,93003240,0,1084574,0,B,36500,2000,
000068.SZ,000068,20251209,93003260,0,1085496,0,B,34800,2500,
000068.SZ,000068,20251209,93003320,0,1088218,0,S,37000,100,
000068.SZ,000068,20251209,93003330,0,1088523,0,S,37000,900,
000068.SZ,000068,20251209,93003330,0,1088582,0,S,37000,100,
000068.SZ,000068,20251209,93003350,0,1089323,0,S,37000,100,
000068.SZ,000068,20251209,93003390,0,1091053,0,S,37000,100,
000068.SZ,000068,20251209,93003550,0,1099344,0,B,36900,100,
000068.SZ,000068,20251209,93003600,0,1101451,0,S,36900,100,
000068.SZ,000068,20251209,93003600,0,1101568,0,S,37000,1400,
000068.SZ,000068,20251209,93003600,0,1102087,0,S,37000,200,
000068.SZ,000068,20251209,93003610,0,1102374,0,S,37000,300,
000068.SZ,000068,20251209,93003610,0,1102475,0,S,37000,1500,
000068.SZ,000068,20251209,93003680,0,1107872,0,S,37400,10000,
000068.SZ,000068,20251209,93003770,0,1113012,0,S,37300,1600,
000068.SZ,000068,20251209,93003810,0,1115009,0,S,37000,1400,
000068.SZ,000068,20251209,93003910,0,1119261,0,S,38800,13500,
000068.SZ,000068,20251209,93003940,0,1120586,0,S,37000,900,
000068.SZ,000068,20251209,93003950,0,1120974,0,B,35600,1500,
000068.SZ,000068,20251209,93003960,0,1122210,0,B,36900,5600,
000068.SZ,000068,20251209,93004020,0,1125877,0,B,36900,1000,
000068.SZ,000068,20251209,93004030,0,1126837,0,S,37200,500,
000068.SZ,000068,20251209,93004060,0,1128367,0,S,37000,900,
000068.SZ,000068,20251209,93004190,0,1133556,0,B,36600,9200,
000068.SZ,000068,20251209,93004210,0,1134434,0,B,37000,900,
000068.SZ,000068,20251209,93004240,0,1135316,0,S,40700,2000,
000068.SZ,000068,20251209,93004290,0,1136905,0,S,37200,10000,
000068.SZ,000068,20251209,93004630,0,1151277,0,S,37000,13700,
000068.SZ,000068,20251209,93004700,0,1155297,0,B,36000,1000,
000068.SZ,000068,20251209,93004730,0,1156401,0,S,36800,400,
000068.SZ,000068,20251209,93004790,0,1158440,0,S,37000,300,
000068.SZ,000068,20251209,93004890,0,1162019,0,S,37200,25800,
000068.SZ,000068,20251209,93004930,0,1162969,0,S,37000,900,
000068.SZ,000068,20251209,93005300,0,1177339,0,S,37000,14700,
000068.SZ,000068,20251209,93005400,0,1179708,0,B,36900,200,
000068.SZ,000068,20251209,93005590,0,1184231,0,B,35800,20000,
000068.SZ,000068,20251209,93005610,0,1184665,0,S,36800,500,
000068.SZ,000068,20251209,93005700,0,1188300,0,B,36600,20000,
000068.SZ,000068,20251209,93005740,0,1189365,0,S,37000,900,
000068.SZ,000068,20251209,93005970,0,1195483,0,S,37300,20000,
000068.SZ,000068,20251209,93006120,0,1202199,0,S,36900,2500,
000068.SZ,000068,20251209,93006120,0,1202207,0,S,36900,1900,
000068.SZ,000068,20251209,93006130,0,1202374,0,S,36900,600,
000068.SZ,000068,20251209,93006140,0,1202617,0,S,40600,8400,
000068.SZ,000068,20251209,93006140,0,1202751,0,S,36800,100,
000068.SZ,000068,20251209,93006150,0,1202987,0,S,36900,60000,
000068.SZ,000068,20251209,93006160,0,1203316,0,S,36800,100,
000068.SZ,000068,20251209,93006190,0,1205384,0,S,36900,1700,
000068.SZ,000068,20251209,93006190,0,1205474,0,S,36900,3500,
000068.SZ,000068,20251209,93006190,0,1205479,0,S,36900,2900,
000068.SZ,000068,20251209,93006190,0,1205481,0,S,36900,1400,
000068.SZ,000068,20251209,93006190,0,1205489,0,S,36900,4300,
000068.SZ,000068,20251209,93006190,0,1205491,0,S,36900,1500,
000068.SZ,000068,20251209,93006190,0,1205506,0,S,36900,7800,
000068.SZ,000068,20251209,93006210,0,1206149,0,S,37000,2800,
000068.SZ,000068,20251209,93006210,0,1206151,0,S,37000,3200,
000068.SZ,000068,20251209,93006260,0,1207381,0,S,36900,400,
000068.SZ,000068,20251209,93006510,0,1214812,0,S,37000,700,
000068.SZ,000068,20251209,93006600,0,1216820,0,S,36900,400,
000068.SZ,000068,20251209,93006770,0,1223035,0,S,37000,1800,
000068.SZ,000068,20251209,93006770,0,1223150,0,S,37000,1700,
000068.SZ,000068,20251209,93006780,0,1223206,0,S,37000,1300,
000068.SZ,000068,20251209,93006780,0,1223244,0,S,37000,1900,
000068.SZ,000068,20251209,93006850,0,1225258,0,S,36900,100,
000068.SZ,000068,20251209,93006850,0,1225271,0,S,36900,100,
000068.SZ,000068,20251209,93006850,0,1225332,0,S,36900,7400,
000068.SZ,000068,20251209,93006860,0,1225613,0,B,36500,3100,
000068.SZ,000068,20251209,93006920,0,1227286,0,S,37000,1300,
000068.SZ,000068,20251209,93006970,0,1228849,0,S,36900,700,
000068.SZ,000068,20251209,93007390,0,1239945,0,S,36800,400,
000068.SZ,000068,20251209,93007540,0,1243326,0,S,36900,1500,
000068.SZ,000068,20251209,93007680,0,1247273,0,S,36900,1600,
000068.SZ,000068,20251209,93007680,0,1247294,0,S,36900,1300,
000068.SZ,000068,20251209,93007690,0,1247417,0,S,36900,1600,
000068.SZ,000068,20251209,93007760,0,1248889,0,B,36700,1900,
000068.SZ,000068,20251209,93007840,0,1250564,0,S,36900,100,
000068.SZ,000068,20251209,93007840,0,1250732,0,S,37000,1200,
000068.SZ,000068,20251209,93007850,0,1250895,0,S,37000,1600,
000068.SZ,000068,20251209,93007850,0,1250941,0,S,37000,1300,
000068.SZ,000068,20251209,93007860,0,1250981,0,S,37000,1200,
000068.SZ,000068,20251209,93007860,0,1251120,0,S,37000,1500,
000068.SZ,000068,20251209,93007870,0,1251416,0,S,37600,3400,
000068.SZ,000068,20251209,93007920,0,1252668,0,S,37000,1600,
000068.SZ,000068,20251209,93008680,0,1265792,0,S,37000,100,
000068.SZ,000068,20251209,93008700,0,1266089,0,S,37000,100,
000068.SZ,000068,20251209,93008930,0,1269190,0,S,36900,100,
000068.SZ,000068,20251209,93008950,0,1269706,0,S,36900,100,
000068.SZ,000068,20251209,93008960,0,1269771,0,S,36900,200,
000068.SZ,000068,20251209,93009170,0,1273803,0,S,36900,100,
000068.SZ,000068,20251209,93009430,0,1281397,0,S,36900,100,
000068.SZ,000068,20251209,93009430,0,1281401,0,S,36900,100,
000068.SZ,000068,20251209,93009430,0,1281405,0,S,36900,100,
000068.SZ,000068,20251209,93009670,0,1285920,0,S,36900,100,
000068.SZ,000068,20251209,93010080,0,1294715,0,S,36700,200,
000068.SZ,000068,20251209,93010080,0,1294720,0,S,36700,100,
000068.SZ,000068,20251209,93010130,0,1295216,0,S,36900,26900,
000068.SZ,000068,20251209,93010560,0,1303995,0,S,37000,2100,
000068.SZ,000068,20251209,93010580,0,1304371,0,S,37000,1800,
000068.SZ,000068,20251209,93010580,0,1304372,0,S,37000,1400,
000068.SZ,000068,20251209,93010720,0,1307183,0,S,37000,700,
000068.SZ,000068,20251209,93010750,0,1307693,0,S,37000,600,
000068.SZ,000068,20251209,93010750,0,1307703,0,S,37000,1800,
000068.SZ,000068,20251209,93010760,0,1307769,0,S,37000,900,
000068.SZ,000068,20251209,93012150,0,1323368,0,S,36700,100,
000068.SZ,000068,20251209,93012190,0,1324466,0,B,36800,100,
000068.SZ,000068,20251209,93012400,0,1328427,0,S,37200,3600,
000068.SZ,000068,20251209,93012510,0,1331189,0,B,36900,1900,
000068.SZ,000068,20251209,93013210,0,1342334,0,S,36900,6600,
000068.SZ,000068,20251209,93013210,0,1342342,0,S,36900,2400,
000068.SZ,000068,20251209,93013680,0,1352506,0,S,36900,100,
000068.SZ,000068,20251209,93015140,0,1370184,0,S,36700,200,
000068.SZ,000068,20251209,93015150,0,1370715,0,S,36800,100,
000068.SZ,000068,20251209,93015150,0,1370722,0,S,36800,100,
000068.SZ,000068,20251209,93015180,0,1372390,0,B,36800,500,
000068.SZ,000068,20251209,93015390,0,1378676,0,B,36500,10000,
000068.SZ,000068,20251209,93015690,0,1385409,0,S,37300,6000,
000068.SZ,000068,20251209,93016110,0,1393586,0,S,40700,2200,
000068.SZ,000068,20251209,93016550,0,1402799,0,B,36800,1200,
000068.SZ,000068,20251209,93018320,0,1427658,0,S,36800,100,
000068.SZ,000068,20251209,93018420,0,1430721,0,S,36900,100,
000068.SZ,000068,20251209,93018420,0,1430725,0,S,36900,100,
000068.SZ,000068,20251209,93018420,0,1430738,0,S,36900,100,
000068.SZ,000068,20251209,93018420,0,1430743,0,S,36900,100,
000068.SZ,000068,20251209,93018730,0,1437404,0,S,40700,100,
000068.SZ,000068,20251209,93018890,0,1439917,0,S,36800,1500,
000068.SZ,000068,20251209,93018890,0,1439920,0,S,36800,1500,
000068.SZ,000068,20251209,93019050,0,1442421,0,B,36800,100,
000068.SZ,000068,20251209,93019270,0,1445587,0,S,36800,200,
000068.SZ,000068,20251209,93019400,0,1448930,0,S,36800,200,
000068.SZ,000068,20251209,93019440,0,1449505,0,S,36800,100,
000068.SZ,000068,20251209,93019580,0,1452406,0,S,36800,200,
000068.SZ,000068,20251209,93020580,0,1465408,0,S,36800,300,
000068.SZ,000068,20251209,93020770,0,1467505,0,S,36800,600,
000068.SZ,000068,20251209,93020790,0,1467706,0,S,36900,600,
000068.SZ,000068,20251209,93020790,0,1467710,0,S,36900,3300,
000068.SZ,000068,20251209,93020790,0,1467714,0,S,36900,1500,
000068.SZ,000068,20251209,93020790,0,1467719,0,S,36900,2900,
000068.SZ,000068,20251209,93020790,0,1467725,0,S,36900,3300,
000068.SZ,000068,20251209,93020790,0,1467735,0,S,36900,6300,
000068.SZ,000068,20251209,93020800,0,1467777,0,S,36900,2900,
000068.SZ,000068,20251209,93020810,0,1467872,0,S,36900,2800,
000068.SZ,000068,20251209,93020940,0,1469380,0,S,36900,2900,
000068.SZ,000068,20251209,93020940,0,1469389,0,S,36900,2000,
000068.SZ,000068,20251209,93020950,0,1469446,0,S,36900,2000,
000068.SZ,000068,20251209,93020950,0,1469457,0,S,36900,2400,
000068.SZ,000068,20251209,93021020,0,1470238,0,B,36900,30000,
000068.SZ,000068,20251209,93021270,0,1473276,0,S,36800,600,
000068.SZ,000068,20251209,93021270,0,1473386,0,B,36800,200,
000068.SZ,000068,20251209,93022030,0,1489223,0,B,36800,100,
000068.SZ,000068,20251209,93022080,0,1490044,0,S,36900,200,
000068.SZ,000068,20251209,93022550,0,1498363,0,S,36900,2700,
000068.SZ,000068,20251209,93022710,0,1500845,0,S,37500,10000,
000068.SZ,000068,20251209,93023670,0,1511451,0,S,36800,1500,
000068.SZ,000068,20251209,93023680,0,1511534,0,S,36800,1500,
000068.SZ,000068,20251209,93024410,0,1521726,0,S,36900,1400,
000068.SZ,000068,20251209,93024410,0,1521900,0,S,36900,2400,
000068.SZ,000068,20251209,93024670,0,1526747,0,B,36900,5000,
000068.SZ,000068,20251209,93024820,0,1528654,0,S,36900,900,
000068.SZ,000068,20251209,93025240,0,1536082,0,S,40700,21200,
000068.SZ,000068,20251209,93025380,0,1538511,0,B,36600,3600,
000068.SZ,000068,20251209,93025390,0,1538630,0,B,36800,300,
000068.SZ,000068,20251209,93025620,0,1542943,0,S,36800,200,
000068.SZ,000068,20251209,93025620,0,1542951,0,S,36800,200,
000068.SZ,000068,20251209,93025850,0,1545539,0,B,36900,100,
000068.SZ,000068,20251209,93027030,0,1558475,0,S,36800,1500,
000068.SZ,000068,20251209,93027220,0,1561133,0,S,36800,5700,
000068.SZ,000068,20251209,93027230,0,1561357,0,S,36800,2900,
000068.SZ,000068,20251209,93027230,0,1561407,0,B,36800,500,
000068.SZ,000068,20251209,93027230,0,1561408,0,B,36800,1400,
000068.SZ,000068,20251209,93027240,0,1561431,0,S,36800,2800,
000068.SZ,000068,20251209,93027240,0,1561436,0,S,36800,8400,
000068.SZ,000068,20251209,93027240,0,1561439,0,S,36800,2900,
000068.SZ,000068,20251209,93027240,0,1561443,0,S,36800,11200,
000068.SZ,000068,20251209,93027240,0,1561445,0,S,36800,800,
000068.SZ,000068,20251209,93027240,0,1561454,0,S,36800,4100,
000068.SZ,000068,20251209,93027250,0,1561670,0,B,36800,200,
000068.SZ,000068,20251209,93027270,0,1561899,0,B,36800,200,
000068.SZ,000068,20251209,93027280,0,1562418,0,B,36800,500,
000068.SZ,000068,20251209,93027560,0,1568184,0,S,36800,1500,
000068.SZ,000068,20251209,93027690,0,1570640,0,B,36900,13600,
000068.SZ,000068,20251209,93028230,0,1578349,0,B,36700,1100,
000068.SZ,000068,20251209,93028600,0,1585332,0,S,36800,200,
000068.SZ,000068,20251209,93028600,0,1585334,0,S,36800,200,
000068.SZ,000068,20251209,93028690,0,1586962,0,S,36800,200,
000068.SZ,000068,20251209,93028690,0,1586981,0,S,36800,200,
000068.SZ,000068,20251209,93030060,0,1604450,0,B,36800,3000,
000068.SZ,000068,20251209,93030320,0,1609513,0,B,36900,100,
000068.SZ,000068,20251209,93030390,0,1610578,0,B,36800,900,
000068.SZ,000068,20251209,93030480,0,1612077,0,B,36800,500,
000068.SZ,000068,20251209,93030500,0,1613117,0,B,36800,300,
000068.SZ,000068,20251209,93030530,0,1613950,0,S,36800,300,
000068.SZ,000068,20251209,93030570,0,1615210,0,B,36800,1000,
000068.SZ,000068,20251209,93030600,0,1616243,0,B,36800,1000,
000068.SZ,000068,20251209,93030650,0,1617128,0,B,36800,600,
000068.SZ,000068,20251209,93031030,0,1623324,0,S,36900,100,
000068.SZ,000068,20251209,93031330,0,1627641,0,S,36800,200,
000068.SZ,000068,20251209,93031620,0,1633649,0,S,37000,4000,
000068.SZ,000068,20251209,93031620,0,1633650,0,S,36900,4000,
000068.SZ,000068,20251209,93031620,0,1633651,0,S,37100,4000,
000068.SZ,000068,20251209,93031620,0,1633660,0,S,36900,1900,
000068.SZ,000068,20251209,93031700,0,1634805,0,S,36800,2700,
000068.SZ,000068,20251209,93031700,0,1634826,0,S,36800,2700,
000068.SZ,000068,20251209,93031760,0,1635737,0,B,36700,2000,
000068.SZ,000068,20251209,93031980,0,1637926,0,S,36900,3000,
000068.SZ,000068,20251209,93032010,0,1638236,0,B,36800,100,
000068.SZ,000068,20251209,93032030,0,1638742,0,S,36900,300,
000068.SZ,000068,20251209,93032050,0,1638927,0,B,36600,500,
000068.SZ,000068,20251209,93032050,0,1638930,0,S,37000,500,
000068.SZ,000068,20251209,93032930,0,1648578,0,S,40500,1000,
000068.SZ,000068,20251209,93032990,0,1649179,0,S,36900,2100,
000068.SZ,000068,20251209,93033010,0,1649417,0,B,36600,5000,
000068.SZ,000068,20251209,93033150,0,1651267,0,S,36900,400,
000068.SZ,000068,20251209,93033160,0,1651274,0,S,36900,100,
000068.SZ,000068,20251209,93033160,0,1651276,0,S,36900,400,
000068.SZ,000068,20251209,93033160,0,1651282,0,S,36800,200,
000068.SZ,000068,20251209,93033160,0,1651405,0,S,36900,400,
000068.SZ,000068,20251209,93033560,0,1659110,0,S,36900,3500,
000068.SZ,000068,20251209,93033560,0,1659124,0,S,36900,3900,
000068.SZ,000068,20251209,93033760,0,1663399,0,S,36800,100,
000068.SZ,000068,20251209,93034180,0,1669655,0,S,36900,8500,
000068.SZ,000068,20251209,93034590,0,1676833,0,S,36900,30000,
000068.SZ,000068,20251209,93035350,0,1688151,0,B,36900,100,
000068.SZ,000068,20251209,93035350,0,1688153,0,B,36900,100,
000068.SZ,000068,20251209,93035350,0,1688162,0,B,36900,100,
000068.SZ,000068,20251209,93035580,0,1691564,0,B,36900,100,
000068.SZ,000068,20251209,93035580,0,1691568,0,B,36900,100,
000068.SZ,000068,20251209,93035820,0,1694626,0,S,36800,100,
000068.SZ,000068,20251209,93035820,0,1694630,0,S,36800,100,
000068.SZ,000068,20251209,93035820,0,1694651,0,S,36800,100,
000068.SZ,000068,20251209,93035830,0,1694792,0,S,36800,200,
000068.SZ,000068,20251209,93035850,0,1695003,0,S,36800,100,
000068.SZ,000068,20251209,93035850,0,1695005,0,S,36800,100,
000068.SZ,000068,20251209,93035850,0,1695007,0,S,36800,100,
000068.SZ,000068,20251209,93035850,0,1695082,0,S,36800,100,
000068.SZ,000068,20251209,93035860,0,1695141,0,S,36800,100,
000068.SZ,000068,20251209,93035960,0,1696492,0,B,36500,200,
000068.SZ,000068,20251209,93036150,0,1699738,0,S,36800,100,
000068.SZ,000068,20251209,93036160,0,1700147,0,S,36800,100,
000068.SZ,000068,20251209,93036250,0,1702896,0,S,36900,1400,
000068.SZ,000068,20251209,93036440,0,1706232,0,S,37700,6000,
000068.SZ,000068,20251209,93037080,0,1718579,0,S,36900,3000,
000068.SZ,000068,20251209,93037180,0,1720366,0,B,36800,100,
000068.SZ,000068,20251209,93037550,0,1727911,0,S,36900,1200,
000068.SZ,000068,20251209,93037590,0,1728746,0,S,36800,100,
000068.SZ,000068,20251209,93037760,0,1731314,0,S,36800,4000,
000068.SZ,000068,20251209,93038570,0,1741724,0,S,36800,3000,
000068.SZ,000068,20251209,93038570,0,1741739,0,S,36800,9900,
000068.SZ,000068,20251209,93038680,0,1743226,0,S,36900,100,
000068.SZ,000068,20251209,93038940,0,1747196,0,S,36900,2900,
000068.SZ,000068,20251209,93038940,0,1747201,0,S,36900,600,
000068.SZ,000068,20251209,93038940,0,1747249,0,S,36900,400,
000068.SZ,000068,20251209,93038940,0,1747250,0,S,36900,200,
000068.SZ,000068,20251209,93038940,0,1747255,0,S,36900,1500,
000068.SZ,000068,20251209,93038940,0,1747260,0,S,36900,100,
000068.SZ,000068,20251209,93038940,0,1747262,0,S,36900,200,
000068.SZ,000068,20251209,93038940,0,1747267,0,S,36900,100,
000068.SZ,000068,20251209,93038940,0,1747276,0,S,36900,700,
000068.SZ,000068,20251209,93039070,0,1749774,0,S,36800,7000,
000068.SZ,000068,20251209,93039160,0,1751453,0,S,36800,9800,
000068.SZ,000068,20251209,93039160,0,1751457,0,S,36800,6400,
000068.SZ,000068,20251209,93039160,0,1751464,0,S,36800,3600,
000068.SZ,000068,20251209,93039160,0,1751480,0,S,36800,23100,
000068.SZ,000068,20251209,93039170,0,1751552,0,S,36800,42900,
000068.SZ,000068,20251209,93039170,0,1751554,0,S,36800,22500,
000068.SZ,000068,20251209,93039170,0,1751630,0,S,36800,600,
000068.SZ,000068,20251209,93039170,0,1751632,0,S,36800,1700,
000068.SZ,000068,20251209,93039170,0,1751644,0,S,36800,41200,
000068.SZ,000068,20251209,93039170,0,1751754,0,S,36800,300,
000068.SZ,000068,20251209,93039180,0,1751853,0,S,36800,21500,
000068.SZ,000068,20251209,93039610,0,1761338,0,B,36500,6000,
000068.SZ,000068,20251209,93039640,0,1761815,0,B,36900,9000,
000068.SZ,000068,20251209,93039640,0,1761906,0,B,36900,40000,
000068.SZ,000068,20251209,93039650,0,1762221,0,S,36900,400,
000068.SZ,000068,20251209,93039660,0,1762327,0,S,36800,1100,
000068.SZ,000068,20251209,93039660,0,1762398,0,S,36800,1200,
000068.SZ,000068,20251209,93039660,0,1762413,0,S,36900,2300,
000068.SZ,000068,20251209,93039950,0,1767454,0,S,36800,800,
000068.SZ,000068,20251209,93040080,0,1769440,0,S,36800,1500,
000068.SZ,000068,20251209,93040090,0,1769639,0,S,36800,1500,
000068.SZ,000068,20251209,93040100,0,1769785,0,S,36800,500,
000068.SZ,000068,20251209,93040110,0,1769890,0,S,36800,1500,
000068.SZ,000068,20251209,93040250,0,1772469,0,S,36900,3900,
000068.SZ,000068,20251209,93040460,0,1776684,0,S,36900,900,
000068.SZ,000068,20251209,93040470,0,1776790,0,S,36800,100,
000068.SZ,000068,20251209,93040490,0,1777152,0,S,36800,100,
000068.SZ,000068,20251209,93040620,0,1779208,0,B,36700,1000,
000068.SZ,000068,20251209,93040750,0,1781338,0,S,36800,300,
000068.SZ,000068,20251209,93040770,0,1781670,0,S,36800,1200,
000068.SZ,000068,20251209,93040790,0,1781975,0,S,36900,2500,
000068.SZ,000068,20251209,93040820,0,1782438,0,S,36800,2000,
000068.SZ,000068,20251209,93040820,0,1782442,0,S,36800,21500,
000068.SZ,000068,20251209,93040820,0,1782443,0,S,36800,900,
000068.SZ,000068,20251209,93040820,0,1782446,0,S,36800,2900,
000068.SZ,000068,20251209,93040820,0,1782447,0,S,36800,3700,
000068.SZ,000068,20251209,93040820,0,1782448,0,S,36800,4200,
000068.SZ,000068,20251209,93040840,0,1782799,0,S,36800,5000,
000068.SZ,000068,20251209,93040970,0,1784809,0,S,36800,400,
000068.SZ,000068,20251209,93040970,0,1784810,0,S,36800,1800,
000068.SZ,000068,20251209,93040970,0,1784812,0,S,36800,400,
000068.SZ,000068,20251209,93040970,0,1784813,0,S,36800,400,
000068.SZ,000068,20251209,93040970,0,1784817,0,S,36800,1500,
000068.SZ,000068,20251209,93040970,0,1784822,0,S,36800,300,
000068.SZ,000068,20251209,93040970,0,1784824,0,S,36800,600,
000068.SZ,000068,20251209,93040970,0,1784826,0,S,36800,100,
000068.SZ,000068,20251209,93040970,0,1784829,0,S,36800,200,
000068.SZ,000068,20251209,93040970,0,1784830,0,S,36800,200,
000068.SZ,000068,20251209,93040970,0,1784864,0,S,36800,800,
000068.SZ,000068,20251209,93040970,0,1784880,0,S,36800,1400,
000068.SZ,000068,20251209,93041220,0,1789208,0,S,36700,8200,
000068.SZ,000068,20251209,93041750,0,1797108,0,B,36700,5400,
000068.SZ,000068,20251209,93042200,0,1804630,0,B,36700,100,
000068.SZ,000068,20251209,93042200,0,1804659,0,S,36700,200,
000068.SZ,000068,20251209,93042200,0,1804760,0,B,36800,100,
000068.SZ,000068,20251209,93042230,0,1805601,0,B,36700,1000,
000068.SZ,000068,20251209,93042270,0,1806835,0,B,36700,5400,
000068.SZ,000068,20251209,93042310,0,1807888,0,B,36800,100,
000068.SZ,000068,20251209,93042350,0,1808646,0,B,36800,5000,
000068.SZ,000068,20251209,93042480,0,1811377,0,S,36600,600,
000068.SZ,000068,20251209,93042540,0,1812971,0,B,36700,5400,
000068.SZ,000068,20251209,93042920,0,1819880,0,S,36800,4000,
000068.SZ,000068,20251209,93043230,0,1825193,0,B,36700,1300,
000068.SZ,000068,20251209,93043240,0,1825353,0,B,36700,700,
000068.SZ,000068,20251209,93043260,0,1825889,0,S,36800,2100,
000068.SZ,000068,20251209,93043260,0,1825893,0,S,36800,1900,
000068.SZ,000068,20251209,93043290,0,1826326,0,S,36800,2100,
000068.SZ,000068,20251209,93043350,0,1827407,0,S,36800,1700,
000068.SZ,000068,20251209,93043400,0,1828720,0,S,36800,1900,
000068.SZ,000068,20251209,93043450,0,1829965,0,B,36800,100,
000068.SZ,000068,20251209,93043460,0,1830032,0,B,36800,200,
000068.SZ,000068,20251209,93043470,0,1830394,0,S,36800,1100,
000068.SZ,000068,20251209,93043580,0,1832208,0,B,36700,100,
000068.SZ,000068,20251209,93043580,0,1832215,0,B,36700,100,
000068.SZ,000068,20251209,93043600,0,1832842,0,S,36800,2000,
000068.SZ,000068,20251209,93043610,0,1832971,0,B,36700,5400,
000068.SZ,000068,20251209,93043630,0,1833549,0,B,36700,100,
000068.SZ,000068,20251209,93043740,0,1835248,0,B,36700,600,
000068.SZ,000068,20251209,93043740,0,1835249,0,B,36700,700,
000068.SZ,000068,20251209,93043940,0,1838078,0,B,36700,100,
000068.SZ,000068,20251209,93043980,0,1838722,0,S,36800,1400,
000068.SZ,000068,20251209,93044000,0,1839166,0,B,36700,1000,
000068.SZ,000068,20251209,93044030,0,1839484,0,S,36800,100,
000068.SZ,000068,20251209,93044030,0,1839553,0,S,36800,100,
000068.SZ,000068,20251209,93044030,0,1839642,0,S,36800,100,
000068.SZ,000068,20251209,93044040,0,1839769,0,S,36800,100,
000068.SZ,000068,20251209,93044230,0,1842598,0,B,36700,100,
000068.SZ,000068,20251209,93044440,0,1846062,0,S,36800,100,
000068.SZ,000068,20251209,93044760,0,1851712,0,B,36800,200,
000068.SZ,000068,20251209,93045200,0,1858631,0,B,36800,300,
000068.SZ,000068,20251209,93045280,0,1860536,0,S,36900,800,
000068.SZ,000068,20251209,93045840,0,1870688,0,B,36700,100,
000068.SZ,000068,20251209,93046130,0,1875031,0,B,36700,200,
000068.SZ,000068,20251209,93046270,0,1877456,0,S,36300,1500,
000068.SZ,000068,20251209,93047170,0,1890495,0,S,40500,2500,
000068.SZ,000068,20251209,93047530,0,1894758,0,B,36700,6000,
000068.SZ,000068,20251209,93048280,0,1904296,0,B,36800,200,
000068.SZ,000068,20251209,93049720,0,1927343,0,S,36700,59800,
000068.SZ,000068,20251209,93050040,0,1931240,0,S,36900,400,
000068.SZ,000068,20251209,93050690,0,1939620,0,B,36700,7700,
000068.SZ,000068,20251209,93051020,0,1943968,0,S,36800,1400,
000068.SZ,000068,20251209,93051370,0,1948399,0,B,36700,200,
000068.SZ,000068,20251209,93051370,0,1948455,0,B,36800,300,
000068.SZ,000068,20251209,93051390,0,1948771,0,S,36900,5700,
000068.SZ,000068,20251209,93051950,0,1956743,0,S,36800,200,
000068.SZ,000068,20251209,93052080,0,1958322,0,S,36900,1500,
000068.SZ,000068,20251209,93052870,0,1969543,0,B,36400,100,
000068.SZ,000068,20251209,93053080,0,1972535,0,B,36600,4800,
000068.SZ,000068,20251209,93053310,0,1975161,0,B,36700,100,
000068.SZ,000068,20251209,93053560,0,1978688,0,B,36600,500,
000068.SZ,000068,20251209,93053760,0,1981098,0,S,37000,2000,
000068.SZ,000068,20251209,93054270,0,1988107,0,B,36700,200,
000068.SZ,000068,20251209,93054700,0,1994288,0,B,36000,10000,
000068.SZ,000068,20251209,93055090,0,1999362,0,B,36800,50000,
000068.SZ,000068,20251209,93056010,0,2011701,0,S,36800,300,
000068.SZ,000068,20251209,93056010,0,2011703,0,S,36800,100,
000068.SZ,000068,20251209,93056040,0,2011996,0,S,36900,100,
000068.SZ,000068,20251209,93056040,0,2012000,0,S,36900,1400,
000068.SZ,000068,20251209,93056040,0,2012002,0,S,36900,1200,
000068.SZ,000068,20251209,93056040,0,2012009,0,S,36900,1500,
000068.SZ,000068,20251209,93056040,0,2012013,0,S,36900,100,
000068.SZ,000068,20251209,93056040,0,2012014,0,S,36900,5800,
000068.SZ,000068,20251209,93056040,0,2012020,0,S,36900,200,
000068.SZ,000068,20251209,93056050,0,2012033,0,S,36900,3900,
000068.SZ,000068,20251209,93056050,0,2012037,0,S,36900,6700,
000068.SZ,000068,20251209,93056050,0,2012077,0,S,36900,100,
000068.SZ,000068,20251209,93056060,0,2012163,0,S,36900,2500,
000068.SZ,000068,20251209,93056060,0,2012231,0,S,36900,2200,
000068.SZ,000068,20251209,93056060,0,2012233,0,S,36900,2200,
000068.SZ,000068,20251209,93056180,0,2013866,0,S,36900,1300,
000068.SZ,000068,20251209,93056180,0,2013869,0,S,36900,700,
000068.SZ,000068,20251209,93056180,0,2013893,0,S,36900,2900,
000068.SZ,000068,20251209,93056270,0,2015274,0,S,36800,9800,
000068.SZ,000068,20251209,93056270,0,2015280,0,S,36800,200,
000068.SZ,000068,20251209,93056390,0,2016839,0,S,36800,2100,
000068.SZ,000068,20251209,93056980,0,2023816,0,S,36800,2000,
000068.SZ,000068,20251209,93056980,0,2023839,0,S,36800,1500,
000068.SZ,000068,20251209,93056980,0,2023845,0,S,36800,2100,
000068.SZ,000068,20251209,93056990,0,2023921,0,S,36800,1200,
000068.SZ,000068,20251209,93056990,0,2023942,0,S,36800,1600,
000068.SZ,000068,20251209,93057160,0,2025872,0,B,36500,10000,
000068.SZ,000068,20251209,93057650,0,2032653,0,B,36700,2000,
000068.SZ,000068,20251209,93057730,0,2033564,0,B,36700,100,
000068.SZ,000068,20251209,93058720,0,2046979,0,B,36600,100,
000068.SZ,000068,20251209,93059570,0,2056837,0,B,36500,3000,
000068.SZ,000068,20251209,93059740,0,2058750,0,B,36500,200,
000068.SZ,000068,20251209,93059970,0,2061503,0,S,36700,100000,
000068.SZ,000068,20251209,93059970,0,2061596,0,B,36800,100,
000068.SZ,000068,20251209,93059980,0,2061676,0,B,36700,7000,
000068.SZ,000068,20251209,93059990,0,2061791,0,B,36700,200,
000068.SZ,000068,20251209,93100000,0,2061914,0,B,36700,4100,
000068.SZ,000068,20251209,93100000,0,2062045,0,B,36700,100,
000068.SZ,000068,20251209,93100000,0,2062048,0,B,36700,100,
000068.SZ,000068,20251209,93100000,0,2062050,0,B,36700,100,
000068.SZ,000068,20251209,93100000,0,2062056,0,B,36700,100,
000068.SZ,000068,20251209,93100000,0,2062060,0,B,36700,100,
000068.SZ,000068,20251209,93100000,0,2062063,0,B,36700,100,
000068.SZ,000068,20251209,93100000,0,2062072,0,B,36700,100,
000068.SZ,000068,20251209,93100010,0,2062211,0,B,36700,100,
000068.SZ,000068,20251209,93100010,0,2062213,0,B,36700,100,
000068.SZ,000068,20251209,93100010,0,2062215,0,B,36700,100,
000068.SZ,000068,20251209,93100010,0,2062217,0,B,36700,100,
000068.SZ,000068,20251209,93100010,0,2062219,0,B,36700,100,
000068.SZ,000068,20251209,93100010,0,2062221,0,B,36700,100,
000068.SZ,000068,20251209,93100010,0,2062224,0,B,36700,100,
000068.SZ,000068,20251209,93100010,0,2062229,0,B,36700,200,
000068.SZ,000068,20251209,93100010,0,2062233,0,B,36700,100,
000068.SZ,000068,20251209,93100010,0,2062242,0,B,36700,100,
000068.SZ,000068,20251209,93100010,0,2062251,0,B,36700,100,
000068.SZ,000068,20251209,93100010,0,2062253,0,B,36700,100,
000068.SZ,000068,20251209,93100010,0,2062255,0,B,36700,100,
000068.SZ,000068,20251209,93100010,0,2062259,0,B,36700,100,
000068.SZ,000068,20251209,93100010,0,2062263,0,B,36700,100,
000068.SZ,000068,20251209,93100010,0,2062267,0,B,36700,100,
000068.SZ,000068,20251209,93100020,0,2062273,0,B,36700,100,
000068.SZ,000068,20251209,93100020,0,2062373,0,B,36700,1000,
000068.SZ,000068,20251209,93100020,0,2062375,0,B,36700,200,
000068.SZ,000068,20251209,93100030,0,2062513,0,B,36700,100,
000068.SZ,000068,20251209,93100090,0,2063528,0,B,36700,600,
000068.SZ,000068,20251209,93100120,0,2064009,0,B,36700,6100,
000068.SZ,000068,20251209,93100140,0,2064257,0,B,36700,100,
000068.SZ,000068,20251209,93100150,0,2064353,0,B,36700,100,
000068.SZ,000068,20251209,93100150,0,2064395,0,B,36700,1600,
000068.SZ,000068,20251209,93100150,0,2064397,0,B,36700,600,
000068.SZ,000068,20251209,93100150,0,2064401,0,B,36700,400,
000068.SZ,000068,20251209,93100150,0,2064403,0,B,36700,700,
000068.SZ,000068,20251209,93100150,0,2064406,0,B,36700,400,
000068.SZ,000068,20251209,93100150,0,2064408,0,B,36700,1700,
000068.SZ,000068,20251209,93100150,0,2064411,0,B,36700,300,
000068.SZ,000068,20251209,93100150,0,2064413,0,B,36700,2100,
000068.SZ,000068,20251209,93100150,0,2064416,0,B,36700,1600,
000068.SZ,000068,20251209,93100150,0,2064418,0,B,36700,500,
000068.SZ,000068,20251209,93100150,0,2064420,0,B,36700,800,
000068.SZ,000068,20251209,93100150,0,2064422,0,B,36700,700,
000068.SZ,000068,20251209,93100150,0,2064426,0,B,36700,400,
000068.SZ,000068,20251209,93100150,0,2064428,0,B,36700,1200,
000068.SZ,000068,20251209,93100150,0,2064430,0,B,36700,1000,
000068.SZ,000068,20251209,93100150,0,2064432,0,B,36700,300,
000068.SZ,000068,20251209,93100150,0,2064434,0,B,36700,300,
000068.SZ,000068,20251209,93100150,0,2064436,0,B,36700,600,
000068.SZ,000068,20251209,93100150,0,2064440,0,B,36700,1500,
000068.SZ,000068,20251209,93100150,0,2064442,0,B,36700,1200,
000068.SZ,000068,20251209,93100150,0,2064444,0,B,36700,900,
000068.SZ,000068,20251209,93100150,0,2064446,0,B,36700,1200,
000068.SZ,000068,20251209,93100150,0,2064448,0,B,36700,1500,
000068.SZ,000068,20251209,93100150,0,2064450,0,B,36700,900,
000068.SZ,000068,20251209,93100150,0,2064452,0,B,36700,800,
000068.SZ,000068,20251209,93100150,0,2064454,0,B,36700,1000,
000068.SZ,000068,20251209,93100150,0,2064456,0,B,36700,900,
000068.SZ,000068,20251209,93100150,0,2064461,0,B,36700,900,
000068.SZ,000068,20251209,93100150,0,2064463,0,B,36700,1200,
000068.SZ,000068,20251209,93100150,0,2064465,0,B,36700,300,
000068.SZ,000068,20251209,93100150,0,2064467,0,B,36700,400,
000068.SZ,000068,20251209,93100150,0,2064469,0,B,36700,800,
000068.SZ,000068,20251209,93100150,0,2064471,0,B,36700,1100,
000068.SZ,000068,20251209,93100150,0,2064474,0,B,36700,2900,
000068.SZ,000068,20251209,93100150,0,2064482,0,B,36700,300,
000068.SZ,000068,20251209,93100150,0,2064496,0,B,36700,300,
000068.SZ,000068,20251209,93100150,0,2064506,0,B,36700,100,
000068.SZ,000068,20251209,93100150,0,2064508,0,B,36700,100,
000068.SZ,000068,20251209,93100150,0,2064510,0,B,36700,100,
000068.SZ,000068,20251209,93100150,0,2064539,0,B,36700,100,
000068.SZ,000068,20251209,93100150,0,2064555,0,B,36700,100,
000068.SZ,000068,20251209,93100150,0,2064559,0,B,36700,600,
000068.SZ,000068,20251209,93100160,0,2064582,0,B,36700,100,
000068.SZ,000068,20251209,93100160,0,2064624,0,B,36700,1700,
000068.SZ,000068,20251209,93100160,0,2064647,0,B,36700,100,
000068.SZ,000068,20251209,93100160,0,2064649,0,B,36700,300,
000068.SZ,000068,20251209,93100160,0,2064658,0,B,36700,100,
000068.SZ,000068,20251209,93100170,0,2064840,0,B,36700,600,
000068.SZ,000068,20251209,93100180,0,2064972,0,B,36600,400,
000068.SZ,000068,20251209,93100220,0,2065939,0,B,36700,500,
000068.SZ,000068,20251209,93100330,0,2068421,0,B,36700,100,
000068.SZ,000068,20251209,93100330,0,2068436,0,B,36700,100,
000068.SZ,000068,20251209,93100710,0,2076131,0,B,36700,9300,
000068.SZ,000068,20251209,93101090,0,2084396,0,B,36700,4500,
000068.SZ,000068,20251209,93101110,0,2084779,0,B,36700,1800,
000068.SZ,000068,20251209,93101460,0,2092564,0,S,36700,900,
000068.SZ,000068,20251209,93101660,0,2096238,0,B,36800,1500,
000068.SZ,000068,20251209,93101660,0,2096287,0,S,36700,200,
000068.SZ,000068,20251209,93102050,0,2102507,0,B,36700,200,
000068.SZ,000068,20251209,93103210,0,2118583,0,S,36800,200,
000068.SZ,000068,20251209,93103240,0,2119013,0,S,36900,5000,
000068.SZ,000068,20251209,93103380,0,2121935,0,S,36800,1000,
000068.SZ,000068,20251209,93104170,0,2135581,0,B,36700,5000,
000068.SZ,000068,20251209,93105380,0,2155440,0,B,36600,19900,
000068.SZ,000068,20251209,93105710,0,2159500,0,B,35800,100,
000068.SZ,000068,20251209,93105810,0,2160996,0,B,36700,10000,
000068.SZ,000068,20251209,93105830,0,2161294,0,B,36700,100,
000068.SZ,000068,20251209,93106450,0,2171879,0,S,36800,8600,
000068.SZ,000068,20251209,93106460,0,2172086,0,B,36700,200,
000068.SZ,000068,20251209,93106650,0,2175610,0,B,36600,1000,
000068.SZ,000068,20251209,93106980,0,2181609,0,B,36700,200,
000068.SZ,000068,20251209,93107230,0,2185993,0,S,36800,900,
000068.SZ,000068,20251209,93107260,0,2186431,0,S,36800,100,
000068.SZ,000068,20251209,93107590,0,2192778,0,B,36700,1500,
000068.SZ,000068,20251209,93107770,0,2195446,0,B,36700,1500,
000068.SZ,000068,20251209,93108120,0,2200152,0,S,36800,400,
000068.SZ,000068,20251209,93108170,0,2200857,0,S,36800,1100,
000068.SZ,000068,20251209,93108540,0,2205701,0,B,36200,200,
000068.SZ,000068,20251209,93109240,0,2214498,0,S,36800,100,
000068.SZ,000068,20251209,93109290,0,2215475,0,S,36800,100,
000068.SZ,000068,20251209,93109930,0,2225937,0,B,36700,100,
000068.SZ,000068,20251209,93110020,0,2227174,0,S,36800,100,
000068.SZ,000068,20251209,93110120,0,2228633,0,B,36700,1500,
000068.SZ,000068,20251209,93110710,0,2238082,0,S,36800,300,
000068.SZ,000068,20251209,93111250,0,2244940,0,B,36700,1800,
000068.SZ,000068,20251209,93111550,0,2248619,0,S,36700,600,
000068.SZ,000068,20251209,93112300,0,2257567,0,B,36800,1100,
000068.SZ,000068,20251209,93112520,0,2260962,0,S,36800,100,
000068.SZ,000068,20251209,93112520,0,2261035,0,B,36700,3100,
000068.SZ,000068,20251209,93112580,0,2262395,0,S,36900,1100,
000068.SZ,000068,20251209,93112970,0,2267550,0,B,36700,200,
000068.SZ,000068,20251209,93113560,0,2276904,0,B,36800,500,
000068.SZ,000068,20251209,93113850,0,2280644,0,B,36700,100,
000068.SZ,000068,20251209,93114830,0,2292186,0,S,36800,12800,
000068.SZ,000068,20251209,93115380,0,2299220,0,S,36800,1300,
000068.SZ,000068,20251209,93115420,0,2299873,0,S,36800,900,
000068.SZ,000068,20251209,93115530,0,2301273,0,B,36700,2000,
000068.SZ,000068,20251209,93116030,0,2308063,0,B,36700,1000,
000068.SZ,000068,20251209,93116410,0,2313356,0,S,36800,1400,
000068.SZ,000068,20251209,93116460,0,2314000,0,S,36800,1300,
000068.SZ,000068,20251209,93117110,0,2321267,0,B,36800,300,
000068.SZ,000068,20251209,93117730,0,2328529,0,B,36600,2000,
000068.SZ,000068,20251209,93118020,0,2331847,0,S,36800,100,
000068.SZ,000068,20251209,93118030,0,2331997,0,S,40700,5500,
000068.SZ,000068,20251209,93118040,0,2332135,0,S,36800,100,
000068.SZ,000068,20251209,93118430,0,2337721,0,S,36800,1500,
000068.SZ,000068,20251209,93118710,0,2341399,0,B,36500,9300,
000068.SZ,000068,20251209,93118760,0,2341933,0,S,36800,500,
000068.SZ,000068,20251209,93118920,0,2343952,0,S,36800,900,
000068.SZ,000068,20251209,93118940,0,2344172,0,B,36700,100,
000068.SZ,000068,20251209,93118950,0,2344367,0,B,36700,100,
000068.SZ,000068,20251209,93119110,0,2346293,0,S,36800,900,
000068.SZ,000068,20251209,93119140,0,2346591,0,B,36700,100,
000068.SZ,000068,20251209,93119930,0,2356482,0,B,36700,100,
000068.SZ,000068,20251209,93120050,0,2357750,0,B,36700,100,
000068.SZ,000068,20251209,93120130,0,2358622,0,B,36700,1000,
000068.SZ,000068,20251209,93120410,0,2361849,0,S,36800,400,
000068.SZ,000068,20251209,93121000,0,2368231,0,B,36700,5000,
000068.SZ,000068,20251209,93121590,0,2375932,0,S,36800,900,
000068.SZ,000068,20251209,93121650,0,2376869,0,B,36000,1000,
000068.SZ,000068,20251209,93122290,0,2385268,0,S,36800,2200,
000068.SZ,000068,20251209,93122420,0,2387138,0,S,36800,100,
000068.SZ,000068,20251209,93122420,0,2387141,0,S,36800,1000,
000068.SZ,000068,20251209,93122420,0,2387142,0,S,36800,900,
000068.SZ,000068,20251209,93122420,0,2387159,0,S,36800,1000,
000068.SZ,000068,20251209,93122420,0,2387205,0,S,36800,100,
000068.SZ,000068,20251209,93122420,0,2387209,0,S,36800,100,
000068.SZ,000068,20251209,93122420,0,2387212,0,S,36800,4000,
000068.SZ,000068,20251209,93122420,0,2387213,0,S,36800,100,
000068.SZ,000068,20251209,93122420,0,2387215,0,S,36800,700,
000068.SZ,000068,20251209,93122420,0,2387217,0,S,36800,2800,
000068.SZ,000068,20251209,93122420,0,2387218,0,S,36800,4700,
000068.SZ,000068,20251209,93122430,0,2387421,0,S,36800,100,
000068.SZ,000068,20251209,93122440,0,2387557,0,S,36800,100,
000068.SZ,000068,20251209,93122440,0,2387558,0,S,36800,1500,
000068.SZ,000068,20251209,93122440,0,2387559,0,S,36800,1600,
000068.SZ,000068,20251209,93122440,0,2387562,0,S,36800,500,
000068.SZ,000068,20251209,93122440,0,2387563,0,S,36800,900,
000068.SZ,000068,20251209,93122440,0,2387564,0,S,36800,400,
000068.SZ,000068,20251209,93122440,0,2387565,0,S,36800,600,
000068.SZ,000068,20251209,93122440,0,2387566,0,S,36800,200,
000068.SZ,000068,20251209,93122440,0,2387585,0,S,36800,1800,
000068.SZ,000068,20251209,93122440,0,2387586,0,S,36800,100,
000068.SZ,000068,20251209,93122440,0,2387587,0,S,36800,100,
000068.SZ,000068,20251209,93122440,0,2387588,0,S,36800,600,
000068.SZ,000068,20251209,93122450,0,2387601,0,S,36800,1700,
000068.SZ,000068,20251209,93122450,0,2387630,0,S,36800,200,
000068.SZ,000068,20251209,93122450,0,2387681,0,S,36800,300,
000068.SZ,000068,20251209,93122930,0,2392856,0,B,36500,1000,
000068.SZ,000068,20251209,93123260,0,2396773,0,B,36700,19900,
000068.SZ,000068,20251209,93123300,0,2397283,0,S,36800,800,
000068.SZ,000068,20251209,93123640,0,2400567,0,B,36700,2000,
000068.SZ,000068,20251209,93124360,0,2409405,0,S,36800,800,
000068.SZ,000068,20251209,93124570,0,2412189,0,S,36800,900,
000068.SZ,000068,20251209,93124700,0,2413583,0,S,36800,700,
000068.SZ,000068,20251209,93124920,0,2416199,0,S,36800,1300,
000068.SZ,000068,20251209,93125110,0,2418444,0,B,36700,5000,
000068.SZ,000068,20251209,93125120,0,2418547,0,S,36800,1600,
000068.SZ,000068,20251209,93125340,0,2421340,0,S,36700,1500,
000068.SZ,000068,20251209,93125700,0,2426087,0,S,36800,600,
000068.SZ,000068,20251209,93125700,0,2426103,0,S,36700,900,
000068.SZ,000068,20251209,93125800,0,2427401,0,B,36800,1000,
000068.SZ,000068,20251209,93126010,0,2429950,0,S,36800,1000,
000068.SZ,000068,20251209,93127280,0,2444934,0,S,36800,100,
000068.SZ,000068,20251209,93127290,0,2445145,0,S,36800,100,
000068.SZ,000068,20251209,93127360,0,2446464,0,S,36800,10800,
000068.SZ,000068,20251209,93128010,0,2455000,0,B,36000,300,
000068.SZ,000068,20251209,93128370,0,2459738,0,S,36800,100,
000068.SZ,000068,20251209,93128410,0,2460319,0,S,36800,800,
000068.SZ,000068,20251209,93128770,0,2464973,0,S,36800,1400,
000068.SZ,000068,20251209,93128980,0,2467021,0,S,36800,1200,
000068.SZ,000068,20251209,93129040,0,2467758,0,B,36400,300,
000068.SZ,000068,20251209,93129330,0,2471040,0,B,36200,30000,
000068.SZ,000068,20251209,93129410,0,2471897,0,S,36400,100,
000068.SZ,000068,20251209,93129410,0,2471933,0,S,36800,100,
000068.SZ,000068,20251209,93129420,0,2471999,0,B,36700,400,
000068.SZ,000068,20251209,93129500,0,2472717,0,S,36800,400,
000068.SZ,000068,20251209,93129520,0,2473082,0,S,36900,2000,
000068.SZ,000068,20251209,93130150,0,2479835,0,S,36800,2700,
000068.SZ,000068,20251209,93130380,0,2483281,0,B,36000,8400,
000068.SZ,000068,20251209,93130460,0,2484375,0,B,36700,5000,
000068.SZ,000068,20251209,93130540,0,2485348,0,S,37800,10000,
000068.SZ,000068,20251209,93130760,0,2488188,0,S,37900,14000,
000068.SZ,000068,20251209,93131340,0,2495506,0,B,36600,1000,
000068.SZ,000068,20251209,93131420,0,2496634,0,S,36800,200,
000068.SZ,000068,20251209,93131630,0,2499288,0,B,36700,400,
000068.SZ,000068,20251209,93133060,0,2514885,0,B,36700,4600,
000068.SZ,000068,20251209,93133680,0,2523446,0,B,36700,26800,
000068.SZ,000068,20251209,93134960,0,2539709,0,B,36500,10000,
000068.SZ,000068,20251209,93134970,0,2539833,0,S,36800,100,
000068.SZ,000068,20251209,93135570,0,2546442,0,B,36700,100,
000068.SZ,000068,20251209,93135770,0,2548937,0,B,35100,100,
000068.SZ,000068,20251209,93135830,0,2549555,0,B,36500,2000,
000068.SZ,000068,20251209,93136350,0,2556286,0,B,36700,20000,
000068.SZ,000068,20251209,93137070,0,2566296,0,B,36300,2500,
000068.SZ,000068,20251209,93137270,0,2569252,0,B,36600,1000,
000068.SZ,000068,20251209,93139370,0,2593996,0,B,36700,700,
000068.SZ,000068,20251209,93139370,0,2594031,0,B,36700,10000,
000068.SZ,000068,20251209,93139610,0,2597576,0,B,36600,500,
000068.SZ,000068,20251209,93140320,0,2606772,0,B,36800,100,
000068.SZ,000068,20251209,93141570,0,2622029,0,B,36300,5000,
000068.SZ,000068,20251209,93141600,0,2622299,0,B,36700,1400,
000068.SZ,000068,20251209,93142390,0,2632392,0,B,34100,100,
000068.SZ,000068,20251209,93143630,0,2649561,0,S,40700,26000,
000068.SZ,000068,20251209,93145980,0,2677640,0,B,36500,300,
000068.SZ,000068,20251209,93147270,0,2694529,0,S,36800,900,
000068.SZ,000068,20251209,93147280,0,2694656,0,S,36800,100,
000068.SZ,000068,20251209,93147580,0,2697907,0,B,36500,1000,
000068.SZ,000068,20251209,93147840,0,2700801,0,S,36800,1000,
000068.SZ,000068,20251209,93150250,0,2731144,0,S,36700,4100,
000068.SZ,000068,20251209,93150260,0,2731233,0,S,36800,900,
000068.SZ,000068,20251209,93151410,0,2744587,0,B,36800,4800,
000068.SZ,000068,20251209,93151680,0,2748390,0,S,36800,37900,
000068.SZ,000068,20251209,93152010,0,2752123,0,B,36700,700,
000068.SZ,000068,20251209,93152340,0,2756626,0,S,36700,100,
000068.SZ,000068,20251209,93153040,0,2765511,0,S,36700,600,
000068.SZ,000068,20251209,93153240,0,2767977,0,B,36000,1000,
000068.SZ,000068,20251209,93153390,0,2769462,0,S,36800,9700,
000068.SZ,000068,20251209,93153490,0,2770512,0,S,36800,100,
000068.SZ,000068,20251209,93153560,0,2771204,0,B,36500,3000,
000068.SZ,000068,20251209,93154440,0,2781622,0,B,36700,1000,
000068.SZ,000068,20251209,93155170,0,2790082,0,S,36800,1000,
000068.SZ,000068,20251209,93155340,0,2792023,0,S,36700,100,
000068.SZ,000068,20251209,93155370,0,2792449,0,B,36500,200,
000068.SZ,000068,20251209,93156630,0,2806526,0,B,36700,20000,
000068.SZ,000068,20251209,93158650,0,2829970,0,B,36700,3000,
000068.SZ,000068,20251209,93158740,0,2831125,0,B,36700,900,
000068.SZ,000068,20251209,93159050,0,2834596,0,S,36800,900,
000068.SZ,000068,20251209,93159810,0,2842481,0,S,36600,700,
000068.SZ,000068,20251209,93200190,0,2847487,0,B,36800,400,
000068.SZ,000068,20251209,93201340,0,2866041,0,S,36700,100,
000068.SZ,000068,20251209,93201380,0,2866589,0,S,36700,147900,
000068.SZ,000068,20251209,93201390,0,2866858,0,S,36700,14200,
000068.SZ,000068,20251209,93201390,0,2866896,0,S,36700,2000,
000068.SZ,000068,20251209,93201400,0,2867016,0,S,36700,37700,
000068.SZ,000068,20251209,93201570,0,2869680,0,S,36600,1100,
000068.SZ,000068,20251209,93202340,0,2878655,0,B,36700,700,
000068.SZ,000068,20251209,93202440,0,2879807,0,S,36700,100,
000068.SZ,000068,20251209,93202440,0,2879808,0,S,36700,1200,
000068.SZ,000068,20251209,93202440,0,2879822,0,S,36700,1100,
000068.SZ,000068,20251209,93202440,0,2879831,0,S,36700,100,
000068.SZ,000068,20251209,93202440,0,2879832,0,S,36700,5000,
000068.SZ,000068,20251209,93202440,0,2879833,0,S,36700,200,
000068.SZ,000068,20251209,93202440,0,2879834,0,S,36700,500,
000068.SZ,000068,20251209,93202440,0,2879843,0,S,36700,3400,
000068.SZ,000068,20251209,93202440,0,2879844,0,S,36700,5900,
000068.SZ,000068,20251209,93202440,0,2879885,0,S,36700,1300,
000068.SZ,000068,20251209,93202440,0,2879895,0,S,36700,100,
000068.SZ,000068,20251209,93202460,0,2880009,0,S,36700,2200,
000068.SZ,000068,20251209,93202460,0,2880013,0,S,36700,1900,
000068.SZ,000068,20251209,93202460,0,2880014,0,S,36700,1900,
000068.SZ,000068,20251209,93202460,0,2880015,0,S,36700,400,
000068.SZ,000068,20251209,93202460,0,2880016,0,S,36700,300,
000068.SZ,000068,20251209,93202460,0,2880017,0,S,36700,1100,
000068.SZ,000068,20251209,93202460,0,2880018,0,S,36700,700,
000068.SZ,000068,20251209,93202460,0,2880019,0,S,36700,100,
000068.SZ,000068,20251209,93202460,0,2880050,0,S,36700,400,
000068.SZ,000068,20251209,93202460,0,2880098,0,S,36700,100,
000068.SZ,000068,20251209,93202460,0,2880103,0,S,36700,2600,
000068.SZ,000068,20251209,93202470,0,2880139,0,S,36700,200,
000068.SZ,000068,20251209,93203430,0,2892120,0,B,36600,5300,
000068.SZ,000068,20251209,93203430,0,2892121,0,B,36600,10000,
000068.SZ,000068,20251209,93203640,0,2895009,0,S,36700,100,
000068.SZ,000068,20251209,93203960,0,2899212,0,S,36700,1400,
000068.SZ,000068,20251209,93204300,0,2903820,0,S,36700,800,
000068.SZ,000068,20251209,93204360,0,2904713,0,S,36700,1900,
000068.SZ,000068,20251209,93204370,0,2904842,0,S,36700,100,
000068.SZ,000068,20251209,93204420,0,2905708,0,S,36700,200,
000068.SZ,000068,20251209,93204420,0,2905736,0,S,36700,800,
000068.SZ,000068,20251209,93204420,0,2905737,0,S,36700,100,
000068.SZ,000068,20251209,93204770,0,2910553,0,S,36700,1400,
000068.SZ,000068,20251209,93204830,0,2911083,0,S,36700,1600,
000068.SZ,000068,20251209,93204940,0,2912129,0,S,37200,1100,
000068.SZ,000068,20251209,93204980,0,2912380,0,S,36700,1200,
000068.SZ,000068,20251209,93205370,0,2916690,0,S,36700,1900,
000068.SZ,000068,20251209,93206160,0,2925499,0,S,36300,3200,
000068.SZ,000068,20251209,93206180,0,2925813,0,S,36600,200,
000068.SZ,000068,20251209,93206260,0,2926980,0,S,36700,2700,
000068.SZ,000068,20251209,93206440,0,2929133,0,B,36700,5400,
000068.SZ,000068,20251209,93206960,0,2935396,0,S,36300,200,
000068.SZ,000068,20251209,93207130,0,2937329,0,B,36600,700,
000068.SZ,000068,20251209,93207180,0,2937860,0,B,36600,800,
000068.SZ,000068,20251209,93207800,0,2945388,0,B,36600,3000,
000068.SZ,000068,20251209,93208240,0,2950025,0,B,36700,2000,
000068.SZ,000068,20251209,93209260,0,2960574,0,B,36700,5000,
000068.SZ,000068,20251209,93209540,0,2963572,0,S,36600,24100,
000068.SZ,000068,20251209,93210450,0,2974887,0,B,36700,1000,
000068.SZ,000068,20251209,93210770,0,2978375,0,S,40700,3000,
000068.SZ,000068,20251209,93211290,0,2983608,0,B,36900,1000,
000068.SZ,000068,20251209,93212470,0,2996358,0,S,36600,1800,
000068.SZ,000068,20251209,93213060,0,3004559,0,B,36300,40000,
000068.SZ,000068,20251209,93213220,0,3006499,0,S,36700,3200,
000068.SZ,000068,20251209,93213420,0,3009481,0,S,36700,1400,
000068.SZ,000068,20251209,93213420,0,3009514,0,S,36700,1000,
000068.SZ,000068,20251209,93213750,0,3014204,0,S,36700,3500,
000068.SZ,000068,20251209,93214690,0,3026494,0,S,36700,26600,
000068.SZ,000068,20251209,93214750,0,3027292,0,S,36700,100,
000068.SZ,000068,20251209,93215300,0,3033556,0,B,36700,2000,
000068.SZ,000068,20251209,93215430,0,3035313,0,S,36700,1400,
000068.SZ,000068,20251209,93215940,0,3041791,0,B,36400,9300,
000068.SZ,000068,20251209,93216400,0,3047889,0,B,35800,10000,
000068.SZ,000068,20251209,93217290,0,3058807,0,S,36700,5000,
000068.SZ,000068,20251209,93217330,0,3059258,0,S,36700,400,
000068.SZ,000068,20251209,93218190,0,3069052,0,S,36600,100,
000068.SZ,000068,20251209,93218190,0,3069054,0,S,36600,100,
000068.SZ,000068,20251209,93218460,0,3073116,0,S,36700,1300,
000068.SZ,000068,20251209,93219360,0,3084416,0,S,36600,37900,
000068.SZ,000068,20251209,93219370,0,3084640,0,B,36600,100,
000068.SZ,000068,20251209,93219370,0,3084842,0,B,36600,200,
000068.SZ,000068,20251209,93219380,0,3084919,0,B,36600,300,
000068.SZ,000068,20251209,93221430,0,3109819,0,S,36700,9100,
000068.SZ,000068,20251209,93223310,0,3130574,0,B,36900,3000,
000068.SZ,000068,20251209,93224380,0,3140565,0,S,36600,400,
000068.SZ,000068,20251209,93224900,0,3146044,0,S,37100,6700,
000068.SZ,000068,20251209,93225650,0,3154083,0,B,36300,1600,
000068.SZ,000068,20251209,93227030,0,3167119,0,B,36600,1000,
000068.SZ,000068,20251209,93228160,0,3178936,0,B,36500,5000,
000068.SZ,000068,20251209,93228460,0,3182672,0,S,40000,10000,
000068.SZ,000068,20251209,93230300,0,3200813,0,S,36600,800,
000068.SZ,000068,20251209,93230370,0,3201474,0,S,36600,100,
000068.SZ,000068,20251209,93230420,0,3202313,0,S,36600,200,
000068.SZ,000068,20251209,93230420,0,3202328,0,S,36600,800,
000068.SZ,000068,20251209,93230420,0,3202330,0,S,36600,100,
000068.SZ,000068,20251209,93230770,0,3206192,0,S,36600,1400,
000068.SZ,000068,20251209,93230980,0,3208394,0,S,36600,1200,
000068.SZ,000068,20251209,93231010,0,3208707,0,S,36700,1000,
000068.SZ,000068,20251209,93231280,0,3211697,0,S,36700,100,
000068.SZ,000068,20251209,93231280,0,3211698,0,S,36700,900,
000068.SZ,000068,20251209,93231450,0,3213797,0,S,36600,2000,
000068.SZ,000068,20251209,93231660,0,3216132,0,B,36900,2200,
000068.SZ,000068,20251209,93231700,0,3216535,0,S,36600,700,
000068.SZ,000068,20251209,93232780,0,3227223,0,S,39500,1000,
000068.SZ,000068,20251209,93233230,0,3232243,0,B,36600,100,
000068.SZ,000068,20251209,93233240,0,3232419,0,S,36700,4100,
000068.SZ,000068,20251209,93233480,0,3235074,0,S,36700,2300,
000068.SZ,000068,20251209,93233710,0,3237411,0,S,36600,4000,
000068.SZ,000068,20251209,93234360,0,3245156,0,S,36700,8900,
000068.SZ,000068,20251209,93235430,0,3256472,0,S,36700,400,
000068.SZ,000068,20251209,93235720,0,3259562,0,S,37500,900,
000068.SZ,000068,20251209,93236260,0,3264921,0,S,36600,300,
000068.SZ,000068,20251209,93236530,0,3267794,0,B,36600,800,
000068.SZ,000068,20251209,93236580,0,3268430,0,B,36600,700,
000068.SZ,000068,20251209,93236680,0,3269500,0,B,36600,700,
000068.SZ,000068,20251209,93236960,0,3272246,0,B,36600,800,
000068.SZ,000068,20251209,93237250,0,3275607,0,B,36300,10000,
000068.SZ,000068,20251209,93238930,0,3292295,0,B,36100,3000,
000068.SZ,000068,20251209,93240120,0,3304153,0,B,36200,388800,
000068.SZ,000068,20251209,93240130,0,3304272,0,B,36600,100,
000068.SZ,000068,20251209,93240220,0,3305172,0,S,36700,3000,
000068.SZ,000068,20251209,93240910,0,3311853,0,S,36600,4600,
000068.SZ,000068,20251209,93241640,0,3318672,0,S,36600,100,
000068.SZ,000068,20251209,93243500,0,3339093,0,B,36600,700,
000068.SZ,000068,20251209,93243660,0,3340955,0,S,36600,60000,
000068.SZ,000068,20251209,93243940,0,3344277,0,S,36600,51600,
000068.SZ,000068,20251209,93243950,0,3344312,0,B,36600,400,
000068.SZ,000068,20251209,93244010,0,3344878,0,B,36500,1500,
000068.SZ,000068,20251209,93244070,0,3345414,0,B,36400,500,
000068.SZ,000068,20251209,93244070,0,3345415,0,S,36800,500,
000068.SZ,000068,20251209,93244390,0,3348449,0,B,36600,50000,
000068.SZ,000068,20251209,93244840,0,3352692,0,B,36600,100,
000068.SZ,000068,20251209,93244840,0,3352701,0,B,36600,100,
000068.SZ,000068,20251209,93244840,0,3352702,0,B,36600,100,
000068.SZ,000068,20251209,93245010,0,3354272,0,S,36600,1000,
000068.SZ,000068,20251209,93245220,0,3356559,0,B,35900,1000,
000068.SZ,000068,20251209,93245280,0,3357262,0,S,36600,100,
000068.SZ,000068,20251209,93245280,0,3357264,0,S,36600,900,
000068.SZ,000068,20251209,93245300,0,3357542,0,S,36600,200,
000068.SZ,000068,20251209,93247220,0,3377595,0,S,36800,600,
000068.SZ,000068,20251209,93247220,0,3377610,0,B,36700,2000,
000068.SZ,000068,20251209,93247440,0,3379484,0,S,36700,1300,
000068.SZ,000068,20251209,93247680,0,3381928,0,B,36600,500,
000068.SZ,000068,20251209,93247880,0,3383723,0,B,36600,100,
000068.SZ,000068,20251209,93247970,0,3384440,0,B,36500,2800,
000068.SZ,000068,20251209,93248560,0,3390889,0,B,36600,3500,
000068.SZ,000068,20251209,93248970,0,3395287,0,B,36600,100,
000068.SZ,000068,20251209,93249800,0,3404393,0,S,36700,3900,
000068.SZ,000068,20251209,93249940,0,3406029,0,B,36600,8000,
000068.SZ,000068,20251209,93250090,0,3407581,0,B,36000,3000,
000068.SZ,000068,20251209,93250660,0,3413058,0,B,36400,5700,
000068.SZ,000068,20251209,93251120,0,3417254,0,B,36700,4000,
000068.SZ,000068,20251209,93251960,0,3426527,0,B,36600,2000,
000068.SZ,000068,20251209,93251970,0,3426676,0,B,36600,700,
000068.SZ,000068,20251209,93251970,0,3426694,0,B,36600,500,
000068.SZ,000068,20251209,93252050,0,3427601,0,B,36100,20000,
000068.SZ,000068,20251209,93252100,0,3428135,0,B,36600,600,
000068.SZ,000068,20251209,93252540,0,3432668,0,B,36700,900,
000068.SZ,000068,20251209,93252560,0,3432969,0,B,36600,100,
000068.SZ,000068,20251209,93253070,0,3437365,0,S,36600,1000,
000068.SZ,000068,20251209,93253760,0,3443099,0,B,36600,8700,
000068.SZ,000068,20251209,93254860,0,3453459,0,B,36600,1100,
000068.SZ,000068,20251209,93254860,0,3453477,0,B,36600,1200,
000068.SZ,000068,20251209,93254860,0,3453486,0,B,36600,2300,
000068.SZ,000068,20251209,93255260,0,3457262,0,B,36600,1400,
000068.SZ,000068,20251209,93255300,0,3457677,0,B,36500,20000,
000068.SZ,000068,20251209,93256120,0,3466425,0,B,36600,300,
000068.SZ,000068,20251209,93256180,0,3466962,0,B,36600,1000,
000068.SZ,000068,20251209,93256280,0,3467714,0,B,36300,1000,
000068.SZ,000068,20251209,93256400,0,3469087,0,S,40700,20000,
000068.SZ,000068,20251209,93256700,0,3472226,0,B,36500,1000,
000068.SZ,000068,20251209,93256760,0,3472975,0,B,36600,300,
000068.SZ,000068,20251209,93257280,0,3478110,0,B,36600,500,
000068.SZ,000068,20251209,93257510,0,3480729,0,B,36600,600,
000068.SZ,000068,20251209,93257660,0,3482338,0,B,36600,1100,
000068.SZ,000068,20251209,93257660,0,3482362,0,B,36600,3300,
000068.SZ,000068,20251209,93257850,0,3484048,0,B,36600,3100,
000068.SZ,000068,20251209,93258120,0,3487133,0,B,36600,200,
000068.SZ,000068,20251209,93259260,0,3498751,0,B,36600,1100,
000068.SZ,000068,20251209,93259280,0,3498958,0,B,36600,1300,
000068.SZ,000068,20251209,93259500,0,3500967,0,B,36600,5000,
000068.SZ,000068,20251209,93259580,0,3501750,0,B,36600,200,
000068.SZ,000068,20251209,93259680,0,3502844,0,B,36600,5900,
000068.SZ,000068,20251209,93300160,0,3507581,0,B,36600,400,
000068.SZ,000068,20251209,93300260,0,3508763,0,B,36600,4500,
000068.SZ,000068,20251209,93300500,0,3512181,0,B,36600,1000,
000068.SZ,000068,20251209,93301420,0,3524222,0,B,36400,10000,
000068.SZ,000068,20251209,93303200,0,3543794,0,B,36700,100,
000068.SZ,000068,20251209,93303420,0,3546639,0,B,36000,6000,
000068.SZ,000068,20251209,93303700,0,3549800,0,S,36700,2700,
000068.SZ,000068,20251209,93305910,0,3574115,0,B,36600,5000,
000068.SZ,000068,20251209,93306150,0,3576851,0,S,36700,100,
000068.SZ,000068,20251209,93306150,0,3576887,0,S,36700,100,
000068.SZ,000068,20251209,93306470,0,3580338,0,B,36700,2000,
000068.SZ,000068,20251209,93306780,0,3584070,0,B,36400,300,
000068.SZ,000068,20251209,93308270,0,3602393,0,B,36100,1500,
000068.SZ,000068,20251209,93308280,0,3602503,0,S,36700,100,
000068.SZ,000068,20251209,93308740,0,3606945,0,B,36100,1000,
000068.SZ,000068,20251209,93310080,0,3620746,0,S,36600,19800,
000068.SZ,000068,20251209,93310160,0,3621757,0,B,36400,5000,
000068.SZ,000068,20251209,93310280,0,3623061,0,B,36600,19700,
000068.SZ,000068,20251209,93311280,0,3633619,0,B,36600,5000,
000068.SZ,000068,20251209,93311370,0,3635090,0,B,36600,100,
000068.SZ,000068,20251209,93311400,0,3635357,0,B,36500,1000,
000068.SZ,000068,20251209,93311620,0,3637361,0,B,36600,5000,
000068.SZ,000068,20251209,93311970,0,3640321,0,B,36600,7800,
000068.SZ,000068,20251209,93312030,0,3640955,0,B,36600,100,
000068.SZ,000068,20251209,93312400,0,3644765,0,S,37400,2000,
000068.SZ,000068,20251209,93313440,0,3655539,0,S,37800,900,
000068.SZ,000068,20251209,93313670,0,3658201,0,S,36700,2500,
000068.SZ,000068,20251209,93314550,0,3666640,0,S,36600,100,
000068.SZ,000068,20251209,93315810,0,3679153,0,B,36500,3000,
000068.SZ,000068,20251209,93315910,0,3680012,0,B,36600,800,
000068.SZ,000068,20251209,93316610,0,3687452,0,B,36600,500,
000068.SZ,000068,20251209,93317050,0,3691529,0,B,36600,600,
000068.SZ,000068,20251209,93318160,0,3701505,0,B,36600,2000,
000068.SZ,000068,20251209,93318520,0,3705711,0,B,36600,700,
000068.SZ,000068,20251209,93318950,0,3710604,0,B,36600,1400,
000068.SZ,000068,20251209,93319800,0,3719919,0,B,36200,20000,
000068.SZ,000068,20251209,93319970,0,3721441,0,B,36500,3100,
000068.SZ,000068,20251209,93320310,0,3724946,0,B,36600,300,
000068.SZ,000068,20251209,93320440,0,3726276,0,B,36600,4200,
000068.SZ,000068,20251209,93321010,0,3731612,0,S,36600,800,
000068.SZ,000068,20251209,93321650,0,3738055,0,S,36600,22200,
000068.SZ,000068,20251209,93321800,0,3739926,0,S,36600,2000,
000068.SZ,000068,20251209,93322110,0,3742993,0,B,36300,500,
000068.SZ,000068,20251209,93322120,0,3743044,0,S,36700,100,
000068.SZ,000068,20251209,93322940,0,3751567,0,B,36600,2000,
000068.SZ,000068,20251209,93324740,0,3768718,0,B,35700,10000,
000068.SZ,000068,20251209,93325660,0,3778298,0,S,39000,2000,
000068.SZ,000068,20251209,93325670,0,3778423,0,B,36300,20000,
000068.SZ,000068,20251209,93328840,0,3809265,0,B,36600,3000,
000068.SZ,000068,20251209,93328890,0,3809775,0,B,36000,2000,
000068.SZ,000068,20251209,93329080,0,3811331,0,B,36600,1000,
000068.SZ,000068,20251209,93329290,0,3813144,0,S,40400,6000,
000068.SZ,000068,20251209,93329690,0,3816372,0,B,36600,500,
000068.SZ,000068,20251209,93331700,0,3836643,0,B,36500,100,
000068.SZ,000068,20251209,93331770,0,3837306,0,B,36300,2100,
000068.SZ,000068,20251209,93334540,0,3863840,0,B,36600,600,
000068.SZ,000068,20251209,93334920,0,3867349,0,B,36600,400,
000068.SZ,000068,20251209,93334990,0,3867924,0,B,36700,1000,
000068.SZ,000068,20251209,93335080,0,3868660,0,S,37200,2000,
000068.SZ,000068,20251209,93335510,0,3873249,0,B,36400,800,
000068.SZ,000068,20251209,93335760,0,3875866,0,B,36600,1300,
000068.SZ,000068,20251209,93335950,0,3877663,0,B,36600,200,
000068.SZ,000068,20251209,93336020,0,3878342,0,B,36600,300,
000068.SZ,000068,20251209,93336540,0,3883552,0,S,39900,10000,
000068.SZ,000068,20251209,93337020,0,3887890,0,B,36600,10000,
000068.SZ,000068,20251209,93337470,0,3893113,0,B,36500,2000,
000068.SZ,000068,20251209,93337730,0,3895683,0,B,36600,5000,
000068.SZ,000068,20251209,93337960,0,3897571,0,B,36400,100,
000068.SZ,000068,20251209,93338130,0,3899059,0,B,36600,800,
000068.SZ,000068,20251209,93339180,0,3908622,0,B,36600,700,
000068.SZ,000068,20251209,93339520,0,3912596,0,B,36600,1100,
000068.SZ,000068,20251209,93340360,0,3922813,0,B,36700,4800,
000068.SZ,000068,20251209,93340530,0,3924961,0,B,36400,15000,
000068.SZ,000068,20251209,93340640,0,3926062,0,B,36600,4000,
000068.SZ,000068,20251209,93340660,0,3926207,0,B,36600,2700,
000068.SZ,000068,20251209,93341420,0,3933477,0,S,39900,1000,
000068.SZ,000068,20251209,93342730,0,3946761,0,B,36000,1000,
000068.SZ,000068,20251209,93342810,0,3947719,0,B,36300,10000,
000068.SZ,000068,20251209,93343230,0,3952127,0,B,36600,30000,
000068.SZ,000068,20251209,93344210,0,3962441,0,B,36600,2000,
000068.SZ,000068,20251209,93344280,0,3963222,0,B,36000,16400,
000068.SZ,000068,20251209,93345190,0,3970945,0,B,36700,2100,
000068.SZ,000068,20251209,93346050,0,3980795,0,B,36300,100,
000068.SZ,000068,20251209,93346060,0,3980941,0,B,36700,4000,
000068.SZ,000068,20251209,93348030,0,3999796,0,B,36400,1900,
000068.SZ,000068,20251209,93348160,0,4000994,0,B,36700,100,
000068.SZ,000068,20251209,93349040,0,4010316,0,B,36200,3100,
000068.SZ,000068,20251209,93349120,0,4011081,0,S,37000,1500,
000068.SZ,000068,20251209,93350760,0,4026611,0,B,36700,100,
000068.SZ,000068,20251209,93351280,0,4031471,0,B,36700,1200,
000068.SZ,000068,20251209,93351410,0,4032760,0,B,36700,2500,
000068.SZ,000068,20251209,93352400,0,4044076,0,B,36600,800,
000068.SZ,000068,20251209,93352450,0,4044591,0,S,36800,15700,
000068.SZ,000068,20251209,93352830,0,4048668,0,S,36500,500,
000068.SZ,000068,20251209,93353660,0,4056248,0,B,36600,1200,
000068.SZ,000068,20251209,93354130,0,4060728,0,B,36700,10000,
000068.SZ,000068,20251209,93354130,0,4060747,0,B,36700,500,
000068.SZ,000068,20251209,93354140,0,4060769,0,B,36700,10500,
000068.SZ,000068,20251209,93354140,0,4060789,0,B,36700,14500,
000068.SZ,000068,20251209,93354140,0,4060795,0,B,36700,400,
000068.SZ,000068,20251209,93354140,0,4060830,0,B,36700,16000,
000068.SZ,000068,20251209,93354140,0,4060838,0,B,36700,2400,
000068.SZ,000068,20251209,93354140,0,4060839,0,B,36700,11400,
000068.SZ,000068,20251209,93354140,0,4060840,0,B,36700,100,
000068.SZ,000068,20251209,93354140,0,4060844,0,B,36700,5200,
000068.SZ,000068,20251209,93354140,0,4060861,0,B,36700,200,
000068.SZ,000068,20251209,93354150,0,4060867,0,B,36700,1700,
000068.SZ,000068,20251209,93354240,0,4061641,0,B,36700,100,
000068.SZ,000068,20251209,93354260,0,4061806,0,S,36600,3200,
000068.SZ,000068,20251209,93354480,0,4064291,0,S,36700,7700,
000068.SZ,000068,20251209,93354800,0,4067417,0,B,36700,9800,
000068.SZ,000068,20251209,93354810,0,4067462,0,B,37000,3800,
000068.SZ,000068,20251209,93354830,0,4067759,0,B,36200,100,
000068.SZ,000068,20251209,93355260,0,4071690,0,S,36800,100,
000068.SZ,000068,20251209,93355270,0,4071714,0,S,36800,100,
000068.SZ,000068,20251209,93355300,0,4072096,0,B,36700,4000,
000068.SZ,000068,20251209,93355490,0,4073811,0,S,36800,900,
000068.SZ,000068,20251209,93355590,0,4074778,0,B,36700,1500,
000068.SZ,000068,20251209,93356110,0,4079598,0,B,36700,4000,
000068.SZ,000068,20251209,93356650,0,4084491,0,B,36500,1000,
000068.SZ,000068,20251209,93358050,0,4097473,0,B,36700,1500,
000068.SZ,000068,20251209,93358130,0,4098279,0,B,36700,100,
000068.SZ,000068,20251209,93359150,0,4107975,0,B,37000,2600,
000068.SZ,000068,20251209,93400030,0,4114855,0,B,36200,2700,
000068.SZ,000068,20251209,93400750,0,4123152,0,S,36800,100,
000068.SZ,000068,20251209,93401220,0,4128672,0,S,36800,2800,
000068.SZ,000068,20251209,93401410,0,4131174,0,S,36600,1700,
000068.SZ,000068,20251209,93401470,0,4131693,0,S,36700,100,
000068.SZ,000068,20251209,93401720,0,4134176,0,B,33300,900,
000068.SZ,000068,20251209,93403200,0,4148390,0,S,37000,2200,
000068.SZ,000068,20251209,93404140,0,4158859,0,B,36700,300,
000068.SZ,000068,20251209,93404170,0,4159147,0,B,36700,20000,
000068.SZ,000068,20251209,93404190,0,4159427,0,B,36700,9200,
000068.SZ,000068,20251209,93405160,0,4168825,0,S,36300,900,
000068.SZ,000068,20251209,93405220,0,4169411,0,S,36300,1700,
000068.SZ,000068,20251209,93405280,0,4170113,0,S,36700,10000,
000068.SZ,000068,20251209,93405380,0,4171253,0,S,36300,400,
000068.SZ,000068,20251209,93406140,0,4178533,0,S,36300,4700,
000068.SZ,000068,20251209,93406570,0,4182620,0,B,36000,3000,
000068.SZ,000068,20251209,93406770,0,4184598,0,B,36600,100,
000068.SZ,000068,20251209,93406970,0,4186462,0,B,36700,200,
000068.SZ,000068,20251209,93406980,0,4186525,0,B,36700,1400,
000068.SZ,000068,20251209,93407010,0,4187052,0,S,36300,300,
000068.SZ,000068,20251209,93407130,0,4188475,0,S,36800,500,
000068.SZ,000068,20251209,93407400,0,4191525,0,S,39000,38000,
000068.SZ,000068,20251209,93407810,0,4196013,0,B,35600,1500,
000068.SZ,000068,20251209,93408220,0,4199810,0,B,36700,4200,
000068.SZ,000068,20251209,93408680,0,4204753,0,B,36300,20000,
000068.SZ,000068,20251209,93408690,0,4204901,0,B,36700,200,
000068.SZ,000068,20251209,93409470,0,4212397,0,B,36600,600,
000068.SZ,000068,20251209,93409580,0,4213477,0,B,36700,1000,
000068.SZ,000068,20251209,93411210,0,4229284,0,B,36500,5000,
000068.SZ,000068,20251209,93411420,0,4231305,0,B,36600,3000,
000068.SZ,000068,20251209,93411790,0,4234621,0,B,36300,2000,
000068.SZ,000068,20251209,93412460,0,4240605,0,B,37000,1000,
000068.SZ,000068,20251209,93413120,0,4246088,0,B,36800,10000,
000068.SZ,000068,20251209,93413180,0,4246615,0,S,36700,1400,
000068.SZ,000068,20251209,93415360,0,4265867,0,S,40700,100000,
000068.SZ,000068,20251209,93415740,0,4269043,0,B,36600,8000,
000068.SZ,000068,20251209,93416770,0,4278763,0,B,36700,700,
000068.SZ,000068,20251209,93416970,0,4280529,0,B,36700,10000,
000068.SZ,000068,20251209,93417090,0,4281665,0,B,36600,2000,
000068.SZ,000068,20251209,93417830,0,4287874,0,B,36500,300,
000068.SZ,000068,20251209,93417870,0,4288259,0,B,36700,600,
000068.SZ,000068,20251209,93418200,0,4290688,0,B,36700,1000,
000068.SZ,000068,20251209,93418700,0,4295543,0,B,37200,2600,
000068.SZ,000068,20251209,93421320,0,4317277,0,B,36700,2700,
000068.SZ,000068,20251209,93422540,0,4327820,0,S,36700,5600,
000068.SZ,000068,20251209,93423240,0,4333333,0,B,36700,4000,
000068.SZ,000068,20251209,93424580,0,4343646,0,S,36700,1000,
000068.SZ,000068,20251209,93427350,0,4367139,0,B,37200,2200,
000068.SZ,000068,20251209,93427360,0,4367305,0,B,36400,1000,
000068.SZ,000068,20251209,93428580,0,4378763,0,B,34900,500,
000068.SZ,000068,20251209,93429730,0,4388308,0,B,36600,10000,
000068.SZ,000068,20251209,93429930,0,4389730,0,B,36600,34200,
000068.SZ,000068,20251209,93430230,0,4392300,0,S,36800,13900,
000068.SZ,000068,20251209,93430230,0,4392301,0,S,36800,17800,
000068.SZ,000068,20251209,93430230,0,4392302,0,S,36800,72300,
000068.SZ,000068,20251209,93430230,0,4392303,0,S,36800,100,
000068.SZ,000068,20251209,93430230,0,4392313,0,S,36900,800,
000068.SZ,000068,20251209,93430230,0,4392314,0,S,36800,100,
000068.SZ,000068,20251209,93430230,0,4392317,0,S,36800,100,
000068.SZ,000068,20251209,93430230,0,4392337,0,S,36800,300,
000068.SZ,000068,20251209,93430240,0,4392431,0,S,36900,200,
000068.SZ,000068,20251209,93432270,0,4412045,0,S,38100,1300,
000068.SZ,000068,20251209,93433290,0,4420604,0,S,36800,100,
