万得代码,交易所代码,自然日,时间,成交编号,成交代码,委托代码,BS标志,成交价格,成交数量,叫卖序号,叫买序号,
000068.SZ,000068,20251209,91503540,240291,C,0, ,0,22300,240281,0,
000068.SZ,000068,20251209,91505840,267791,C,0, ,0,2000,267738,0,
000068.SZ,000068,20251209,91715430,318838,C,0, ,0,74800,293316,0,
000068.SZ,000068,20251209,91726960,322287,C,0, ,0,1000,0,86804,
000068.SZ,000068,20251209,92500000,556302,0,0,B,36900,2000,56465,428413,
000068.SZ,000068,20251209,92500000,556303,0,0,B,36900,1100,56465,547776,
000068.SZ,000068,20251209,92500000,556304,0,0,S,36900,1900,553869,547776,
000068.SZ,000068,20251209,92500000,556305,0,0,S,36900,1000,553869,553695,
000068.SZ,000068,20251209,92500000,556306,0,0,S,36900,1100,553869,535286,
000068.SZ,000068,20251209,92500000,556307,0,0,S,36900,300,553869,399072,
000068.SZ,000068,20251209,92500000,556308,0,0,B,36900,3200,19591,399072,
000068.SZ,000068,20251209,92500000,556309,0,0,S,36900,400,517172,399072,
000068.SZ,000068,20251209,92500000,556310,0,0,S,36900,100,517178,399072,
000068.SZ,000068,20251209,92500000,556311,0,0,S,36900,100,517199,399072,
000068.SZ,000068,20251209,92500000,556312,0,0,S,36900,100,517206,399072,
000068.SZ,000068,20251209,92500000,556313,0,0,B,36900,100,96117,536363,
000068.SZ,000068,20251209,92500000,556314,0,0,B,36900,300,393535,542159,
000068.SZ,000068,20251209,92500000,556315,0,0,S,36900,1700,393535,5365,
000068.SZ,000068,20251209,92500000,556316,0,0,S,36900,300,438552,5365,
000068.SZ,000068,20251209,92500000,556317,0,0,S,36900,500,438552,123490,
000068.SZ,000068,20251209,92500000,556318,0,0,B,36900,2000,438552,552266,
000068.SZ,000068,20251209,92500000,556319,0,0,B,36900,1000,439276,552266,
000068.SZ,000068,20251209,92500000,556320,0,0,S,36900,400,439276,212017,
000068.SZ,000068,20251209,92500000,556321,0,0,B,36900,1700,530281,550418,
000068.SZ,000068,20251209,92500000,556322,0,0,S,36900,300,530281,275150,
000068.SZ,000068,20251209,93000070,685852,C,0, ,0,19100,0,420949,
000068.SZ,000068,20251209,93000110,701986,0,0,B,37000,900,14484,701985,
000068.SZ,000068,20251209,93000110,702119,0,0,B,37000,900,14484,702118,
000068.SZ,000068,20251209,93000110,702124,0,0,S,36900,3000,702123,366632,
000068.SZ,000068,20251209,93000110,702125,0,0,S,36900,1100,702123,449343,
000068.SZ,000068,20251209,93000140,718277,C,0, ,0,2000,0,337032,
000068.SZ,000068,20251209,93000140,722813,0,0,B,37000,200,14484,722812,
000068.SZ,000068,20251209,93000190,745369,0,0,B,37000,900,14484,745368,
000068.SZ,000068,20251209,93000190,745759,0,0,B,37000,900,14484,745758,
000068.SZ,000068,20251209,93000210,756389,0,0,B,37000,200,14484,756388,
000068.SZ,000068,20251209,93000210,756390,0,0,B,37000,100,47604,756388,
000068.SZ,000068,20251209,93000210,756391,0,0,B,37000,300,67753,756388,
000068.SZ,000068,20251209,93000210,756392,0,0,B,37000,300,221774,756388,
000068.SZ,000068,20251209,93000220,758236,0,0,B,37000,600,221774,758235,
000068.SZ,000068,20251209,93000220,758237,0,0,B,37000,300,519427,758235,
000068.SZ,000068,20251209,93000220,759970,0,0,S,36900,900,759969,449343,
000068.SZ,000068,20251209,93000220,759971,0,0,S,36900,5000,759969,511000,
000068.SZ,000068,20251209,93000220,759972,0,0,S,36900,1000,759969,722178,
000068.SZ,000068,20251209,93000220,759973,0,0,S,36900,100,759969,754677,
000068.SZ,000068,20251209,93000270,777170,0,0,S,36900,200,777169,754677,
000068.SZ,000068,20251209,93000300,786201,0,0,B,37000,900,519427,786200,
000068.SZ,000068,20251209,93000340,798648,C,0, ,0,1300,66979,0,
000068.SZ,000068,20251209,93000410,812421,0,0,S,36900,400,812420,754677,
000068.SZ,000068,20251209,93000460,820790,0,0,S,36900,2100,820789,754677,
000068.SZ,000068,20251209,93000470,822467,0,0,B,37000,800,519427,822466,
000068.SZ,000068,20251209,93000470,822468,0,0,B,37000,100,686258,822466,
000068.SZ,000068,20251209,93000540,834806,0,0,B,37000,500,686258,834805,
000068.SZ,000068,20251209,93000540,834807,0,0,B,37000,500,726930,834805,
000068.SZ,000068,20251209,93000850,882850,C,0, ,0,1000,0,344991,
000068.SZ,000068,20251209,93001350,944051,C,0, ,0,4000,0,190557,
000068.SZ,000068,20251209,93003150,1079737,0,0,B,37000,900,726930,1079736,
000068.SZ,000068,20251209,93003210,1083185,0,0,S,36900,100,1083184,754677,
000068.SZ,000068,20251209,93003600,1101452,0,0,S,36900,100,1101451,754677,
000068.SZ,000068,20251209,93004210,1134435,0,0,B,37000,900,726930,1134434,
000068.SZ,000068,20251209,93004730,1156402,0,0,S,36900,400,1156401,754677,
000068.SZ,000068,20251209,93005610,1184666,0,0,S,36900,500,1184665,754677,
000068.SZ,000068,20251209,93006120,1202200,0,0,S,36900,1100,1202199,754677,
000068.SZ,000068,20251209,93006120,1202201,0,0,S,36900,800,1202199,782579,
000068.SZ,000068,20251209,93006120,1202202,0,0,S,36900,600,1202199,782791,
000068.SZ,000068,20251209,93006120,1202208,0,0,S,36900,100,1202207,782791,
000068.SZ,000068,20251209,93006120,1202209,0,0,S,36900,700,1202207,797439,
000068.SZ,000068,20251209,93006120,1202210,0,0,S,36900,700,1202207,797647,
000068.SZ,000068,20251209,93006120,1202211,0,0,S,36900,100,1202207,831512,
000068.SZ,000068,20251209,93006120,1202212,0,0,S,36900,300,1202207,834349,
000068.SZ,000068,20251209,93006130,1202375,0,0,S,36900,600,1202374,834349,
000068.SZ,000068,20251209,93006140,1202752,0,0,S,36900,100,1202751,834349,
000068.SZ,000068,20251209,93006150,1202988,0,0,S,36900,19000,1202987,834349,
000068.SZ,000068,20251209,93006150,1202989,0,0,S,36900,26900,1202987,844195,
000068.SZ,000068,20251209,93006150,1202990,0,0,S,36900,6000,1202987,855916,
000068.SZ,000068,20251209,93006150,1202991,0,0,S,36900,200,1202987,936383,
000068.SZ,000068,20251209,93006150,1202992,0,0,S,36900,100,1202987,938628,
000068.SZ,000068,20251209,93006150,1202993,0,0,S,36900,900,1202987,1058607,
000068.SZ,000068,20251209,93006150,1202994,0,0,S,36900,100,1202987,1099344,
000068.SZ,000068,20251209,93006150,1202995,0,0,S,36900,5600,1202987,1122210,
000068.SZ,000068,20251209,93006150,1202996,0,0,S,36900,1000,1202987,1125877,
000068.SZ,000068,20251209,93006150,1202997,0,0,S,36900,200,1202987,1179708,
000068.SZ,000068,20251209,93006160,1203317,0,0,S,36800,100,1203316,43264,
000068.SZ,000068,20251209,93006220,1206396,C,0, ,0,1500,1205491,0,
000068.SZ,000068,20251209,93007390,1239946,0,0,S,36800,400,1239945,43264,
000068.SZ,000068,20251209,93009160,1273512,C,0, ,0,1400,1205481,0,
000068.SZ,000068,20251209,93009160,1273514,C,0, ,0,4300,1205489,0,
000068.SZ,000068,20251209,93009160,1273516,C,0, ,0,3500,1205474,0,
000068.SZ,000068,20251209,93009160,1273517,C,0, ,0,2900,1205479,0,
000068.SZ,000068,20251209,93009160,1273522,C,0, ,0,7800,1205506,0,
000068.SZ,000068,20251209,93010080,1294716,0,0,S,36800,200,1294715,43264,
000068.SZ,000068,20251209,93010080,1294721,0,0,S,36800,100,1294720,43264,
000068.SZ,000068,20251209,93012150,1323369,0,0,S,36800,100,1323368,43264,
000068.SZ,000068,20251209,93012410,1328547,C,0, ,0,900,1077428,0,
000068.SZ,000068,20251209,93012510,1331190,0,0,B,36900,1700,1205384,1331189,
000068.SZ,000068,20251209,93012510,1331191,0,0,B,36900,200,1207381,1331189,
000068.SZ,000068,20251209,93013410,1347240,C,0, ,0,1400,1101568,0,
000068.SZ,000068,20251209,93013410,1347331,C,0, ,0,1500,1102475,0,
000068.SZ,000068,20251209,93014510,1362762,C,0, ,0,1100,880607,0,
000068.SZ,000068,20251209,93014590,1363697,C,0, ,0,200,910583,0,
000068.SZ,000068,20251209,93015140,1370185,0,0,S,36800,200,1370184,43264,
000068.SZ,000068,20251209,93015150,1370716,0,0,S,36800,100,1370715,43264,
000068.SZ,000068,20251209,93015150,1370723,0,0,S,36800,100,1370722,43264,
000068.SZ,000068,20251209,93015180,1372282,C,0, ,0,2700,1083410,0,
000068.SZ,000068,20251209,93015830,1389545,C,0, ,0,26900,1295216,0,
000068.SZ,000068,20251209,93018320,1427659,0,0,S,36800,100,1427658,43264,
000068.SZ,000068,20251209,93018430,1431158,C,0, ,0,100,1031961,0,
000068.SZ,000068,20251209,93018580,1434082,C,0, ,0,200,1102087,0,
000068.SZ,000068,20251209,93018580,1434134,C,0, ,0,300,1102374,0,
000068.SZ,000068,20251209,93018890,1439918,0,0,S,36800,1500,1439917,43264,
000068.SZ,000068,20251209,93018890,1439921,0,0,S,36800,1500,1439920,43264,
000068.SZ,000068,20251209,93019270,1445588,0,0,S,36800,200,1445587,43264,
000068.SZ,000068,20251209,93019400,1448931,0,0,S,36800,200,1448930,43264,
000068.SZ,000068,20251209,93019440,1449506,0,0,S,36800,100,1449505,43264,
000068.SZ,000068,20251209,93019580,1452407,0,0,S,36800,200,1452406,43264,
000068.SZ,000068,20251209,93019770,1455506,C,0, ,0,600,892045,0,
000068.SZ,000068,20251209,93020580,1465409,0,0,S,36800,300,1465408,43264,
000068.SZ,000068,20251209,93020630,1465952,C,0, ,0,1000,0,410572,
000068.SZ,000068,20251209,93020770,1467506,0,0,S,36800,600,1467505,43264,
000068.SZ,000068,20251209,93021020,1470239,0,0,B,36900,200,1207381,1470238,
000068.SZ,000068,20251209,93021020,1470240,0,0,B,36900,400,1216820,1470238,
000068.SZ,000068,20251209,93021020,1470241,0,0,B,36900,100,1225258,1470238,
000068.SZ,000068,20251209,93021020,1470242,0,0,B,36900,100,1225271,1470238,
000068.SZ,000068,20251209,93021020,1470243,0,0,B,36900,7400,1225332,1470238,
000068.SZ,000068,20251209,93021020,1470244,0,0,B,36900,700,1228849,1470238,
000068.SZ,000068,20251209,93021020,1470245,0,0,B,36900,1500,1243326,1470238,
000068.SZ,000068,20251209,93021020,1470246,0,0,B,36900,1600,1247273,1470238,
000068.SZ,000068,20251209,93021020,1470247,0,0,B,36900,1300,1247294,1470238,
000068.SZ,000068,20251209,93021020,1470248,0,0,B,36900,1600,1247417,1470238,
000068.SZ,000068,20251209,93021020,1470249,0,0,B,36900,100,1250564,1470238,
000068.SZ,000068,20251209,93021020,1470250,0,0,B,36900,100,1269190,1470238,
000068.SZ,000068,20251209,93021020,1470251,0,0,B,36900,100,1269706,1470238,
000068.SZ,000068,20251209,93021020,1470252,0,0,B,36900,200,1269771,1470238,
000068.SZ,000068,20251209,93021020,1470253,0,0,B,36900,100,1273803,1470238,
000068.SZ,000068,20251209,93021020,1470254,0,0,B,36900,100,1281397,1470238,
000068.SZ,000068,20251209,93021020,1470255,0,0,B,36900,100,1281401,1470238,
000068.SZ,000068,20251209,93021020,1470256,0,0,B,36900,100,1281405,1470238,
000068.SZ,000068,20251209,93021020,1470257,0,0,B,36900,100,1285920,1470238,
000068.SZ,000068,20251209,93021020,1470258,0,0,B,36900,6600,1342334,1470238,
000068.SZ,000068,20251209,93021020,1470259,0,0,B,36900,2400,1342342,1470238,
000068.SZ,000068,20251209,93021020,1470260,0,0,B,36900,100,1352506,1470238,
000068.SZ,000068,20251209,93021020,1470261,0,0,B,36900,100,1430721,1470238,
000068.SZ,000068,20251209,93021020,1470262,0,0,B,36900,100,1430725,1470238,
000068.SZ,000068,20251209,93021020,1470263,0,0,B,36900,100,1430738,1470238,
000068.SZ,000068,20251209,93021020,1470264,0,0,B,36900,100,1430743,1470238,
000068.SZ,000068,20251209,93021020,1470265,0,0,B,36900,600,1467706,1470238,
000068.SZ,000068,20251209,93021020,1470266,0,0,B,36900,3300,1467710,1470238,
000068.SZ,000068,20251209,93021020,1470267,0,0,B,36900,700,1467714,1470238,
000068.SZ,000068,20251209,93021270,1473277,0,0,S,36800,600,1473276,43264,
000068.SZ,000068,20251209,93021680,1484152,C,0, ,0,100,1265792,0,
000068.SZ,000068,20251209,93023530,1510023,C,0, ,0,300,1158440,0,
000068.SZ,000068,20251209,93023670,1511452,0,0,S,36800,1500,1511451,43264,
000068.SZ,000068,20251209,93023680,1511535,0,0,S,36800,1500,1511534,43264,
000068.SZ,000068,20251209,93024670,1526748,0,0,B,36900,800,1467714,1526747,
000068.SZ,000068,20251209,93024670,1526749,0,0,B,36900,2900,1467719,1526747,
000068.SZ,000068,20251209,93024670,1526750,0,0,B,36900,1300,1467725,1526747,
000068.SZ,000068,20251209,93025620,1542944,0,0,S,36800,200,1542943,43264,
000068.SZ,000068,20251209,93025620,1542952,0,0,S,36800,200,1542951,43264,
000068.SZ,000068,20251209,93025850,1545540,0,0,B,36900,100,1467725,1545539,
000068.SZ,000068,20251209,93026100,1548361,C,0, ,0,800,1016656,0,
000068.SZ,000068,20251209,93027030,1558476,0,0,S,36800,500,1558475,84557,
000068.SZ,000068,20251209,93027030,1558477,0,0,S,36800,1000,1558475,113570,
000068.SZ,000068,20251209,93027220,1561134,0,0,S,36800,4400,1561133,113570,
000068.SZ,000068,20251209,93027220,1561135,0,0,S,36800,1300,1561133,140398,
000068.SZ,000068,20251209,93027230,1561358,0,0,S,36800,2900,1561357,140398,
000068.SZ,000068,20251209,93027240,1561432,0,0,S,36800,1400,1561431,140398,
000068.SZ,000068,20251209,93027240,1561433,0,0,S,36800,500,1561431,212012,
000068.SZ,000068,20251209,93027240,1561434,0,0,S,36800,200,1561431,212014,
000068.SZ,000068,20251209,93027240,1561435,0,0,S,36800,700,1561431,221798,
000068.SZ,000068,20251209,93027240,1561437,0,0,S,36800,100,1561436,221798,
000068.SZ,000068,20251209,93027240,1561438,0,0,S,36800,8300,1561436,231784,
000068.SZ,000068,20251209,93027240,1561440,0,0,S,36800,2900,1561439,231784,
000068.SZ,000068,20251209,93027240,1561444,0,0,S,36800,11200,1561443,231784,
000068.SZ,000068,20251209,93027240,1561446,0,0,S,36800,800,1561445,231784,
000068.SZ,000068,20251209,93027240,1561455,0,0,S,36800,4100,1561454,231784,
000068.SZ,000068,20251209,93027560,1568185,0,0,S,36800,1500,1568184,231784,
000068.SZ,000068,20251209,93027690,1570641,0,0,B,36900,1900,1467725,1570640,
000068.SZ,000068,20251209,93027690,1570642,0,0,B,36900,6300,1467735,1570640,
000068.SZ,000068,20251209,93027690,1570643,0,0,B,36900,2900,1467777,1570640,
000068.SZ,000068,20251209,93027690,1570644,0,0,B,36900,2500,1467872,1570640,
000068.SZ,000068,20251209,93028600,1585333,0,0,S,36800,200,1585332,231784,
000068.SZ,000068,20251209,93028600,1585335,0,0,S,36800,200,1585334,231784,
000068.SZ,000068,20251209,93028690,1586963,0,0,S,36800,200,1586962,231784,
000068.SZ,000068,20251209,93028690,1586982,0,0,S,36800,200,1586981,231784,
000068.SZ,000068,20251209,93030320,1609514,0,0,B,36900,100,1467872,1609513,
000068.SZ,000068,20251209,93030530,1613951,0,0,S,36800,300,1613950,231784,
000068.SZ,000068,20251209,93031330,1627642,0,0,S,36800,100,1627641,231784,
000068.SZ,000068,20251209,93031330,1627643,0,0,S,36800,100,1627641,275138,
000068.SZ,000068,20251209,93031700,1634806,0,0,S,36800,500,1634805,275138,
000068.SZ,000068,20251209,93031700,1634807,0,0,S,36800,500,1634805,297789,
000068.SZ,000068,20251209,93031700,1634808,0,0,S,36800,1700,1634805,318623,
000068.SZ,000068,20251209,93031700,1634827,0,0,S,36800,2700,1634826,318623,
000068.SZ,000068,20251209,93031860,1636674,C,0, ,0,500,297790,0,
000068.SZ,000068,20251209,93033160,1651283,0,0,S,36800,200,1651282,318623,
000068.SZ,000068,20251209,93033760,1663400,0,0,S,36800,100,1663399,318623,
000068.SZ,000068,20251209,93034430,1674161,C,0, ,0,2000,0,470410,
000068.SZ,000068,20251209,93035350,1688152,0,0,B,36900,100,1467872,1688151,
000068.SZ,000068,20251209,93035350,1688154,0,0,B,36900,100,1467872,1688153,
000068.SZ,000068,20251209,93035350,1688163,0,0,B,36900,100,1469380,1688162,
000068.SZ,000068,20251209,93035580,1691565,0,0,B,36900,100,1469380,1691564,
000068.SZ,000068,20251209,93035580,1691569,0,0,B,36900,100,1469380,1691568,
000068.SZ,000068,20251209,93035820,1694627,0,0,S,36800,100,1694626,318623,
000068.SZ,000068,20251209,93035820,1694631,0,0,S,36800,100,1694630,318623,
000068.SZ,000068,20251209,93035820,1694652,0,0,S,36800,100,1694651,318623,
000068.SZ,000068,20251209,93035830,1694793,0,0,S,36800,200,1694792,318623,
000068.SZ,000068,20251209,93035850,1695004,0,0,S,36800,100,1695003,318623,
000068.SZ,000068,20251209,93035850,1695006,0,0,S,36800,100,1695005,318623,
000068.SZ,000068,20251209,93035850,1695008,0,0,S,36800,100,1695007,318623,
000068.SZ,000068,20251209,93035850,1695083,0,0,S,36800,100,1695082,318623,
000068.SZ,000068,20251209,93035860,1695142,0,0,S,36800,100,1695141,318623,
000068.SZ,000068,20251209,93036150,1699739,0,0,S,36800,100,1699738,318623,
000068.SZ,000068,20251209,93036160,1700148,0,0,S,36800,100,1700147,318623,
000068.SZ,000068,20251209,93036180,1700506,C,0, ,0,1400,1115009,0,
000068.SZ,000068,20251209,93037590,1728747,0,0,S,36800,100,1728746,318623,
000068.SZ,000068,20251209,93037760,1731315,0,0,S,36800,1000,1731314,323917,
000068.SZ,000068,20251209,93037760,1731316,0,0,S,36800,3000,1731314,340202,
000068.SZ,000068,20251209,93038570,1741725,0,0,S,36800,3000,1741724,340202,
000068.SZ,000068,20251209,93038570,1741740,0,0,S,36800,9900,1741739,340202,
000068.SZ,000068,20251209,93038630,1742607,C,0, ,0,800,738072,0,
000068.SZ,000068,20251209,93038910,1746597,C,0, ,0,1700,1223150,0,
000068.SZ,000068,20251209,93038910,1746605,C,0, ,0,1300,1223206,0,
000068.SZ,000068,20251209,93038910,1746608,C,0, ,0,1800,1223035,0,
000068.SZ,000068,20251209,93038910,1746613,C,0, ,0,1900,1223244,0,
000068.SZ,000068,20251209,93039070,1749775,0,0,S,36800,5100,1749774,340202,
000068.SZ,000068,20251209,93039070,1749776,0,0,S,36800,1000,1749774,357446,
000068.SZ,000068,20251209,93039070,1749777,0,0,S,36800,900,1749774,411592,
000068.SZ,000068,20251209,93039160,1751454,0,0,S,36800,400,1751453,411592,
000068.SZ,000068,20251209,93039160,1751455,0,0,S,36800,3600,1751453,518697,
000068.SZ,000068,20251209,93039160,1751456,0,0,S,36800,5800,1751453,1066738,
000068.SZ,000068,20251209,93039160,1751458,0,0,S,36800,6400,1751457,1066738,
000068.SZ,000068,20251209,93039160,1751465,0,0,S,36800,3600,1751464,1066738,
000068.SZ,000068,20251209,93039160,1751481,0,0,S,36800,23100,1751480,1066738,
000068.SZ,000068,20251209,93039170,1751553,0,0,S,36800,42900,1751552,1066738,
000068.SZ,000068,20251209,93039170,1751555,0,0,S,36800,1600,1751554,1066738,
000068.SZ,000068,20251209,93039170,1751556,0,0,S,36800,100,1751554,1324466,
000068.SZ,000068,20251209,93039170,1751557,0,0,S,36800,500,1751554,1372390,
000068.SZ,000068,20251209,93039170,1751558,0,0,S,36800,1200,1751554,1402799,
000068.SZ,000068,20251209,93039170,1751559,0,0,S,36800,100,1751554,1442421,
000068.SZ,000068,20251209,93039170,1751560,0,0,S,36800,200,1751554,1473386,
000068.SZ,000068,20251209,93039170,1751561,0,0,S,36800,100,1751554,1489223,
000068.SZ,000068,20251209,93039170,1751562,0,0,S,36800,300,1751554,1538630,
000068.SZ,000068,20251209,93039170,1751563,0,0,S,36800,500,1751554,1561407,
000068.SZ,000068,20251209,93039170,1751564,0,0,S,36800,1400,1751554,1561408,
000068.SZ,000068,20251209,93039170,1751565,0,0,S,36800,200,1751554,1561670,
000068.SZ,000068,20251209,93039170,1751566,0,0,S,36800,200,1751554,1561899,
000068.SZ,000068,20251209,93039170,1751567,0,0,S,36800,500,1751554,1562418,
000068.SZ,000068,20251209,93039170,1751568,0,0,S,36800,3000,1751554,1604450,
000068.SZ,000068,20251209,93039170,1751569,0,0,S,36800,900,1751554,1610578,
000068.SZ,000068,20251209,93039170,1751570,0,0,S,36800,500,1751554,1612077,
000068.SZ,000068,20251209,93039170,1751571,0,0,S,36800,300,1751554,1613117,
000068.SZ,000068,20251209,93039170,1751572,0,0,S,36800,1000,1751554,1615210,
000068.SZ,000068,20251209,93039170,1751573,0,0,S,36800,1000,1751554,1616243,
000068.SZ,000068,20251209,93039170,1751574,0,0,S,36800,600,1751554,1617128,
000068.SZ,000068,20251209,93039170,1751575,0,0,S,36800,100,1751554,1638236,
000068.SZ,000068,20251209,93039170,1751576,0,0,S,36800,100,1751554,1720366,
000068.SZ,000068,20251209,93039640,1761816,0,0,B,36800,8100,1751554,1761815,
000068.SZ,000068,20251209,93039640,1761817,0,0,B,36800,600,1751630,1761815,
000068.SZ,000068,20251209,93039640,1761818,0,0,B,36800,300,1751632,1761815,
000068.SZ,000068,20251209,93039640,1761907,0,0,B,36800,1400,1751632,1761906,
000068.SZ,000068,20251209,93039640,1761908,0,0,B,36800,38600,1751644,1761906,
000068.SZ,000068,20251209,93039880,1766527,C,0, ,0,100,1266089,0,
000068.SZ,000068,20251209,93040180,1771133,C,0, ,0,21500,1751853,0,
000068.SZ,000068,20251209,93040900,1783831,C,0, ,0,400,1747249,0,
000068.SZ,000068,20251209,93040900,1783832,C,0, ,0,200,1747250,0,
000068.SZ,000068,20251209,93040900,1783835,C,0, ,0,2900,1747196,0,
000068.SZ,000068,20251209,93040900,1783836,C,0, ,0,1500,1747255,0,
000068.SZ,000068,20251209,93040900,1783838,C,0, ,0,100,1747267,0,
000068.SZ,000068,20251209,93040900,1783839,C,0, ,0,200,1747262,0,
000068.SZ,000068,20251209,93040900,1783840,C,0, ,0,600,1747201,0,
000068.SZ,000068,20251209,93040900,1783842,C,0, ,0,100,1747260,0,
000068.SZ,000068,20251209,93040900,1783845,C,0, ,0,700,1747276,0,
000068.SZ,000068,20251209,93040900,1783852,C,0, ,0,1400,1702896,0,
000068.SZ,000068,20251209,93041220,1789209,0,0,S,36700,8200,1789208,27722,
000068.SZ,000068,20251209,93041820,1798159,C,0, ,0,21500,1782442,0,
000068.SZ,000068,20251209,93041840,1798389,C,0, ,0,2000,1782438,0,
000068.SZ,000068,20251209,93041850,1798546,C,0, ,0,4200,1782448,0,
000068.SZ,000068,20251209,93041850,1798640,C,0, ,0,2900,1782446,0,
000068.SZ,000068,20251209,93041860,1798727,C,0, ,0,900,1782443,0,
000068.SZ,000068,20251209,93041870,1798916,C,0, ,0,3700,1782447,0,
000068.SZ,000068,20251209,93042200,1804660,0,0,S,36700,200,1804659,27722,
000068.SZ,000068,20251209,93042200,1804761,0,0,B,36800,100,1751644,1804760,
000068.SZ,000068,20251209,93042250,1806107,C,0, ,0,900,1088523,0,
000068.SZ,000068,20251209,93042250,1806122,C,0, ,0,1600,830709,0,
000068.SZ,000068,20251209,93042270,1806741,C,0, ,0,1500,830681,0,
000068.SZ,000068,20251209,93042290,1807193,C,0, ,0,2100,814696,0,
000068.SZ,000068,20251209,93042310,1807889,0,0,B,36800,100,1751644,1807888,
000068.SZ,000068,20251209,93042340,1808430,C,0, ,0,1700,813682,0,
000068.SZ,000068,20251209,93042350,1808647,0,0,B,36800,2400,1751644,1808646,
000068.SZ,000068,20251209,93042350,1808648,0,0,B,36800,300,1751754,1808646,
000068.SZ,000068,20251209,93042350,1808649,0,0,B,36800,1100,1762327,1808646,
000068.SZ,000068,20251209,93042350,1808650,0,0,B,36800,1200,1762398,1808646,
000068.SZ,000068,20251209,93042370,1808952,C,0, ,0,2100,691658,0,
000068.SZ,000068,20251209,93042390,1809708,C,0, ,0,1900,973416,0,
000068.SZ,000068,20251209,93042410,1810017,C,0, ,0,1400,1521726,0,
000068.SZ,000068,20251209,93042420,1810162,C,0, ,0,2400,1521900,0,
000068.SZ,000068,20251209,93042430,1810438,C,0, ,0,700,1214812,0,
000068.SZ,000068,20251209,93042440,1810659,C,0, ,0,100,1033542,0,
000068.SZ,000068,20251209,93042460,1811020,C,0, ,0,2000,821169,0,
000068.SZ,000068,20251209,93042480,1811378,0,0,S,36700,600,1811377,27722,
000068.SZ,000068,20251209,93042600,1814169,C,0, ,0,2100,868935,0,
000068.SZ,000068,20251209,93042910,1819664,C,0, ,0,1300,1227286,0,
000068.SZ,000068,20251209,93042910,1819666,C,0, ,0,900,1120586,0,
000068.SZ,000068,20251209,93042980,1820755,C,0, ,0,1400,914556,0,
000068.SZ,000068,20251209,93043000,1821139,C,0, ,0,100,1088218,0,
000068.SZ,000068,20251209,93043010,1821149,C,0, ,0,100,1089323,0,
000068.SZ,000068,20251209,93043010,1821201,C,0, ,0,100,1091053,0,
000068.SZ,000068,20251209,93043010,1821271,C,0, ,0,100,1088582,0,
000068.SZ,000068,20251209,93043110,1823123,C,0, ,0,900,1162969,0,
000068.SZ,000068,20251209,93043110,1823124,C,0, ,0,1600,1252668,0,
000068.SZ,000068,20251209,93043450,1829966,0,0,B,36800,100,1767454,1829965,
000068.SZ,000068,20251209,93043460,1830033,0,0,B,36800,200,1767454,1830032,
000068.SZ,000068,20251209,93043580,1832179,C,0, ,0,500,1126837,0,
000068.SZ,000068,20251209,93043590,1832435,C,0, ,0,1200,1071160,0,
000068.SZ,000068,20251209,93044620,1849661,C,0, ,0,29900,834629,0,
000068.SZ,000068,20251209,93044640,1849982,C,0, ,0,29900,828913,0,
000068.SZ,000068,20251209,93044760,1851666,C,0, ,0,1800,0,305138,
000068.SZ,000068,20251209,93044760,1851713,0,0,B,36800,200,1767454,1851712,
000068.SZ,000068,20251209,93045200,1858632,0,0,B,36800,300,1767454,1858631,
000068.SZ,000068,20251209,93045740,1868938,C,0, ,0,900,1189365,0,
000068.SZ,000068,20251209,93046270,1877457,0,0,S,36700,1500,1877456,27722,
000068.SZ,000068,20251209,93047540,1894845,C,0, ,0,2000,456137,0,
000068.SZ,000068,20251209,93048280,1904297,0,0,B,36800,200,1769440,1904296,
000068.SZ,000068,20251209,93049720,1927344,0,0,S,36700,10000,1927343,27722,
000068.SZ,000068,20251209,93049720,1927345,0,0,S,36700,300,1927343,166771,
000068.SZ,000068,20251209,93049720,1927346,0,0,S,36700,300,1927343,197475,
000068.SZ,000068,20251209,93049720,1927347,0,0,S,36700,1000,1927343,212015,
000068.SZ,000068,20251209,93049720,1927348,0,0,S,36700,800,1927343,221799,
000068.SZ,000068,20251209,93049720,1927349,0,0,S,36700,500,1927343,224015,
000068.SZ,000068,20251209,93049720,1927350,0,0,S,36700,200,1927343,232060,
000068.SZ,000068,20251209,93049720,1927351,0,0,S,36700,400,1927343,284269,
000068.SZ,000068,20251209,93049720,1927352,0,0,S,36700,1200,1927343,456403,
000068.SZ,000068,20251209,93049720,1927353,0,0,S,36700,600,1927343,706005,
000068.SZ,000068,20251209,93049720,1927354,0,0,S,36700,1000,1927343,746271,
000068.SZ,000068,20251209,93049720,1927355,0,0,S,36700,9600,1927343,805638,
000068.SZ,000068,20251209,93049720,1927356,0,0,S,36700,2300,1927343,833495,
000068.SZ,000068,20251209,93049720,1927357,0,0,S,36700,500,1927343,881000,
000068.SZ,000068,20251209,93049720,1927358,0,0,S,36700,2000,1927343,958126,
000068.SZ,000068,20251209,93049720,1927359,0,0,S,36700,300,1927343,971412,
000068.SZ,000068,20251209,93049720,1927360,0,0,S,36700,3000,1927343,1008735,
000068.SZ,000068,20251209,93049720,1927361,0,0,S,36700,1900,1927343,1248889,
000068.SZ,000068,20251209,93049720,1927362,0,0,S,36700,1100,1927343,1578349,
000068.SZ,000068,20251209,93049720,1927363,0,0,S,36700,2000,1927343,1635737,
000068.SZ,000068,20251209,93049720,1927364,0,0,S,36700,1000,1927343,1779208,
000068.SZ,000068,20251209,93049720,1927365,0,0,S,36700,5400,1927343,1797108,
000068.SZ,000068,20251209,93049720,1927366,0,0,S,36700,100,1927343,1804630,
000068.SZ,000068,20251209,93049720,1927367,0,0,S,36700,1000,1927343,1805601,
000068.SZ,000068,20251209,93049720,1927368,0,0,S,36700,5400,1927343,1806835,
000068.SZ,000068,20251209,93049720,1927369,0,0,S,36700,5400,1927343,1812971,
000068.SZ,000068,20251209,93049720,1927370,0,0,S,36700,1300,1927343,1825193,
000068.SZ,000068,20251209,93049720,1927371,0,0,S,36700,700,1927343,1825353,
000068.SZ,000068,20251209,93049720,1927372,0,0,S,36700,100,1927343,1832208,
000068.SZ,000068,20251209,93049720,1927373,0,0,S,36700,100,1927343,1832215,
000068.SZ,000068,20251209,93049720,1927374,0,0,S,36700,300,1927343,1832971,
000068.SZ,000068,20251209,93049890,1929325,C,0, ,0,400,284268,0,
000068.SZ,000068,20251209,93050790,1941146,C,0, ,0,1200,1250981,0,
000068.SZ,000068,20251209,93050790,1941147,C,0, ,0,1200,1250732,0,
000068.SZ,000068,20251209,93050790,1941148,C,0, ,0,900,1128367,0,
000068.SZ,000068,20251209,93050800,1941156,C,0, ,0,900,1037178,0,
000068.SZ,000068,20251209,93050800,1941161,C,0, ,0,1600,1250895,0,
000068.SZ,000068,20251209,93050800,1941179,C,0, ,0,1300,1250941,0,
000068.SZ,000068,20251209,93050800,1941190,C,0, ,0,1500,1251120,0,
000068.SZ,000068,20251209,93051370,1948456,0,0,B,36800,300,1769440,1948455,
000068.SZ,000068,20251209,93051380,1948567,C,0, ,0,8500,1669655,0,
000068.SZ,000068,20251209,93053400,1976719,C,0, ,0,1000,346435,0,
000068.SZ,000068,20251209,93054420,1990446,C,0, ,0,100,0,1055358,
000068.SZ,000068,20251209,93055090,1999363,0,0,B,36800,1000,1769440,1999362,
000068.SZ,000068,20251209,93055090,1999364,0,0,B,36800,1500,1769639,1999362,
000068.SZ,000068,20251209,93055090,1999365,0,0,B,36800,500,1769785,1999362,
000068.SZ,000068,20251209,93055090,1999366,0,0,B,36800,1500,1769890,1999362,
000068.SZ,000068,20251209,93055090,1999367,0,0,B,36800,100,1776790,1999362,
000068.SZ,000068,20251209,93055090,1999368,0,0,B,36800,100,1777152,1999362,
000068.SZ,000068,20251209,93055090,1999369,0,0,B,36800,300,1781338,1999362,
000068.SZ,000068,20251209,93055090,1999370,0,0,B,36800,1200,1781670,1999362,
000068.SZ,000068,20251209,93055090,1999371,0,0,B,36800,5000,1782799,1999362,
000068.SZ,000068,20251209,93055090,1999372,0,0,B,36800,400,1784809,1999362,
000068.SZ,000068,20251209,93055090,1999373,0,0,B,36800,1800,1784810,1999362,
000068.SZ,000068,20251209,93055090,1999374,0,0,B,36800,400,1784812,1999362,
000068.SZ,000068,20251209,93055090,1999375,0,0,B,36800,400,1784813,1999362,
000068.SZ,000068,20251209,93055090,1999376,0,0,B,36800,1500,1784817,1999362,
000068.SZ,000068,20251209,93055090,1999377,0,0,B,36800,300,1784822,1999362,
000068.SZ,000068,20251209,93055090,1999378,0,0,B,36800,600,1784824,1999362,
000068.SZ,000068,20251209,93055090,1999379,0,0,B,36800,100,1784826,1999362,
000068.SZ,000068,20251209,93055090,1999380,0,0,B,36800,200,1784829,1999362,
000068.SZ,000068,20251209,93055090,1999381,0,0,B,36800,200,1784830,1999362,
000068.SZ,000068,20251209,93055090,1999382,0,0,B,36800,800,1784864,1999362,
000068.SZ,000068,20251209,93055090,1999383,0,0,B,36800,1400,1784880,1999362,
000068.SZ,000068,20251209,93055090,1999384,0,0,B,36800,4000,1819880,1999362,
000068.SZ,000068,20251209,93055090,1999385,0,0,B,36800,2100,1825889,1999362,
000068.SZ,000068,20251209,93055090,1999386,0,0,B,36800,1900,1825893,1999362,
000068.SZ,000068,20251209,93055090,1999387,0,0,B,36800,2100,1826326,1999362,
000068.SZ,000068,20251209,93055090,1999388,0,0,B,36800,1700,1827407,1999362,
000068.SZ,000068,20251209,93055090,1999389,0,0,B,36800,1900,1828720,1999362,
000068.SZ,000068,20251209,93055090,1999390,0,0,B,36800,1100,1830394,1999362,
000068.SZ,000068,20251209,93055090,1999391,0,0,B,36800,2000,1832842,1999362,
000068.SZ,000068,20251209,93055090,1999392,0,0,B,36800,1400,1838722,1999362,
000068.SZ,000068,20251209,93055090,1999393,0,0,B,36800,100,1839484,1999362,
000068.SZ,000068,20251209,93055090,1999394,0,0,B,36800,100,1839553,1999362,
000068.SZ,000068,20251209,93055090,1999395,0,0,B,36800,100,1839642,1999362,
000068.SZ,000068,20251209,93055090,1999396,0,0,B,36800,100,1839769,1999362,
000068.SZ,000068,20251209,93055090,1999397,0,0,B,36800,100,1846062,1999362,
000068.SZ,000068,20251209,93055090,1999398,0,0,B,36800,1400,1943968,1999362,
000068.SZ,000068,20251209,93055090,1999399,0,0,B,36800,200,1956743,1999362,
000068.SZ,000068,20251209,93056010,2011702,0,0,S,36800,300,2011701,1999362,
000068.SZ,000068,20251209,93056010,2011704,0,0,S,36800,100,2011703,1999362,
000068.SZ,000068,20251209,93056270,2015275,0,0,S,36800,9800,2015274,1999362,
000068.SZ,000068,20251209,93056270,2015281,0,0,S,36800,200,2015280,1999362,
000068.SZ,000068,20251209,93059970,2061504,0,0,S,36700,5100,2061503,1832971,
000068.SZ,000068,20251209,93059970,2061505,0,0,S,36700,100,2061503,1833549,
000068.SZ,000068,20251209,93059970,2061506,0,0,S,36700,600,2061503,1835248,
000068.SZ,000068,20251209,93059970,2061507,0,0,S,36700,700,2061503,1835249,
000068.SZ,000068,20251209,93059970,2061508,0,0,S,36700,100,2061503,1838078,
000068.SZ,000068,20251209,93059970,2061509,0,0,S,36700,1000,2061503,1839166,
000068.SZ,000068,20251209,93059970,2061510,0,0,S,36700,100,2061503,1842598,
000068.SZ,000068,20251209,93059970,2061511,0,0,S,36700,100,2061503,1870688,
000068.SZ,000068,20251209,93059970,2061512,0,0,S,36700,200,2061503,1875031,
000068.SZ,000068,20251209,93059970,2061513,0,0,S,36700,6000,2061503,1894758,
000068.SZ,000068,20251209,93059970,2061514,0,0,S,36700,7700,2061503,1939620,
000068.SZ,000068,20251209,93059970,2061515,0,0,S,36700,200,2061503,1948399,
000068.SZ,000068,20251209,93059970,2061516,0,0,S,36700,100,2061503,1975161,
000068.SZ,000068,20251209,93059970,2061517,0,0,S,36700,200,2061503,1988107,
000068.SZ,000068,20251209,93059970,2061518,0,0,S,36700,2000,2061503,2032653,
000068.SZ,000068,20251209,93059970,2061519,0,0,S,36700,100,2061503,2033564,
000068.SZ,000068,20251209,93059970,2061597,0,0,B,36700,100,2061503,2061596,
000068.SZ,000068,20251209,93059980,2061677,0,0,B,36700,7000,2061503,2061676,
000068.SZ,000068,20251209,93059990,2061792,0,0,B,36700,200,2061503,2061791,
000068.SZ,000068,20251209,93100000,2061915,0,0,B,36700,4100,2061503,2061914,
000068.SZ,000068,20251209,93100000,2062046,0,0,B,36700,100,2061503,2062045,
000068.SZ,000068,20251209,93100000,2062049,0,0,B,36700,100,2061503,2062048,
000068.SZ,000068,20251209,93100000,2062051,0,0,B,36700,100,2061503,2062050,
000068.SZ,000068,20251209,93100000,2062057,0,0,B,36700,100,2061503,2062056,
000068.SZ,000068,20251209,93100000,2062061,0,0,B,36700,100,2061503,2062060,
000068.SZ,000068,20251209,93100000,2062064,0,0,B,36700,100,2061503,2062063,
000068.SZ,000068,20251209,93100000,2062073,0,0,B,36700,100,2061503,2062072,
000068.SZ,000068,20251209,93100010,2062212,0,0,B,36700,100,2061503,2062211,
000068.SZ,000068,20251209,93100010,2062214,0,0,B,36700,100,2061503,2062213,
000068.SZ,000068,20251209,93100010,2062216,0,0,B,36700,100,2061503,2062215,
000068.SZ,000068,20251209,93100010,2062218,0,0,B,36700,100,2061503,2062217,
000068.SZ,000068,20251209,93100010,2062220,0,0,B,36700,100,2061503,2062219,
000068.SZ,000068,20251209,93100010,2062222,0,0,B,36700,100,2061503,2062221,
000068.SZ,000068,20251209,93100010,2062225,0,0,B,36700,100,2061503,2062224,
000068.SZ,000068,20251209,93100010,2062230,0,0,B,36700,200,2061503,2062229,
000068.SZ,000068,20251209,93100010,2062234,0,0,B,36700,100,2061503,2062233,
000068.SZ,000068,20251209,93100010,2062243,0,0,B,36700,100,2061503,2062242,
000068.SZ,000068,20251209,93100010,2062252,0,0,B,36700,100,2061503,2062251,
000068.SZ,000068,20251209,93100010,2062254,0,0,B,36700,100,2061503,2062253,
000068.SZ,000068,20251209,93100010,2062256,0,0,B,36700,100,2061503,2062255,
000068.SZ,000068,20251209,93100010,2062260,0,0,B,36700,100,2061503,2062259,
000068.SZ,000068,20251209,93100010,2062264,0,0,B,36700,100,2061503,2062263,
000068.SZ,000068,20251209,93100010,2062268,0,0,B,36700,100,2061503,2062267,
000068.SZ,000068,20251209,93100020,2062274,0,0,B,36700,100,2061503,2062273,
000068.SZ,000068,20251209,93100020,2062374,0,0,B,36700,1000,2061503,2062373,
000068.SZ,000068,20251209,93100020,2062376,0,0,B,36700,200,2061503,2062375,
000068.SZ,000068,20251209,93100030,2062514,0,0,B,36700,100,2061503,2062513,
000068.SZ,000068,20251209,93100090,2063529,0,0,B,36700,600,2061503,2063528,
000068.SZ,000068,20251209,93100120,2064010,0,0,B,36700,6100,2061503,2064009,
000068.SZ,000068,20251209,93100140,2064258,0,0,B,36700,100,2061503,2064257,
000068.SZ,000068,20251209,93100150,2064354,0,0,B,36700,100,2061503,2064353,
000068.SZ,000068,20251209,93100150,2064396,0,0,B,36700,1600,2061503,2064395,
000068.SZ,000068,20251209,93100150,2064398,0,0,B,36700,600,2061503,2064397,
000068.SZ,000068,20251209,93100150,2064402,0,0,B,36700,400,2061503,2064401,
000068.SZ,000068,20251209,93100150,2064404,0,0,B,36700,700,2061503,2064403,
000068.SZ,000068,20251209,93100150,2064407,0,0,B,36700,400,2061503,2064406,
000068.SZ,000068,20251209,93100150,2064409,0,0,B,36700,1700,2061503,2064408,
000068.SZ,000068,20251209,93100150,2064412,0,0,B,36700,300,2061503,2064411,
000068.SZ,000068,20251209,93100150,2064414,0,0,B,36700,2100,2061503,2064413,
000068.SZ,000068,20251209,93100150,2064417,0,0,B,36700,1600,2061503,2064416,
000068.SZ,000068,20251209,93100150,2064419,0,0,B,36700,500,2061503,2064418,
000068.SZ,000068,20251209,93100150,2064421,0,0,B,36700,800,2061503,2064420,
000068.SZ,000068,20251209,93100150,2064423,0,0,B,36700,700,2061503,2064422,
000068.SZ,000068,20251209,93100150,2064427,0,0,B,36700,400,2061503,2064426,
000068.SZ,000068,20251209,93100150,2064429,0,0,B,36700,1200,2061503,2064428,
000068.SZ,000068,20251209,93100150,2064431,0,0,B,36700,1000,2061503,2064430,
000068.SZ,000068,20251209,93100150,2064433,0,0,B,36700,300,2061503,2064432,
000068.SZ,000068,20251209,93100150,2064435,0,0,B,36700,300,2061503,2064434,
000068.SZ,000068,20251209,93100150,2064437,0,0,B,36700,600,2061503,2064436,
000068.SZ,000068,20251209,93100150,2064441,0,0,B,36700,1500,2061503,2064440,
000068.SZ,000068,20251209,93100150,2064443,0,0,B,36700,1200,2061503,2064442,
000068.SZ,000068,20251209,93100150,2064445,0,0,B,36700,900,2061503,2064444,
000068.SZ,000068,20251209,93100150,2064447,0,0,B,36700,1200,2061503,2064446,
000068.SZ,000068,20251209,93100150,2064449,0,0,B,36700,1500,2061503,2064448,
000068.SZ,000068,20251209,93100150,2064451,0,0,B,36700,900,2061503,2064450,
000068.SZ,000068,20251209,93100150,2064453,0,0,B,36700,800,2061503,2064452,
000068.SZ,000068,20251209,93100150,2064455,0,0,B,36700,1000,2061503,2064454,
000068.SZ,000068,20251209,93100150,2064457,0,0,B,36700,900,2061503,2064456,
000068.SZ,000068,20251209,93100150,2064462,0,0,B,36700,900,2061503,2064461,
000068.SZ,000068,20251209,93100150,2064464,0,0,B,36700,1200,2061503,2064463,
000068.SZ,000068,20251209,93100150,2064466,0,0,B,36700,300,2061503,2064465,
000068.SZ,000068,20251209,93100150,2064468,0,0,B,36700,400,2061503,2064467,
000068.SZ,000068,20251209,93100150,2064470,0,0,B,36700,800,2061503,2064469,
000068.SZ,000068,20251209,93100150,2064472,0,0,B,36700,1100,2061503,2064471,
000068.SZ,000068,20251209,93100150,2064475,0,0,B,36700,2900,2061503,2064474,
000068.SZ,000068,20251209,93100150,2064483,0,0,B,36700,300,2061503,2064482,
000068.SZ,000068,20251209,93100150,2064497,0,0,B,36700,300,2061503,2064496,
000068.SZ,000068,20251209,93100150,2064507,0,0,B,36700,100,2061503,2064506,
000068.SZ,000068,20251209,93100150,2064509,0,0,B,36700,100,2061503,2064508,
000068.SZ,000068,20251209,93100150,2064511,0,0,B,36700,100,2061503,2064510,
000068.SZ,000068,20251209,93100150,2064540,0,0,B,36700,100,2061503,2064539,
000068.SZ,000068,20251209,93100150,2064556,0,0,B,36700,100,2061503,2064555,
000068.SZ,000068,20251209,93100150,2064560,0,0,B,36700,600,2061503,2064559,
000068.SZ,000068,20251209,93100160,2064579,C,0, ,0,2700,1498363,0,
000068.SZ,000068,20251209,93100160,2064583,0,0,B,36700,100,2061503,2064582,
000068.SZ,000068,20251209,93100160,2064625,0,0,B,36700,1700,2061503,2064624,
000068.SZ,000068,20251209,93100160,2064648,0,0,B,36700,100,2061503,2064647,
000068.SZ,000068,20251209,93100160,2064650,0,0,B,36700,300,2061503,2064649,
000068.SZ,000068,20251209,93100160,2064659,0,0,B,36700,100,2061503,2064658,
000068.SZ,000068,20251209,93100170,2064841,0,0,B,36700,600,2061503,2064840,
000068.SZ,000068,20251209,93100220,2065940,0,0,B,36700,500,2061503,2065939,
000068.SZ,000068,20251209,93100330,2068422,0,0,B,36700,100,2061503,2068421,
000068.SZ,000068,20251209,93100330,2068437,0,0,B,36700,100,2061503,2068436,
000068.SZ,000068,20251209,93100460,2070862,C,0, ,0,900,1776684,0,
000068.SZ,000068,20251209,93100700,2075730,C,0, ,0,2100,1303995,0,
000068.SZ,000068,20251209,93100710,2076132,0,0,B,36700,9300,2061503,2076131,
000068.SZ,000068,20251209,93100720,2076180,C,0, ,0,1400,1304372,0,
000068.SZ,000068,20251209,93100720,2076183,C,0, ,0,1800,1304371,0,
000068.SZ,000068,20251209,93100860,2079317,C,0, ,0,700,1307183,0,
000068.SZ,000068,20251209,93100860,2079381,C,0, ,0,1800,1307703,0,
000068.SZ,000068,20251209,93100870,2079461,C,0, ,0,600,1307693,0,
000068.SZ,000068,20251209,93100870,2079504,C,0, ,0,900,1307769,0,
000068.SZ,000068,20251209,93101090,2084397,0,0,B,36700,4500,2061503,2084396,
000068.SZ,000068,20251209,93101110,2084780,0,0,B,36700,1800,2061503,2084779,
000068.SZ,000068,20251209,93101550,2094064,C,0, ,0,900,1528654,0,
000068.SZ,000068,20251209,93101660,2096239,0,0,B,36700,900,2092564,2096238,
000068.SZ,000068,20251209,93101660,2096240,0,0,B,36800,600,2016839,2096238,
000068.SZ,000068,20251209,93102050,2102508,0,0,B,36700,200,2096287,2102507,
000068.SZ,000068,20251209,93105320,2154447,C,0, ,0,12800,973801,0,
000068.SZ,000068,20251209,93106440,2171687,C,0, ,0,5700,1948771,0,
000068.SZ,000068,20251209,93110620,2236775,C,0, ,0,2000,1981098,0,
000068.SZ,000068,20251209,93111550,2248620,0,0,S,36700,600,2248619,2135581,
000068.SZ,000068,20251209,93112300,2257568,0,0,B,36800,1100,2016839,2257567,
000068.SZ,000068,20251209,93112690,2263874,C,0, ,0,300,0,956469,
000068.SZ,000068,20251209,93113560,2276905,0,0,B,36800,400,2016839,2276904,
000068.SZ,000068,20251209,93113560,2276906,0,0,B,36800,100,2023816,2276904,
000068.SZ,000068,20251209,93114760,2291414,C,0, ,0,200,0,416649,
000068.SZ,000068,20251209,93115230,2297366,C,0, ,0,19900,0,2155440,
000068.SZ,000068,20251209,93117110,2321268,0,0,B,36800,300,2023816,2321267,
000068.SZ,000068,20251209,93125340,2421341,0,0,S,36700,1500,2421340,2135581,
000068.SZ,000068,20251209,93125700,2426104,0,0,S,36700,900,2426103,2135581,
000068.SZ,000068,20251209,93125800,2427402,0,0,B,36800,1000,2023816,2427401,
000068.SZ,000068,20251209,93129410,2471898,0,0,S,36700,100,2471897,2135581,
000068.SZ,000068,20251209,93136260,2554593,C,0, ,0,1000,953409,0,
000068.SZ,000068,20251209,93140320,2606773,0,0,B,36800,100,2023816,2606772,
000068.SZ,000068,20251209,93142770,2637410,C,0, ,0,1000,0,1065736,
000068.SZ,000068,20251209,93149270,2719387,C,0, ,0,2000,0,2549555,
000068.SZ,000068,20251209,93150250,2731145,0,0,S,36700,1900,2731144,2135581,
000068.SZ,000068,20251209,93150250,2731146,0,0,S,36700,2200,2731144,2160996,
000068.SZ,000068,20251209,93151410,2744588,0,0,B,36800,500,2023816,2744587,
000068.SZ,000068,20251209,93151410,2744589,0,0,B,36800,1500,2023839,2744587,
000068.SZ,000068,20251209,93151410,2744590,0,0,B,36800,2100,2023845,2744587,
000068.SZ,000068,20251209,93151410,2744591,0,0,B,36800,700,2023921,2744587,
000068.SZ,000068,20251209,93152340,2756627,0,0,S,36700,100,2756626,2160996,
000068.SZ,000068,20251209,93153040,2765512,0,0,S,36700,600,2765511,2160996,
000068.SZ,000068,20251209,93155340,2792024,0,0,S,36700,100,2792023,2160996,
000068.SZ,000068,20251209,93159810,2842482,0,0,S,36700,700,2842481,2160996,
000068.SZ,000068,20251209,93200190,2847488,0,0,B,36800,400,2023921,2847487,
000068.SZ,000068,20251209,93201340,2866042,0,0,S,36700,100,2866041,2160996,
000068.SZ,000068,20251209,93201380,2866590,0,0,S,36700,6200,2866589,2160996,
000068.SZ,000068,20251209,93201380,2866591,0,0,S,36700,100,2866589,2161294,
000068.SZ,000068,20251209,93201380,2866592,0,0,S,36700,200,2866589,2172086,
000068.SZ,000068,20251209,93201380,2866593,0,0,S,36700,200,2866589,2181609,
000068.SZ,000068,20251209,93201380,2866594,0,0,S,36700,1500,2866589,2192778,
000068.SZ,000068,20251209,93201380,2866595,0,0,S,36700,1500,2866589,2195446,
000068.SZ,000068,20251209,93201380,2866596,0,0,S,36700,100,2866589,2225937,
000068.SZ,000068,20251209,93201380,2866597,0,0,S,36700,1500,2866589,2228633,
000068.SZ,000068,20251209,93201380,2866598,0,0,S,36700,1800,2866589,2244940,
000068.SZ,000068,20251209,93201380,2866599,0,0,S,36700,3100,2866589,2261035,
000068.SZ,000068,20251209,93201380,2866600,0,0,S,36700,200,2866589,2267550,
000068.SZ,000068,20251209,93201380,2866601,0,0,S,36700,100,2866589,2280644,
000068.SZ,000068,20251209,93201380,2866602,0,0,S,36700,2000,2866589,2301273,
000068.SZ,000068,20251209,93201380,2866603,0,0,S,36700,1000,2866589,2308063,
000068.SZ,000068,20251209,93201380,2866604,0,0,S,36700,100,2866589,2344172,
000068.SZ,000068,20251209,93201380,2866605,0,0,S,36700,100,2866589,2344367,
000068.SZ,000068,20251209,93201380,2866606,0,0,S,36700,100,2866589,2346591,
000068.SZ,000068,20251209,93201380,2866607,0,0,S,36700,100,2866589,2356482,
000068.SZ,000068,20251209,93201380,2866608,0,0,S,36700,100,2866589,2357750,
000068.SZ,000068,20251209,93201380,2866609,0,0,S,36700,1000,2866589,2358622,
000068.SZ,000068,20251209,93201380,2866610,0,0,S,36700,5000,2866589,2368231,
000068.SZ,000068,20251209,93201380,2866611,0,0,S,36700,19900,2866589,2396773,
000068.SZ,000068,20251209,93201380,2866612,0,0,S,36700,2000,2866589,2400567,
000068.SZ,000068,20251209,93201380,2866613,0,0,S,36700,5000,2866589,2418444,
000068.SZ,000068,20251209,93201380,2866614,0,0,S,36700,400,2866589,2471999,
000068.SZ,000068,20251209,93201380,2866615,0,0,S,36700,5000,2866589,2484375,
000068.SZ,000068,20251209,93201380,2866616,0,0,S,36700,400,2866589,2499288,
000068.SZ,000068,20251209,93201380,2866617,0,0,S,36700,4600,2866589,2514885,
000068.SZ,000068,20251209,93201380,2866618,0,0,S,36700,26800,2866589,2523446,
000068.SZ,000068,20251209,93201380,2866619,0,0,S,36700,100,2866589,2546442,
000068.SZ,000068,20251209,93201380,2866620,0,0,S,36700,20000,2866589,2556286,
000068.SZ,000068,20251209,93201380,2866621,0,0,S,36700,700,2866589,2593996,
000068.SZ,000068,20251209,93201380,2866622,0,0,S,36700,10000,2866589,2594031,
000068.SZ,000068,20251209,93201380,2866623,0,0,S,36700,1400,2866589,2622299,
000068.SZ,000068,20251209,93201380,2866624,0,0,S,36700,700,2866589,2752123,
000068.SZ,000068,20251209,93201380,2866625,0,0,S,36700,1000,2866589,2781622,
000068.SZ,000068,20251209,93201380,2866626,0,0,S,36700,20000,2866589,2806526,
000068.SZ,000068,20251209,93201380,2866627,0,0,S,36700,3000,2866589,2829970,
000068.SZ,000068,20251209,93201380,2866628,0,0,S,36700,900,2866589,2831125,
000068.SZ,000068,20251209,93201450,2867929,C,0, ,0,100,2011996,0,
000068.SZ,000068,20251209,93201450,2867939,C,0, ,0,1400,2012000,0,
000068.SZ,000068,20251209,93201450,2867946,C,0, ,0,1200,2012002,0,
000068.SZ,000068,20251209,93201450,2867957,C,0, ,0,100,2012013,0,
000068.SZ,000068,20251209,93201450,2867958,C,0, ,0,200,2012020,0,
000068.SZ,000068,20251209,93201450,2867962,C,0, ,0,5800,2012014,0,
000068.SZ,000068,20251209,93201450,2867964,C,0, ,0,1500,2012009,0,
000068.SZ,000068,20251209,93201450,2867976,C,0, ,0,3900,2012033,0,
000068.SZ,000068,20251209,93201450,2867984,C,0, ,0,6700,2012037,0,
000068.SZ,000068,20251209,93201460,2868142,C,0, ,0,100,2012077,0,
000068.SZ,000068,20251209,93201470,2868260,C,0, ,0,2200,2012231,0,
000068.SZ,000068,20251209,93201470,2868266,C,0, ,0,700,2013869,0,
000068.SZ,000068,20251209,93201470,2868267,C,0, ,0,1300,2013866,0,
000068.SZ,000068,20251209,93201470,2868269,C,0, ,0,2200,2012233,0,
000068.SZ,000068,20251209,93201470,2868324,C,0, ,0,2900,2013893,0,
000068.SZ,000068,20251209,93201480,2868427,C,0, ,0,2500,2012163,0,
000068.SZ,000068,20251209,93201570,2869681,0,0,S,36600,300,2869680,16952,
000068.SZ,000068,20251209,93201570,2869682,0,0,S,36600,800,2869680,50560,
000068.SZ,000068,20251209,93202340,2878656,0,0,B,36700,700,2866858,2878655,
000068.SZ,000068,20251209,93202410,2879604,C,0, ,0,37700,2867016,0,
000068.SZ,000068,20251209,93202470,2880198,C,0, ,0,13500,2866858,0,
000068.SZ,000068,20251209,93203150,2887905,C,0, ,0,200,2118583,0,
000068.SZ,000068,20251209,93203220,2888935,C,0, ,0,2800,1206149,0,
000068.SZ,000068,20251209,93203230,2889346,C,0, ,0,3200,1206151,0,
000068.SZ,000068,20251209,93203300,2890458,C,0, ,0,800,2397283,0,
000068.SZ,000068,20251209,93203370,2891439,C,0, ,0,100,2459738,0,
000068.SZ,000068,20251209,93203370,2891513,C,0, ,0,10800,2446464,0,
000068.SZ,000068,20251209,93203420,2892017,C,0, ,0,900,2299873,0,
000068.SZ,000068,20251209,93203420,2892029,C,0, ,0,400,2361849,0,
000068.SZ,000068,20251209,93203420,2892040,C,0, ,0,1400,2313356,0,
000068.SZ,000068,20251209,93203420,2892086,C,0, ,0,1500,2337721,0,
000068.SZ,000068,20251209,93203420,2892087,C,0, ,0,200,2496634,0,
000068.SZ,000068,20251209,93203430,2892155,C,0, ,0,100,2471933,0,
000068.SZ,000068,20251209,93203430,2892158,C,0, ,0,800,2460319,0,
000068.SZ,000068,20251209,93203460,2892512,C,0, ,0,1300,2314000,0,
000068.SZ,000068,20251209,93203770,2896634,C,0, ,0,1400,2464973,0,
000068.SZ,000068,20251209,93203980,2899457,C,0, ,0,1200,2467021,0,
000068.SZ,000068,20251209,93206160,2925500,0,0,S,36600,3200,2925499,50560,
000068.SZ,000068,20251209,93206180,2925814,0,0,S,36600,200,2925813,50560,
000068.SZ,000068,20251209,93206440,2929134,0,0,B,36700,2000,2866896,2929133,
000068.SZ,000068,20251209,93206440,2929135,0,0,B,36700,100,2879807,2929133,
000068.SZ,000068,20251209,93206440,2929136,0,0,B,36700,1200,2879808,2929133,
000068.SZ,000068,20251209,93206440,2929137,0,0,B,36700,1100,2879822,2929133,
000068.SZ,000068,20251209,93206440,2929138,0,0,B,36700,100,2879831,2929133,
000068.SZ,000068,20251209,93206440,2929139,0,0,B,36700,900,2879832,2929133,
000068.SZ,000068,20251209,93206960,2935397,0,0,S,36600,200,2935396,50560,
000068.SZ,000068,20251209,93208240,2950026,0,0,B,36700,2000,2879832,2950025,
000068.SZ,000068,20251209,93209120,2958851,C,0, ,0,9200,0,1133556,
000068.SZ,000068,20251209,93209260,2960575,0,0,B,36700,2100,2879832,2960574,
000068.SZ,000068,20251209,93209260,2960576,0,0,B,36700,200,2879833,2960574,
000068.SZ,000068,20251209,93209260,2960577,0,0,B,36700,500,2879834,2960574,
000068.SZ,000068,20251209,93209260,2960578,0,0,B,36700,2200,2879843,2960574,
000068.SZ,000068,20251209,93209540,2963573,0,0,S,36600,15600,2963572,50560,
000068.SZ,000068,20251209,93209540,2963574,0,0,S,36600,8500,2963572,50577,
000068.SZ,000068,20251209,93210450,2974888,0,0,B,36700,1000,2879843,2974887,
000068.SZ,000068,20251209,93211290,2983609,0,0,B,36700,200,2879843,2983608,
000068.SZ,000068,20251209,93211290,2983610,0,0,B,36700,800,2879844,2983608,
000068.SZ,000068,20251209,93211560,2986464,C,0, ,0,37900,2748390,0,
000068.SZ,000068,20251209,93212470,2996359,0,0,S,36600,1500,2996358,50577,
000068.SZ,000068,20251209,93212470,2996360,0,0,S,36600,300,2996358,88247,
000068.SZ,000068,20251209,93212970,3003318,C,0, ,0,100,2227174,0,
000068.SZ,000068,20251209,93213750,3014237,C,0, ,0,100,1743226,0,
000068.SZ,000068,20251209,93214700,3026578,C,0, ,0,100,2539833,0,
000068.SZ,000068,20251209,93214750,3027311,C,0, ,0,100,2694656,0,
000068.SZ,000068,20251209,93215300,3033557,0,0,B,36700,2000,2879844,3033556,
000068.SZ,000068,20251209,93218190,3069053,0,0,S,36600,100,3069052,88247,
000068.SZ,000068,20251209,93218190,3069055,0,0,S,36600,100,3069054,88247,
000068.SZ,000068,20251209,93218980,3079720,C,0, ,0,2600,756002,0,
000068.SZ,000068,20251209,93219360,3084417,0,0,S,36600,500,3084416,88247,
000068.SZ,000068,20251209,93219360,3084418,0,0,S,36600,100,3084416,88916,
000068.SZ,000068,20251209,93219360,3084419,0,0,S,36600,5400,3084416,99824,
000068.SZ,000068,20251209,93219360,3084420,0,0,S,36600,1000,3084416,204703,
000068.SZ,000068,20251209,93219360,3084421,0,0,S,36600,1000,3084416,212016,
000068.SZ,000068,20251209,93219360,3084422,0,0,S,36600,900,3084416,221800,
000068.SZ,000068,20251209,93219360,3084423,0,0,S,36600,29000,3084416,231783,
000068.SZ,000068,20251209,93219360,3084570,C,0, ,0,400,0,2064972,
000068.SZ,000068,20251209,93221410,3109643,C,0, ,0,8600,2171879,0,
000068.SZ,000068,20251209,93223310,3130575,0,0,B,36700,3000,2879844,3130574,
000068.SZ,000068,20251209,93223380,3131177,C,0, ,0,400,2472717,0,
000068.SZ,000068,20251209,93224380,3140566,0,0,S,36600,400,3140565,231783,
000068.SZ,000068,20251209,93224720,3144060,C,0, ,0,6000,0,287650,
000068.SZ,000068,20251209,93229300,3190688,C,0, ,0,800,2903820,0,
000068.SZ,000068,20251209,93229370,3191342,C,0, ,0,100,2904842,0,
000068.SZ,000068,20251209,93229420,3191887,C,0, ,0,200,2905708,0,
000068.SZ,000068,20251209,93229430,3192046,C,0, ,0,800,2905736,0,
000068.SZ,000068,20251209,93229430,3192050,C,0, ,0,100,2905737,0,
000068.SZ,000068,20251209,93229770,3195356,C,0, ,0,1400,2910553,0,
000068.SZ,000068,20251209,93229980,3197402,C,0, ,0,1200,2912380,0,
000068.SZ,000068,20251209,93230010,3197650,C,0, ,0,1000,2429950,0,
000068.SZ,000068,20251209,93230280,3200545,C,0, ,0,900,2694529,0,
000068.SZ,000068,20251209,93230280,3200547,C,0, ,0,100,2444934,0,
000068.SZ,000068,20251209,93230300,3200814,0,0,S,36600,600,3200813,231783,
000068.SZ,000068,20251209,93230300,3200815,0,0,S,36600,200,3200813,231788,
000068.SZ,000068,20251209,93230370,3201475,0,0,S,36600,100,3201474,231788,
000068.SZ,000068,20251209,93230420,3202314,0,0,S,36600,200,3202313,231788,
000068.SZ,000068,20251209,93230420,3202329,0,0,S,36600,800,3202328,231788,
000068.SZ,000068,20251209,93230420,3202331,0,0,S,36600,100,3202330,231788,
000068.SZ,000068,20251209,93230700,3205367,C,0, ,0,700,2413583,0,
000068.SZ,000068,20251209,93230770,3206193,0,0,S,36600,1400,3206192,231788,
000068.SZ,000068,20251209,93230980,3208395,0,0,S,36600,1200,3208394,231788,
000068.SZ,000068,20251209,93231370,3212898,C,0, ,0,3000,411549,0,
000068.SZ,000068,20251209,93231450,3213798,0,0,S,36600,2000,3213797,231788,
000068.SZ,000068,20251209,93231660,3216133,0,0,B,36700,100,2879844,3216132,
000068.SZ,000068,20251209,93231660,3216134,0,0,B,36700,1300,2879885,3216132,
000068.SZ,000068,20251209,93231660,3216135,0,0,B,36700,100,2879895,3216132,
000068.SZ,000068,20251209,93231660,3216136,0,0,B,36700,700,2880009,3216132,
000068.SZ,000068,20251209,93231700,3216536,0,0,S,36600,700,3216535,231788,
000068.SZ,000068,20251209,93232830,3227709,C,0, ,0,3000,0,966614,
000068.SZ,000068,20251209,93233710,3237412,0,0,S,36600,1300,3237411,231788,
000068.SZ,000068,20251209,93233710,3237413,0,0,S,36600,2000,3237411,383681,
000068.SZ,000068,20251209,93233710,3237414,0,0,S,36600,700,3237411,457144,
000068.SZ,000068,20251209,93236260,3264922,0,0,S,36600,300,3264921,457144,
000068.SZ,000068,20251209,93236950,3272172,C,0, ,0,2100,0,894155,
000068.SZ,000068,20251209,93237650,3280374,C,0, ,0,2000,0,392072,
000068.SZ,000068,20251209,93238270,3286607,C,0, ,0,1000,1076791,0,
000068.SZ,000068,20251209,93240640,3309683,C,0, ,0,100,2895009,0,
000068.SZ,000068,20251209,93240910,3311854,0,0,S,36600,500,3311853,457144,
000068.SZ,000068,20251209,93240910,3311855,0,0,S,36600,1500,3311853,757195,
000068.SZ,000068,20251209,93240910,3311856,0,0,S,36600,700,3311853,821121,
000068.SZ,000068,20251209,93240910,3311857,0,0,S,36600,500,3311853,1074261,
000068.SZ,000068,20251209,93240910,3311858,0,0,S,36600,1400,3311853,1188300,
000068.SZ,000068,20251209,93241640,3318673,0,0,S,36600,100,3318672,1188300,
000068.SZ,000068,20251209,93243660,3340956,0,0,S,36600,18500,3340955,1188300,
000068.SZ,000068,20251209,93243660,3340957,0,0,S,36600,3600,3340955,1538511,
000068.SZ,000068,20251209,93243660,3340958,0,0,S,36600,500,3340955,1638927,
000068.SZ,000068,20251209,93243660,3340959,0,0,S,36600,5000,3340955,1649417,
000068.SZ,000068,20251209,93243660,3340960,0,0,S,36600,4800,3340955,1972535,
000068.SZ,000068,20251209,93243660,3340961,0,0,S,36600,500,3340955,1978688,
000068.SZ,000068,20251209,93243660,3340962,0,0,S,36600,100,3340955,2046979,
000068.SZ,000068,20251209,93243660,3340963,0,0,S,36600,1000,3340955,2175610,
000068.SZ,000068,20251209,93243660,3340964,0,0,S,36600,2000,3340955,2328529,
000068.SZ,000068,20251209,93243660,3340965,0,0,S,36600,1000,3340955,2495506,
000068.SZ,000068,20251209,93243660,3340966,0,0,S,36600,1000,3340955,2569252,
000068.SZ,000068,20251209,93243660,3340967,0,0,S,36600,500,3340955,2597576,
000068.SZ,000068,20251209,93243660,3340968,0,0,S,36600,5300,3340955,2892120,
000068.SZ,000068,20251209,93243660,3340969,0,0,S,36600,10000,3340955,2892121,
000068.SZ,000068,20251209,93243660,3340970,0,0,S,36600,700,3340955,2937329,
000068.SZ,000068,20251209,93243660,3340971,0,0,S,36600,800,3340955,2937860,
000068.SZ,000068,20251209,93243660,3340972,0,0,S,36600,3000,3340955,2945388,
000068.SZ,000068,20251209,93243660,3340973,0,0,S,36600,100,3340955,3084640,
000068.SZ,000068,20251209,93243660,3340974,0,0,S,36600,200,3340955,3084842,
000068.SZ,000068,20251209,93243660,3340975,0,0,S,36600,300,3340955,3084919,
000068.SZ,000068,20251209,93243660,3340976,0,0,S,36600,1000,3340955,3167119,
000068.SZ,000068,20251209,93243660,3340977,0,0,S,36600,100,3340955,3232243,
000068.SZ,000068,20251209,93243820,3343136,C,0, ,0,5000,3058807,0,
000068.SZ,000068,20251209,93243900,3343837,C,0, ,0,500,1638930,0,
000068.SZ,000068,20251209,93243940,3344278,0,0,S,36600,800,3344277,3267794,
000068.SZ,000068,20251209,93243940,3344279,0,0,S,36600,700,3344277,3268430,
000068.SZ,000068,20251209,93243940,3344280,0,0,S,36600,700,3344277,3269500,
000068.SZ,000068,20251209,93243940,3344281,0,0,S,36600,800,3344277,3272246,
000068.SZ,000068,20251209,93243940,3344282,0,0,S,36600,100,3344277,3304272,
000068.SZ,000068,20251209,93243940,3344283,0,0,S,36600,700,3344277,3339093,
000068.SZ,000068,20251209,93243950,3344313,0,0,B,36600,400,3344277,3344312,
000068.SZ,000068,20251209,93244010,3344828,C,0, ,0,1000,3208707,0,
000068.SZ,000068,20251209,93244020,3344949,C,0, ,0,100,2186431,0,
000068.SZ,000068,20251209,93244020,3344954,C,0, ,0,100,2332135,0,
000068.SZ,000068,20251209,93244020,3344955,C,0, ,0,100,2214498,0,
000068.SZ,000068,20251209,93244020,3344956,C,0, ,0,100,2445145,0,
000068.SZ,000068,20251209,93244280,3347399,C,0, ,0,100,3211697,0,
000068.SZ,000068,20251209,93244280,3347400,C,0, ,0,900,3211698,0,
000068.SZ,000068,20251209,93244390,3348450,0,0,B,36600,47400,3344277,3348449,
000068.SZ,000068,20251209,93244830,3352646,C,0, ,0,800,1860536,0,
000068.SZ,000068,20251209,93245010,3354273,0,0,S,36600,1000,3354272,3348449,
000068.SZ,000068,20251209,93245280,3357263,0,0,S,36600,100,3357262,3348449,
000068.SZ,000068,20251209,93245280,3357265,0,0,S,36600,900,3357264,3348449,
000068.SZ,000068,20251209,93245300,3357543,0,0,S,36600,200,3357542,3348449,
000068.SZ,000068,20251209,93247220,3377611,0,0,B,36700,1500,2880009,3377610,
000068.SZ,000068,20251209,93247220,3377612,0,0,B,36700,500,2880013,3377610,
000068.SZ,000068,20251209,93251120,3417255,0,0,B,36700,1400,2880013,3417254,
000068.SZ,000068,20251209,93251120,3417256,0,0,B,36700,1900,2880014,3417254,
000068.SZ,000068,20251209,93251120,3417257,0,0,B,36700,400,2880015,3417254,
000068.SZ,000068,20251209,93251120,3417258,0,0,B,36700,300,2880016,3417254,
000068.SZ,000068,20251209,93252540,3432669,0,0,B,36700,900,2880017,3432668,
000068.SZ,000068,20251209,93253070,3437366,0,0,S,36600,400,3437365,3348449,
000068.SZ,000068,20251209,93253070,3437367,0,0,S,36600,100,3437365,3352692,
000068.SZ,000068,20251209,93253070,3437368,0,0,S,36600,100,3437365,3352701,
000068.SZ,000068,20251209,93253070,3437369,0,0,S,36600,100,3437365,3352702,
000068.SZ,000068,20251209,93253070,3437370,0,0,S,36600,300,3437365,3381928,
000068.SZ,000068,20251209,93256590,3470870,C,0, ,0,1600,0,3154083,
000068.SZ,000068,20251209,93302340,3535317,C,0, ,0,2000,0,3426527,
000068.SZ,000068,20251209,93303200,3543795,0,0,B,36700,100,2880017,3543794,
000068.SZ,000068,20251209,93306470,3580339,0,0,B,36700,100,2880017,3580338,
000068.SZ,000068,20251209,93306470,3580340,0,0,B,36700,700,2880018,3580338,
000068.SZ,000068,20251209,93306470,3580341,0,0,B,36700,100,2880019,3580338,
000068.SZ,000068,20251209,93306470,3580342,0,0,B,36700,400,2880050,3580338,
000068.SZ,000068,20251209,93306470,3580343,0,0,B,36700,100,2880098,3580338,
000068.SZ,000068,20251209,93306470,3580344,0,0,B,36700,600,2880103,3580338,
000068.SZ,000068,20251209,93307750,3595911,C,0, ,0,1300,3379484,0,
000068.SZ,000068,20251209,93310080,3620747,0,0,S,36600,200,3620746,3381928,
000068.SZ,000068,20251209,93310080,3620748,0,0,S,36600,100,3620746,3383723,
000068.SZ,000068,20251209,93310080,3620749,0,0,S,36600,3500,3620746,3390889,
000068.SZ,000068,20251209,93310080,3620750,0,0,S,36600,100,3620746,3395287,
000068.SZ,000068,20251209,93310080,3620751,0,0,S,36600,8000,3620746,3406029,
000068.SZ,000068,20251209,93310080,3620752,0,0,S,36600,700,3620746,3426676,
000068.SZ,000068,20251209,93310080,3620753,0,0,S,36600,500,3620746,3426694,
000068.SZ,000068,20251209,93310080,3620754,0,0,S,36600,600,3620746,3428135,
000068.SZ,000068,20251209,93310080,3620755,0,0,S,36600,100,3620746,3432969,
000068.SZ,000068,20251209,93310080,3620756,0,0,S,36600,6000,3620746,3443099,
000068.SZ,000068,20251209,93311120,3631951,C,0, ,0,86700,928038,0,
000068.SZ,000068,20251209,93314550,3666641,0,0,S,36600,100,3666640,3443099,
000068.SZ,000068,20251209,93321010,3731613,0,0,S,36600,800,3731612,3443099,
000068.SZ,000068,20251209,93321650,3738056,0,0,S,36600,1800,3738055,3443099,
000068.SZ,000068,20251209,93321650,3738057,0,0,S,36600,1100,3738055,3453459,
000068.SZ,000068,20251209,93321650,3738058,0,0,S,36600,1200,3738055,3453477,
000068.SZ,000068,20251209,93321650,3738059,0,0,S,36600,2300,3738055,3453486,
000068.SZ,000068,20251209,93321650,3738060,0,0,S,36600,1400,3738055,3457262,
000068.SZ,000068,20251209,93321650,3738061,0,0,S,36600,300,3738055,3466425,
000068.SZ,000068,20251209,93321650,3738062,0,0,S,36600,1000,3738055,3466962,
000068.SZ,000068,20251209,93321650,3738063,0,0,S,36600,300,3738055,3472975,
000068.SZ,000068,20251209,93321650,3738064,0,0,S,36600,500,3738055,3478110,
000068.SZ,000068,20251209,93321650,3738065,0,0,S,36600,600,3738055,3480729,
000068.SZ,000068,20251209,93321650,3738066,0,0,S,36600,1100,3738055,3482338,
000068.SZ,000068,20251209,93321650,3738067,0,0,S,36600,3300,3738055,3482362,
000068.SZ,000068,20251209,93321650,3738068,0,0,S,36600,3100,3738055,3484048,
000068.SZ,000068,20251209,93321650,3738069,0,0,S,36600,200,3738055,3487133,
000068.SZ,000068,20251209,93321650,3738070,0,0,S,36600,1100,3738055,3498751,
000068.SZ,000068,20251209,93321650,3738071,0,0,S,36600,1300,3738055,3498958,
000068.SZ,000068,20251209,93321650,3738072,0,0,S,36600,1600,3738055,3500967,
000068.SZ,000068,20251209,93321800,3739927,0,0,S,36600,2000,3739926,3500967,
000068.SZ,000068,20251209,93326450,3785815,C,0, ,0,3100,0,1225613,
000068.SZ,000068,20251209,93326530,3786564,C,0, ,0,400,0,1005909,
000068.SZ,000068,20251209,93328460,3805677,C,0, ,0,400,0,60996,
000068.SZ,000068,20251209,93328960,3810249,C,0, ,0,2000,3644765,0,
000068.SZ,000068,20251209,93330540,3824306,C,0, ,0,1000,0,2697907,
000068.SZ,000068,20251209,93332390,3843163,C,0, ,0,30000,0,875087,
000068.SZ,000068,20251209,93334990,3867925,0,0,B,36700,1000,2880103,3867924,
000068.SZ,000068,20251209,93340360,3922814,0,0,B,36700,1000,2880103,3922813,
000068.SZ,000068,20251209,93340360,3922815,0,0,B,36700,200,2880139,3922813,
000068.SZ,000068,20251209,93340360,3922816,0,0,B,36700,1400,2899212,3922813,
000068.SZ,000068,20251209,93340360,3922817,0,0,B,36700,1900,2904713,3922813,
000068.SZ,000068,20251209,93340360,3922818,0,0,B,36700,300,2911083,3922813,
000068.SZ,000068,20251209,93345190,3970946,0,0,B,36700,1300,2911083,3970945,
000068.SZ,000068,20251209,93345190,3970947,0,0,B,36700,800,2916690,3970945,
000068.SZ,000068,20251209,93346060,3980942,0,0,B,36700,1100,2916690,3980941,
000068.SZ,000068,20251209,93346060,3980943,0,0,B,36700,2700,2926980,3980941,
000068.SZ,000068,20251209,93346060,3980944,0,0,B,36700,200,3006499,3980941,
000068.SZ,000068,20251209,93346440,3985267,C,0, ,0,20000,0,1039043,
000068.SZ,000068,20251209,93347240,3992647,C,0, ,0,26600,3026494,0,
000068.SZ,000068,20251209,93348160,4000995,0,0,B,36700,100,3006499,4000994,
000068.SZ,000068,20251209,93348180,4001204,C,0, ,0,100,1651274,0,
000068.SZ,000068,20251209,93350750,4026576,C,0, ,0,100,3027292,0,
000068.SZ,000068,20251209,93350760,4026612,0,0,B,36700,100,3006499,4026611,
000068.SZ,000068,20251209,93350760,4026635,C,0, ,0,400,1651276,0,
000068.SZ,000068,20251209,93351280,4031472,0,0,B,36700,1200,3006499,4031471,
000068.SZ,000068,20251209,93351290,4031555,C,0, ,0,400,1651267,0,
000068.SZ,000068,20251209,93351410,4032761,0,0,B,36700,1600,3006499,4032760,
000068.SZ,000068,20251209,93351410,4032762,0,0,B,36700,900,3009481,4032760,
000068.SZ,000068,20251209,93352830,4048669,0,0,S,36600,500,4048668,3500967,
000068.SZ,000068,20251209,93354130,4060729,0,0,B,36700,500,3009481,4060728,
000068.SZ,000068,20251209,93354130,4060730,0,0,B,36700,1000,3009514,4060728,
000068.SZ,000068,20251209,93354130,4060731,0,0,B,36700,3500,3014204,4060728,
000068.SZ,000068,20251209,93354130,4060732,0,0,B,36700,1400,3035313,4060728,
000068.SZ,000068,20251209,93354130,4060733,0,0,B,36700,400,3059258,4060728,
000068.SZ,000068,20251209,93354130,4060734,0,0,B,36700,1300,3073116,4060728,
000068.SZ,000068,20251209,93354130,4060735,0,0,B,36700,1900,3109819,4060728,
000068.SZ,000068,20251209,93354130,4060748,0,0,B,36700,500,3109819,4060747,
000068.SZ,000068,20251209,93354140,4060770,0,0,B,36700,6700,3109819,4060769,
000068.SZ,000068,20251209,93354140,4060771,0,0,B,36700,3800,3232419,4060769,
000068.SZ,000068,20251209,93354140,4060790,0,0,B,36700,300,3232419,4060789,
000068.SZ,000068,20251209,93354140,4060791,0,0,B,36700,2300,3235074,4060789,
000068.SZ,000068,20251209,93354140,4060792,0,0,B,36700,8900,3245156,4060789,
000068.SZ,000068,20251209,93354140,4060793,0,0,B,36700,400,3256472,4060789,
000068.SZ,000068,20251209,93354140,4060794,0,0,B,36700,2600,3305172,4060789,
000068.SZ,000068,20251209,93354140,4060796,0,0,B,36700,400,3305172,4060795,
000068.SZ,000068,20251209,93354140,4060831,0,0,B,36700,3900,3404393,4060830,
000068.SZ,000068,20251209,93354140,4060832,0,0,B,36700,2700,3549800,4060830,
000068.SZ,000068,20251209,93354140,4060833,0,0,B,36700,100,3576851,4060830,
000068.SZ,000068,20251209,93354140,4060834,0,0,B,36700,100,3576887,4060830,
000068.SZ,000068,20251209,93354140,4060835,0,0,B,36700,100,3602503,4060830,
000068.SZ,000068,20251209,93354140,4060836,0,0,B,36700,2500,3658201,4060830,
000068.SZ,000068,20251209,93354140,4060837,0,0,B,36700,100,3743044,4060830,
000068.SZ,000068,20251209,93354260,4061807,0,0,S,36700,3200,4061806,4060830,
000068.SZ,000068,20251209,93354480,4064292,0,0,S,36700,3300,4064291,4060830,
000068.SZ,000068,20251209,93354480,4064293,0,0,S,36700,2400,4064291,4060838,
000068.SZ,000068,20251209,93354480,4064294,0,0,S,36700,2000,4064291,4060839,
000068.SZ,000068,20251209,93354550,4065015,C,0, ,0,700,0,3705711,
000068.SZ,000068,20251209,93354810,4067463,0,0,B,36800,100,2023921,4067462,
000068.SZ,000068,20251209,93354810,4067464,0,0,B,36800,1600,2023942,4067462,
000068.SZ,000068,20251209,93354810,4067465,0,0,B,36800,1000,2121935,4067462,
000068.SZ,000068,20251209,93354810,4067466,0,0,B,36800,900,2185993,4067462,
000068.SZ,000068,20251209,93354810,4067467,0,0,B,36800,200,2200152,4067462,
000068.SZ,000068,20251209,93355250,4071542,C,0, ,0,600,0,3863840,
000068.SZ,000068,20251209,93356140,4079816,C,0, ,0,1300,0,3875866,
000068.SZ,000068,20251209,93356740,4085234,C,0, ,0,400,1651405,0,
000068.SZ,000068,20251209,93357730,4094261,C,0, ,0,1100,0,3912596,
000068.SZ,000068,20251209,93357730,4094262,C,0, ,0,700,0,3908622,
000068.SZ,000068,20251209,93357840,4095429,C,0, ,0,800,0,3899059,
000068.SZ,000068,20251209,93359150,4107976,0,0,B,36800,200,2200152,4107975,
000068.SZ,000068,20251209,93359150,4107977,0,0,B,36800,1100,2200857,4107975,
000068.SZ,000068,20251209,93359150,4107978,0,0,B,36800,100,2215475,4107975,
000068.SZ,000068,20251209,93359150,4107979,0,0,B,36800,300,2238082,4107975,
000068.SZ,000068,20251209,93359150,4107980,0,0,B,36800,100,2260962,4107975,
000068.SZ,000068,20251209,93359150,4107981,0,0,B,36800,800,2292186,4107975,
000068.SZ,000068,20251209,93359160,4108036,C,0, ,0,1700,0,4060867,
000068.SZ,000068,20251209,93400240,4117006,C,0, ,0,600,0,3691529,
000068.SZ,000068,20251209,93401410,4131175,0,0,S,36700,1700,4131174,4060839,
000068.SZ,000068,20251209,93401470,4131694,0,0,S,36700,100,4131693,4060839,
000068.SZ,000068,20251209,93403890,4156062,C,0, ,0,4200,0,3726276,
000068.SZ,000068,20251209,93405160,4168826,0,0,S,36700,900,4168825,4060839,
000068.SZ,000068,20251209,93405220,4169412,0,0,S,36700,1700,4169411,4060839,
000068.SZ,000068,20251209,93405280,4170114,0,0,S,36700,5000,4170113,4060839,
000068.SZ,000068,20251209,93405280,4170115,0,0,S,36700,100,4170113,4060840,
000068.SZ,000068,20251209,93405280,4170116,0,0,S,36700,4900,4170113,4060844,
000068.SZ,000068,20251209,93405380,4171254,0,0,S,36700,300,4171253,4060844,
000068.SZ,000068,20251209,93405380,4171255,0,0,S,36700,100,4171253,4060861,
000068.SZ,000068,20251209,93406140,4178534,0,0,S,36700,100,4178533,4060861,
000068.SZ,000068,20251209,93406140,4178535,0,0,S,36700,100,4178533,4061641,
000068.SZ,000068,20251209,93406140,4178536,0,0,S,36700,4500,4178533,4067417,
000068.SZ,000068,20251209,93407010,4187053,0,0,S,36700,300,4187052,4067417,
000068.SZ,000068,20251209,93412360,4239439,C,0, ,0,600,0,4212397,
000068.SZ,000068,20251209,93412460,4240606,0,0,B,36800,1000,2292186,4240605,
000068.SZ,000068,20251209,93413120,4246089,0,0,B,36800,10000,2292186,4246088,
000068.SZ,000068,20251209,93413180,4246616,0,0,S,36700,1400,4246615,4067417,
000068.SZ,000068,20251209,93418700,4295544,0,0,B,36800,1000,2292186,4295543,
000068.SZ,000068,20251209,93418700,4295545,0,0,B,36800,1300,2299220,4295543,
000068.SZ,000068,20251209,93418700,4295546,0,0,B,36800,100,2331847,4295543,
000068.SZ,000068,20251209,93418700,4295547,0,0,B,36800,200,2341933,4295543,
000068.SZ,000068,20251209,93422540,4327821,0,0,S,36700,3600,4327820,4067417,
000068.SZ,000068,20251209,93422540,4327822,0,0,S,36700,2000,4327820,4072096,
000068.SZ,000068,20251209,93422920,4330698,C,0, ,0,1000,0,3811331,
000068.SZ,000068,20251209,93424580,4343647,0,0,S,36700,1000,4343646,4072096,
000068.SZ,000068,20251209,93427350,4367140,0,0,B,36800,300,2341933,4367139,
000068.SZ,000068,20251209,93427350,4367141,0,0,B,36800,900,2343952,4367139,
000068.SZ,000068,20251209,93427350,4367142,0,0,B,36800,900,2346293,4367139,
000068.SZ,000068,20251209,93427350,4367143,0,0,B,36800,100,2375932,4367139,
000068.SZ,000068,20251209,93433450,4422263,0,0,S,36700,100,4422262,4072096,
000068.SZ,000068,20251209,93433460,4422328,0,0,S,36700,100,4422327,4072096,
000068.SZ,000068,20251209,93433570,4423514,C,0, ,0,1100,2262395,0,
000068.SZ,000068,20251209,93434100,4428107,C,0, ,0,8000,0,4269043,
000068.SZ,000068,20251209,93436940,4451554,0,0,B,36800,800,2375932,4451553,
000068.SZ,000068,20251209,93436940,4451555,0,0,B,36800,2200,2385268,4451553,
000068.SZ,000068,20251209,93436940,4451556,0,0,B,36800,100,2387138,4451553,
000068.SZ,000068,20251209,93436940,4451557,0,0,B,36800,1000,2387141,4451553,
000068.SZ,000068,20251209,93436940,4451558,0,0,B,36800,900,2387142,4451553,
000068.SZ,000068,20251209,93437750,4458384,0,0,S,36700,800,4458383,4072096,
000068.SZ,000068,20251209,93437750,4458385,0,0,S,36700,1500,4458383,4074778,
000068.SZ,000068,20251209,93437750,4458386,0,0,S,36700,1400,4458383,4079598,
000068.SZ,000068,20251209,93439110,4469169,C,0, ,0,2700,0,4114855,
000068.SZ,000068,20251209,93443260,4502444,C,0, ,0,2000,2473082,0,
000068.SZ,000068,20251209,93444310,4510819,C,0, ,0,5000,2119013,0,
000068.SZ,000068,20251209,93447870,4541495,0,0,B,36800,100,2387159,4541494,
000068.SZ,000068,20251209,93451300,4571167,0,0,B,36800,900,2387159,4571166,
000068.SZ,000068,20251209,93451300,4571168,0,0,B,36800,100,2387205,4571166,
000068.SZ,000068,20251209,93451300,4571169,0,0,B,36800,100,2387209,4571166,
000068.SZ,000068,20251209,93451300,4571170,0,0,B,36800,1900,2387212,4571166,
000068.SZ,000068,20251209,93452740,4583445,C,0, ,0,600,3377595,0,
000068.SZ,000068,20251209,93454220,4595166,0,0,B,36800,200,2387212,4595165,
000068.SZ,000068,20251209,93456550,4615548,C,0, ,0,1500,0,3344878,
000068.SZ,000068,20251209,93459240,4637245,0,0,S,36700,400,4637244,4079598,
000068.SZ,000068,20251209,93500150,4644147,C,0, ,0,800,4392313,0,
000068.SZ,000068,20251209,93500150,4644189,C,0, ,0,200,4392431,0,
000068.SZ,000068,20251209,93500450,4648445,C,0, ,0,300,0,2455000,
000068.SZ,000068,20251209,93501590,4663267,C,0, ,0,2000,0,3701505,
000068.SZ,000068,20251209,93502510,4672720,0,0,B,36800,1900,2387212,4672719,
000068.SZ,000068,20251209,93502510,4672721,0,0,B,36800,100,2387213,4672719,
000068.SZ,000068,20251209,93502510,4672722,0,0,B,36800,700,2387215,4672719,
000068.SZ,000068,20251209,93502510,4672723,0,0,B,36800,2800,2387217,4672719,
000068.SZ,000068,20251209,93502510,4672724,0,0,B,36800,4700,2387218,4672719,
000068.SZ,000068,20251209,93502510,4672725,0,0,B,36800,100,2387421,4672719,
000068.SZ,000068,20251209,93502510,4672726,0,0,B,36800,100,2387557,4672719,
000068.SZ,000068,20251209,93502510,4672727,0,0,B,36800,1500,2387558,4672719,
000068.SZ,000068,20251209,93502510,4672728,0,0,B,36800,1600,2387559,4672719,
000068.SZ,000068,20251209,93502510,4672729,0,0,B,36800,500,2387562,4672719,
000068.SZ,000068,20251209,93502510,4672730,0,0,B,36800,500,2387563,4672719,
000068.SZ,000068,20251209,93502580,4673477,0,0,S,36700,100,4673476,4079598,
000068.SZ,000068,20251209,93502590,4673518,C,0, ,0,400,0,3507581,
000068.SZ,000068,20251209,93505060,4700665,C,0, ,0,500,0,4504511,
000068.SZ,000068,20251209,93507480,4728043,0,0,S,36700,600,4728042,4079598,
000068.SZ,000068,20251209,93508280,4737315,0,0,B,36800,400,2387563,4737314,
000068.SZ,000068,20251209,93508280,4737316,0,0,B,36800,400,2387564,4737314,
000068.SZ,000068,20251209,93508280,4737317,0,0,B,36800,600,2387565,4737314,
000068.SZ,000068,20251209,93508280,4737318,0,0,B,36800,200,2387566,4737314,
000068.SZ,000068,20251209,93508280,4737319,0,0,B,36800,1800,2387585,4737314,
000068.SZ,000068,20251209,93508280,4737320,0,0,B,36800,100,2387586,4737314,
000068.SZ,000068,20251209,93508280,4737321,0,0,B,36800,100,2387587,4737314,
000068.SZ,000068,20251209,93508280,4737322,0,0,B,36800,600,2387588,4737314,
000068.SZ,000068,20251209,93508280,4737323,0,0,B,36800,1700,2387601,4737314,
000068.SZ,000068,20251209,93508280,4737324,0,0,B,36800,200,2387630,4737314,
000068.SZ,000068,20251209,93508280,4737325,0,0,B,36800,300,2387681,4737314,
000068.SZ,000068,20251209,93508280,4737326,0,0,B,36800,800,2409405,4737314,
000068.SZ,000068,20251209,93508280,4737327,0,0,B,36800,900,2412189,4737314,
000068.SZ,000068,20251209,93508280,4737328,0,0,B,36800,1300,2416199,4737314,
000068.SZ,000068,20251209,93508280,4737329,0,0,B,36800,1600,2418547,4737314,
000068.SZ,000068,20251209,93508280,4737330,0,0,B,36800,600,2426087,4737314,
000068.SZ,000068,20251209,93508280,4737331,0,0,B,36800,2700,2479835,4737314,
000068.SZ,000068,20251209,93508280,4737332,0,0,B,36800,1000,2700801,4737314,
000068.SZ,000068,20251209,93508280,4737333,0,0,B,36800,800,2731233,4737314,
000068.SZ,000068,20251209,93508290,4737391,0,0,B,36800,100,2731233,4737390,
000068.SZ,000068,20251209,93508290,4737392,0,0,B,36800,200,2769462,4737390,
000068.SZ,000068,20251209,93508290,4737395,0,0,B,36800,1800,2769462,4737394,
000068.SZ,000068,20251209,93508290,4737397,0,0,B,36800,2900,2769462,4737396,
000068.SZ,000068,20251209,93508290,4737399,0,0,B,36800,1900,2769462,4737398,
000068.SZ,000068,20251209,93508290,4737402,0,0,B,36800,2900,2769462,4737401,
000068.SZ,000068,20251209,93508290,4737403,0,0,B,36800,100,2770512,4737401,
000068.SZ,000068,20251209,93508290,4737404,0,0,B,36800,1000,2790082,4737401,
000068.SZ,000068,20251209,93508290,4737405,0,0,B,36800,600,2834596,4737401,
000068.SZ,000068,20251209,93508290,4737407,0,0,B,36800,300,2834596,4737406,
000068.SZ,000068,20251209,93508290,4737409,0,0,B,36800,500,3345415,4737408,
000068.SZ,000068,20251209,93508290,4737410,0,0,B,36800,3800,4044591,4737408,
000068.SZ,000068,20251209,93508290,4737412,0,0,B,36800,1700,4044591,4737411,
000068.SZ,000068,20251209,93508290,4737414,0,0,B,36800,1600,4044591,4737413,
000068.SZ,000068,20251209,93508290,4737416,0,0,B,36800,2300,4044591,4737415,
000068.SZ,000068,20251209,93508290,4737418,0,0,B,36800,1500,4044591,4737417,
000068.SZ,000068,20251209,93508290,4737420,0,0,B,36800,1400,4044591,4737419,
000068.SZ,000068,20251209,93508290,4737422,0,0,B,36800,400,4044591,4737421,
000068.SZ,000068,20251209,93508290,4737424,0,0,B,36800,1900,4044591,4737423,
000068.SZ,000068,20251209,93508290,4737426,0,0,B,36800,1100,4044591,4737425,
000068.SZ,000068,20251209,93508290,4737427,0,0,B,36800,100,4071690,4737425,
000068.SZ,000068,20251209,93508290,4737428,0,0,B,36800,100,4071714,4737425,
000068.SZ,000068,20251209,93508290,4737429,0,0,B,36800,100,4073811,4737425,
000068.SZ,000068,20251209,93508290,4737431,0,0,B,36800,800,4073811,4737430,
000068.SZ,000068,20251209,93508290,4737432,0,0,B,36800,100,4123152,4737430,
000068.SZ,000068,20251209,93508290,4737433,0,0,B,36800,500,4128672,4737430,
000068.SZ,000068,20251209,93508290,4737435,0,0,B,36800,200,4128672,4737434,
000068.SZ,000068,20251209,93508290,4737437,0,0,B,36800,2100,4128672,4737436,
000068.SZ,000068,20251209,93508290,4737438,0,0,B,36800,100,4188475,4737436,
000068.SZ,000068,20251209,93508290,4737440,0,0,B,36800,400,4188475,4737439,
000068.SZ,000068,20251209,93508290,4737441,0,0,B,36800,1100,4392300,4737439,
000068.SZ,000068,20251209,93508290,4737443,0,0,B,36800,2200,4392300,4737442,
000068.SZ,000068,20251209,93508290,4737445,0,0,B,36800,1600,4392300,4737444,
000068.SZ,000068,20251209,93508290,4737447,0,0,B,36800,1400,4392300,4737446,
000068.SZ,000068,20251209,93508290,4737449,0,0,B,36800,1500,4392300,4737448,
000068.SZ,000068,20251209,93508290,4737451,0,0,B,36800,1600,4392300,4737450,
000068.SZ,000068,20251209,93508290,4737453,0,0,B,36800,3300,4392300,4737452,
000068.SZ,000068,20251209,93508290,4737455,0,0,B,36800,300,4392300,4737454,
000068.SZ,000068,20251209,93508290,4737457,0,0,B,36800,900,4392300,4737456,
000068.SZ,000068,20251209,93508290,4737458,0,0,B,36800,1700,4392301,4737456,
000068.SZ,000068,20251209,93508290,4737460,0,0,B,36800,200,4392301,4737459,
000068.SZ,000068,20251209,93508290,4737462,0,0,B,36800,2000,4392301,4737461,
000068.SZ,000068,20251209,93508290,4737464,0,0,B,36800,100,4392301,4737463,
000068.SZ,000068,20251209,93508290,4737466,0,0,B,36800,600,4392301,4737465,
000068.SZ,000068,20251209,93508290,4737468,0,0,B,36800,1400,4392301,4737467,
000068.SZ,000068,20251209,93508290,4737470,0,0,B,36800,1000,4392301,4737469,
000068.SZ,000068,20251209,93508290,4737472,0,0,B,36800,1300,4392301,4737471,
000068.SZ,000068,20251209,93508290,4737474,0,0,B,36800,1900,4392301,4737473,
000068.SZ,000068,20251209,93508290,4737476,0,0,B,36800,1300,4392301,4737475,
000068.SZ,000068,20251209,93508290,4737478,0,0,B,36800,1500,4392301,4737477,
000068.SZ,000068,20251209,93508290,4737480,0,0,B,36800,200,4392301,4737479,
000068.SZ,000068,20251209,93508290,4737482,0,0,B,36800,3200,4392301,4737481,
000068.SZ,000068,20251209,93508290,4737484,0,0,B,36800,500,4392301,4737483,
000068.SZ,000068,20251209,93508290,4737486,0,0,B,36800,100,4392301,4737485,
000068.SZ,000068,20251209,93508290,4737488,0,0,B,36800,800,4392301,4737487,
000068.SZ,000068,20251209,93508290,4737489,0,0,B,36800,600,4392302,4737487,
000068.SZ,000068,20251209,93508290,4737491,0,0,B,36800,1200,4392302,4737490,
000068.SZ,000068,20251209,93508290,4737494,0,0,B,36800,7900,4392302,4737493,
000068.SZ,000068,20251209,93508290,4737496,0,0,B,36800,1300,4392302,4737495,
000068.SZ,000068,20251209,93508290,4737498,0,0,B,36800,2800,4392302,4737497,
000068.SZ,000068,20251209,93508290,4737500,0,0,B,36800,700,4392302,4737499,
000068.SZ,000068,20251209,93508290,4737502,0,0,B,36800,200,4392302,4737501,
000068.SZ,000068,20251209,93508290,4737504,0,0,B,36800,200,4392302,4737503,
000068.SZ,000068,20251209,93508290,4737506,0,0,B,36800,300,4392302,4737505,
000068.SZ,000068,20251209,93508290,4737508,0,0,B,36800,1200,4392302,4737507,
000068.SZ,000068,20251209,93508290,4737511,0,0,B,36800,2000,4392302,4737510,
000068.SZ,000068,20251209,93508290,4737514,0,0,B,36800,600,4392302,4737513,
000068.SZ,000068,20251209,93508290,4737516,0,0,B,36800,6600,4392302,4737515,
000068.SZ,000068,20251209,93508290,4737518,0,0,B,36800,2600,4392302,4737517,
000068.SZ,000068,20251209,93508290,4737520,0,0,B,36800,500,4392302,4737519,
000068.SZ,000068,20251209,93508300,4737639,0,0,B,36800,500,4392302,4737638,
000068.SZ,000068,20251209,93508300,4737641,0,0,B,36800,200,4392302,4737640,
000068.SZ,000068,20251209,93508300,4737646,0,0,B,36800,28000,4392302,4737645,
000068.SZ,000068,20251209,93508300,4737652,0,0,B,36800,600,4392302,4737651,
000068.SZ,000068,20251209,93508300,4737663,0,0,B,36800,100,4392302,4737662,
000068.SZ,000068,20251209,93508300,4737671,0,0,B,36800,4000,4392302,4737670,
000068.SZ,000068,20251209,93508300,4737673,0,0,B,36800,500,4392302,4737672,
000068.SZ,000068,20251209,93508300,4737677,0,0,B,36800,1700,4392302,4737676,
000068.SZ,000068,20251209,93508310,4737690,0,0,B,36800,8000,4392302,4737689,
000068.SZ,000068,20251209,93508310,4737691,0,0,B,36800,100,4392303,4737689,
000068.SZ,000068,20251209,93508310,4737692,0,0,B,36800,100,4392314,4737689,
000068.SZ,000068,20251209,93508310,4737693,0,0,B,36800,100,4392317,4737689,
000068.SZ,000068,20251209,93508310,4737694,0,0,B,36800,300,4392337,4737689,
000068.SZ,000068,20251209,93508310,4737695,0,0,B,36800,100,4420604,4737689,
000068.SZ,000068,20251209,93508310,4737696,0,0,B,36800,100,4428140,4737689,
000068.SZ,000068,20251209,93508310,4737697,0,0,B,36800,2900,4430239,4737689,
000068.SZ,000068,20251209,93508310,4737698,0,0,B,36800,400,4458410,4737689,
000068.SZ,000068,20251209,93508310,4737699,0,0,B,36800,100,4463271,4737689,
000068.SZ,000068,20251209,93508310,4737700,0,0,B,36800,200,4493091,4737689,
000068.SZ,000068,20251209,93508310,4737701,0,0,B,36800,500,4571225,4737689,
000068.SZ,000068,20251209,93508310,4737702,0,0,B,36800,200,4603382,4737689,
000068.SZ,000068,20251209,93508310,4737707,0,0,B,36800,100,4678485,4737706,
000068.SZ,000068,20251209,93508310,4737708,0,0,B,36800,100,4713072,4737706,
000068.SZ,000068,20251209,93508320,4737912,C,0, ,0,200,0,3877663,
000068.SZ,000068,20251209,93508340,4738071,C,0, ,0,300,0,3878342,
000068.SZ,000068,20251209,93508450,4739030,C,0, ,0,500,0,3345414,
000068.SZ,000068,20251209,93509090,4745197,C,0, ,0,3100,0,4653992,
000068.SZ,000068,20251209,93509100,4745268,C,0, ,0,4000,1633650,0,
000068.SZ,000068,20251209,93509100,4745270,C,0, ,0,3000,1637926,0,
000068.SZ,000068,20251209,93509100,4745273,C,0, ,0,4000,1633649,0,
000068.SZ,000068,20251209,93509320,4748066,C,0, ,0,42000,0,4737901,
000068.SZ,000068,20251209,93510050,4756495,C,0, ,0,1100,0,4422260,
000068.SZ,000068,20251209,93510290,4759383,0,0,B,36900,2600,1469380,4759382,
000068.SZ,000068,20251209,93510290,4759384,0,0,B,36900,2000,1469389,4759382,
000068.SZ,000068,20251209,93510290,4759385,0,0,B,36900,2000,1469446,4759382,
000068.SZ,000068,20251209,93510290,4759386,0,0,B,36900,1200,1469457,4759382,
000068.SZ,000068,20251209,93510900,4766211,C,0, ,0,600,0,4532546,
000068.SZ,000068,20251209,93511310,4771029,C,0, ,0,100,0,4738171,
000068.SZ,000068,20251209,93512760,4785689,C,0, ,0,200,0,4737895,
000068.SZ,000068,20251209,93512930,4787558,C,0, ,0,700,0,4278763,
000068.SZ,000068,20251209,93513170,4790085,C,0, ,0,600,0,4288259,
000068.SZ,000068,20251209,93513510,4793878,C,0, ,0,2500,0,4737935,
000068.SZ,000068,20251209,93513550,4794494,C,0, ,0,2000,0,4738044,
000068.SZ,000068,20251209,93513720,4796411,C,0, ,0,1100,0,4585591,
000068.SZ,000068,20251209,93514120,4800716,C,0, ,0,200,0,4737894,
000068.SZ,000068,20251209,93514550,4805439,0,0,B,36900,1200,1469457,4805438,
000068.SZ,000068,20251209,93514550,4805440,0,0,B,36900,200,1490044,4805438,
000068.SZ,000068,20251209,93514550,4805441,0,0,B,36900,100,1623324,4805438,
000068.SZ,000068,20251209,93514550,4805442,0,0,B,36900,1000,1633660,4805438,
000068.SZ,000068,20251209,93514610,4806004,0,0,B,36900,100,1633660,4806003,
000068.SZ,000068,20251209,93514610,4806017,0,0,B,36900,100,1633660,4806016,
000068.SZ,000068,20251209,93514610,4806030,0,0,B,36900,100,1633660,4806029,
000068.SZ,000068,20251209,93515220,4812438,0,0,B,36900,100,1633660,4812437,
000068.SZ,000068,20251209,93515510,4815810,C,0, ,0,2000,4575930,0,
000068.SZ,000068,20251209,93516030,4821182,0,0,B,36900,100,1633660,4821181,
000068.SZ,000068,20251209,93516040,4821236,0,0,B,36900,100,1633660,4821235,
000068.SZ,000068,20251209,93516120,4821872,C,0, ,0,1100,0,4737748,
000068.SZ,000068,20251209,93516900,4829562,C,0, ,0,1400,0,4737913,
000068.SZ,000068,20251209,93517210,4832184,C,0, ,0,2700,0,4737726,
000068.SZ,000068,20251209,93518080,4838796,C,0, ,0,700,0,4805919,
000068.SZ,000068,20251209,93520360,4858750,0,0,S,36800,7900,4858749,4737706,
000068.SZ,000068,20251209,93520360,4858751,0,0,S,36800,3500,4858749,4737711,
000068.SZ,000068,20251209,93521310,4866682,C,0, ,0,20000,1195483,0,
000068.SZ,000068,20251209,93522310,4874817,C,0, ,0,100,0,4501737,
000068.SZ,000068,20251209,93534070,4971447,0,0,S,36800,500,4971446,4737711,
000068.SZ,000068,20251209,93537380,5000815,0,0,S,36800,100,5000814,4737711,
000068.SZ,000068,20251209,93538310,5009347,C,0, ,0,400,0,4737740,
000068.SZ,000068,20251209,93538310,5009379,C,0, ,0,200,0,4737735,
000068.SZ,000068,20251209,93538310,5009380,C,0, ,0,100,0,4737738,
000068.SZ,000068,20251209,93538310,5009382,C,0, ,0,600,0,4737739,
000068.SZ,000068,20251209,93539800,5024115,0,0,S,36800,7800,5024114,4737711,
000068.SZ,000068,20251209,93539810,5024243,C,0, ,0,2800,0,4737711,
000068.SZ,000068,20251209,93541420,5042206,0,0,B,36900,300,1633660,5042205,
000068.SZ,000068,20251209,93541420,5042207,0,0,B,36900,300,1638742,5042205,
000068.SZ,000068,20251209,93541420,5042208,0,0,B,36900,500,1649179,5042205,
000068.SZ,000068,20251209,93542950,5057424,0,0,B,36900,1300,1649179,5057423,
000068.SZ,000068,20251209,93543060,5058299,0,0,B,36900,300,1649179,5058298,
000068.SZ,000068,20251209,93543060,5058300,0,0,B,36900,2100,1659110,5058298,
000068.SZ,000068,20251209,93548170,5107661,0,0,S,36800,100,5107660,4738078,
000068.SZ,000068,20251209,93549910,5127940,C,0, ,0,600,5018096,0,
000068.SZ,000068,20251209,93549910,5127943,0,0,B,36900,1400,1659110,5127942,
000068.SZ,000068,20251209,93549910,5127944,0,0,B,36900,3200,1659124,5127942,
000068.SZ,000068,20251209,93552260,5150996,C,0, ,0,300,0,4968259,
000068.SZ,000068,20251209,93554240,5169396,C,0, ,0,100,0,4938418,
000068.SZ,000068,20251209,93557590,5198558,C,0, ,0,12000,274730,0,
000068.SZ,000068,20251209,93559770,5218893,0,0,B,36900,100,1659124,5218892,
000068.SZ,000068,20251209,93600690,5230365,0,0,S,36800,1900,5230364,4738078,
000068.SZ,000068,20251209,93601200,5237178,0,0,S,36800,100,5237177,4738078,
000068.SZ,000068,20251209,93601220,5237301,0,0,S,36800,100,5237300,4738078,
000068.SZ,000068,20251209,93604210,5269427,C,0, ,0,1000,0,4290688,
000068.SZ,000068,20251209,93605210,5278281,0,0,B,36900,600,1659124,5278280,
000068.SZ,000068,20251209,93605210,5278282,0,0,B,36900,1400,1676833,5278280,
000068.SZ,000068,20251209,93605250,5278734,0,0,S,36800,2800,5278733,4738078,
000068.SZ,000068,20251209,93606190,5287255,0,0,S,36800,8000,5287254,4738078,
000068.SZ,000068,20251209,93606710,5292803,0,0,B,36900,1000,1676833,5292802,
000068.SZ,000068,20251209,93607600,5300914,0,0,S,36800,5500,5300913,4738078,
000068.SZ,000068,20251209,93607600,5300915,0,0,S,36800,4000,5300913,4745198,
000068.SZ,000068,20251209,93607600,5300916,0,0,S,36800,3100,5300913,4745266,
000068.SZ,000068,20251209,93607600,5300917,0,0,S,36800,100,5300913,4748284,
000068.SZ,000068,20251209,93607600,5300918,0,0,S,36800,100,5300913,4749127,
000068.SZ,000068,20251209,93607600,5300919,0,0,S,36800,5200,5300913,4759380,
000068.SZ,000068,20251209,93608070,5306022,0,0,S,36800,4800,5306021,4759380,
000068.SZ,000068,20251209,93608070,5306023,0,0,S,36800,2200,5306021,4759381,
000068.SZ,000068,20251209,93609270,5317736,C,0, ,0,200,4971564,0,
000068.SZ,000068,20251209,93609270,5317737,C,0, ,0,6900,4971567,0,
000068.SZ,000068,20251209,93609270,5317738,C,0, ,0,3000,4971566,0,
000068.SZ,000068,20251209,93613290,5362289,0,0,B,36900,27600,1676833,5362288,
000068.SZ,000068,20251209,93613290,5362290,0,0,B,36900,3000,1718579,5362288,
000068.SZ,000068,20251209,93613290,5362291,0,0,B,36900,1200,1727911,5362288,
000068.SZ,000068,20251209,93613290,5362292,0,0,B,36900,400,1762221,5362288,
000068.SZ,000068,20251209,93613290,5362293,0,0,B,36900,2300,1762413,5362288,
000068.SZ,000068,20251209,93613290,5362294,0,0,B,36900,3900,1772469,5362288,
000068.SZ,000068,20251209,93613290,5362295,0,0,B,36900,2500,1781975,5362288,
000068.SZ,000068,20251209,93613290,5362296,0,0,B,36900,400,1931240,5362288,
000068.SZ,000068,20251209,93613290,5362297,0,0,B,36900,1500,1958322,5362288,
000068.SZ,000068,20251209,93613290,5362298,0,0,B,36900,100,4561007,5362288,
000068.SZ,000068,20251209,93613290,5362299,0,0,B,36900,2500,4777400,5362288,
000068.SZ,000068,20251209,93613290,5362300,0,0,B,36900,500,4797031,5362288,
000068.SZ,000068,20251209,93613290,5362301,0,0,B,36900,3000,4956476,5362288,
000068.SZ,000068,20251209,93613290,5362302,0,0,B,36900,200,4971493,5362288,
000068.SZ,000068,20251209,93613290,5362303,0,0,B,36900,13200,4987496,5362288,
000068.SZ,000068,20251209,93613290,5362304,0,0,B,36900,13000,5126323,5362288,
000068.SZ,000068,20251209,93613290,5362305,0,0,B,36900,2700,5181191,5362288,
000068.SZ,000068,20251209,93613290,5362306,0,0,B,36900,100,5193434,5362288,
000068.SZ,000068,20251209,93613290,5362307,0,0,B,36900,100,5203036,5362288,
000068.SZ,000068,20251209,93613290,5362308,0,0,B,36900,100,5216373,5362288,
000068.SZ,000068,20251209,93613290,5362309,0,0,B,36900,100,5240633,5362288,
000068.SZ,000068,20251209,93613290,5362310,0,0,B,36900,100,5303313,5362288,
000068.SZ,000068,20251209,93613300,5362520,0,0,S,36900,100,5362519,5362386,
000068.SZ,000068,20251209,93613300,5362521,0,0,S,36900,200,5362519,5362387,
000068.SZ,000068,20251209,93613300,5362522,0,0,S,36900,100,5362519,5362390,
000068.SZ,000068,20251209,93613300,5362523,0,0,S,36900,100,5362519,5362399,
000068.SZ,000068,20251209,93613300,5362524,0,0,S,36900,100,5362519,5362400,
000068.SZ,000068,20251209,93613300,5362525,0,0,S,36900,200,5362519,5362401,
000068.SZ,000068,20251209,93613300,5362526,0,0,S,36900,200,5362519,5362404,
000068.SZ,000068,20251209,93613300,5362527,0,0,S,36900,3100,5362519,5362405,
000068.SZ,000068,20251209,93613310,5362551,0,0,S,36900,11400,5362550,5362405,
000068.SZ,000068,20251209,93613310,5362552,0,0,S,36900,100,5362550,5362407,
000068.SZ,000068,20251209,93613310,5362553,0,0,S,36900,200,5362550,5362422,
000068.SZ,000068,20251209,93613310,5362564,0,0,B,36900,800,5362550,5362563,
000068.SZ,000068,20251209,93613310,5362611,C,0, ,0,400,0,4673547,
000068.SZ,000068,20251209,93613310,5362612,C,0, ,0,400,0,4673520,
000068.SZ,000068,20251209,93613360,5362996,0,0,B,37000,100,726930,5362995,
000068.SZ,000068,20251209,93613380,5363242,C,0, ,0,100,0,4808100,
000068.SZ,000068,20251209,93613380,5363247,C,0, ,0,100,0,4805858,
000068.SZ,000068,20251209,93613390,5363270,C,0, ,0,100,0,4808661,
000068.SZ,000068,20251209,93613390,5363390,C,0, ,0,100,0,5079208,
000068.SZ,000068,20251209,93613400,5363505,C,0, ,0,100,0,4805830,
000068.SZ,000068,20251209,93613400,5363511,C,0, ,0,100,0,4812358,
000068.SZ,000068,20251209,93613410,5363522,C,0, ,0,100,0,4807500,
000068.SZ,000068,20251209,93613410,5363571,C,0, ,0,100,0,4812106,
000068.SZ,000068,20251209,93613410,5363623,C,0, ,0,100,0,4812354,
000068.SZ,000068,20251209,93614150,5370530,0,0,S,36900,2000,5370529,5362563,
000068.SZ,000068,20251209,93614150,5370531,0,0,S,36900,100,5370529,5362567,
000068.SZ,000068,20251209,93614150,5370532,0,0,S,36900,800,5370529,5362616,
000068.SZ,000068,20251209,93614150,5370533,0,0,S,36900,100,5370529,5362797,
000068.SZ,000068,20251209,93614350,5373449,0,0,S,36900,100,5373448,5363684,
000068.SZ,000068,20251209,93614350,5373450,0,0,S,36900,100,5373448,5363863,
000068.SZ,000068,20251209,93614350,5373451,0,0,S,36900,100,5373448,5363870,
000068.SZ,000068,20251209,93614350,5373452,0,0,S,36900,400,5373448,5364044,
000068.SZ,000068,20251209,93614350,5373453,0,0,S,36900,400,5373448,5364443,
000068.SZ,000068,20251209,93614350,5373454,0,0,S,36900,100,5373448,5364647,
000068.SZ,000068,20251209,93614350,5373455,0,0,S,36900,100,5373448,5364650,
000068.SZ,000068,20251209,93614350,5373456,0,0,S,36900,100,5373448,5364703,
000068.SZ,000068,20251209,93614350,5373457,0,0,S,36900,100,5373448,5364725,
000068.SZ,000068,20251209,93614350,5373458,0,0,S,36900,100,5373448,5364848,
000068.SZ,000068,20251209,93614350,5373459,0,0,S,36900,100,5373448,5364921,
000068.SZ,000068,20251209,93614350,5373460,0,0,S,36900,100,5373448,5365133,
000068.SZ,000068,20251209,93614740,5377633,C,0, ,0,11000,164939,0,
000068.SZ,000068,20251209,93614750,5377717,0,0,B,36900,100,5373448,5377716,
000068.SZ,000068,20251209,93614750,5377743,0,0,B,36900,200,5373448,5377742,
000068.SZ,000068,20251209,93614750,5377746,0,0,B,36900,300,5373448,5377745,
000068.SZ,000068,20251209,93614750,5377783,0,0,B,36900,100,5373448,5377782,
000068.SZ,000068,20251209,93614750,5377792,0,0,B,36900,200,5373448,5377791,
000068.SZ,000068,20251209,93614750,5377794,0,0,B,36900,100,5373448,5377793,
000068.SZ,000068,20251209,93614750,5377798,0,0,B,36900,300,5373448,5377797,
000068.SZ,000068,20251209,93614750,5377802,0,0,B,36900,300,5373448,5377801,
000068.SZ,000068,20251209,93614750,5377804,0,0,B,36900,100,5373448,5377803,
000068.SZ,000068,20251209,93614750,5377810,0,0,B,36900,100,5373448,5377809,
000068.SZ,000068,20251209,93614750,5377812,0,0,B,36900,200,5373448,5377811,
000068.SZ,000068,20251209,93614750,5377815,0,0,B,36900,300,5373448,5377814,
000068.SZ,000068,20251209,93614760,5377907,0,0,B,36900,500,5373448,5377906,
000068.SZ,000068,20251209,93614760,5377911,0,0,B,36900,100,5373448,5377910,
000068.SZ,000068,20251209,93614780,5378007,0,0,B,36900,100,5373448,5378006,
000068.SZ,000068,20251209,93614780,5378020,0,0,B,36900,700,5373448,5378019,
000068.SZ,000068,20251209,93614800,5378201,0,0,B,36900,100,5373448,5378200,
000068.SZ,000068,20251209,93615000,5379654,C,0, ,0,2700,0,3926207,
000068.SZ,000068,20251209,93615010,5379681,0,0,B,36900,100,5373448,5379680,
000068.SZ,000068,20251209,93615010,5379727,0,0,B,36900,100,5373448,5379726,
000068.SZ,000068,20251209,93615010,5379729,0,0,B,36900,100,5373448,5379728,
000068.SZ,000068,20251209,93615010,5379733,0,0,B,36900,100,5373448,5379732,
000068.SZ,000068,20251209,93615010,5379739,0,0,B,36900,200,5373448,5379738,
000068.SZ,000068,20251209,93615010,5379768,0,0,B,36900,100,5373448,5379767,
000068.SZ,000068,20251209,93615010,5379770,0,0,B,36900,600,5373448,5379769,
000068.SZ,000068,20251209,93615010,5379801,0,0,B,36900,1100,5373448,5379800,
000068.SZ,000068,20251209,93615980,5389201,C,0, ,0,200,0,4204901,
000068.SZ,000068,20251209,93618020,5407691,C,0, ,0,1800,0,5379842,
000068.SZ,000068,20251209,93619210,5418914,C,0, ,0,700,0,5100479,
000068.SZ,000068,20251209,93619370,5420907,C,0, ,0,700,0,5103627,
000068.SZ,000068,20251209,93621120,5435392,C,0, ,0,1100,0,4991469,
000068.SZ,000068,20251209,93621560,5439116,C,0, ,0,1100,0,5379979,
000068.SZ,000068,20251209,93621580,5439538,C,0, ,0,1100,0,5379989,
000068.SZ,000068,20251209,93622200,5444755,C,0, ,0,600,0,5204662,
000068.SZ,000068,20251209,93622330,5446204,C,0, ,0,600,0,5005419,
000068.SZ,000068,20251209,93623750,5457036,C,0, ,0,1400,0,5379824,
000068.SZ,000068,20251209,93627170,5484391,0,0,S,36900,200,5484390,5385065,
000068.SZ,000068,20251209,93630820,5514202,C,0, ,0,1400,0,4436886,
000068.SZ,000068,20251209,93632940,5530493,C,0, ,0,700,0,5511515,
000068.SZ,000068,20251209,93633050,5531316,C,0, ,0,700,0,5509778,
000068.SZ,000068,20251209,93633210,5532635,C,0, ,0,2500,0,2566296,
000068.SZ,000068,20251209,93633720,5536757,C,0, ,0,800,0,5522684,
000068.SZ,000068,20251209,93636250,5557305,0,0,B,37000,100,726930,5557304,
000068.SZ,000068,20251209,93640360,5590497,C,0, ,0,300,0,3724946,
000068.SZ,000068,20251209,93641150,5596221,C,0, ,0,3000,0,4816717,
000068.SZ,000068,20251209,93643980,5621874,0,0,B,37000,9500,726930,5621873,
000068.SZ,000068,20251209,93645150,5630843,0,0,B,37000,100,726930,5630842,
000068.SZ,000068,20251209,93645150,5630845,0,0,B,37000,100,726930,5630844,
000068.SZ,000068,20251209,93645150,5630847,0,0,B,37000,100,726930,5630846,
000068.SZ,000068,20251209,93647100,5646104,C,0, ,0,3600,0,4424467,
000068.SZ,000068,20251209,93648120,5653966,0,0,B,37000,1000,726930,5653965,
000068.SZ,000068,20251209,93648420,5656511,C,0, ,0,100,5630873,0,
000068.SZ,000068,20251209,93650140,5670645,0,0,B,37000,9300,726930,5670644,
000068.SZ,000068,20251209,93650150,5670661,C,0, ,0,400,0,5373676,
000068.SZ,000068,20251209,93650740,5674764,C,0, ,0,100,5630871,0,
000068.SZ,000068,20251209,93650750,5674807,C,0, ,0,100,0,5361205,
000068.SZ,000068,20251209,93651220,5678099,0,0,B,37000,100,726930,5678098,
000068.SZ,000068,20251209,93652060,5684883,0,0,B,37000,1000,726930,5684882,
000068.SZ,000068,20251209,93652310,5687015,C,0, ,0,2000,4673638,0,
000068.SZ,000068,20251209,93652620,5689693,C,0, ,0,1500,422458,0,
000068.SZ,000068,20251209,93653440,5696108,C,0, ,0,2000,0,4741135,
000068.SZ,000068,20251209,93654040,5700050,C,0, ,0,30000,0,5419225,
000068.SZ,000068,20251209,93654550,5705550,0,0,B,37000,700,726930,5705549,
000068.SZ,000068,20251209,93654550,5705551,0,0,B,37000,700,789243,5705549,
000068.SZ,000068,20251209,93656250,5721068,0,0,B,37000,2100,789243,5721067,
000068.SZ,000068,20251209,93658050,5737200,C,0, ,0,1000,0,5009385,
000068.SZ,000068,20251209,93659910,5751380,0,0,B,37000,2000,789243,5751379,
000068.SZ,000068,20251209,93701420,5765743,0,0,S,36900,100,5765742,5385065,
000068.SZ,000068,20251209,93701420,5765744,0,0,S,36900,200,5765742,5385141,
000068.SZ,000068,20251209,93701420,5765745,0,0,S,36900,2000,5765742,5387777,
000068.SZ,000068,20251209,93701430,5765899,0,0,S,36900,100,5765898,5387777,
000068.SZ,000068,20251209,93703010,5781558,0,0,S,36900,900,5781557,5387777,
000068.SZ,000068,20251209,93703010,5781559,0,0,S,36900,300,5781557,5387793,
000068.SZ,000068,20251209,93706280,5813574,0,0,S,36900,2500,5813573,5387793,
000068.SZ,000068,20251209,93706280,5813575,0,0,S,36900,500,5813573,5387837,
000068.SZ,000068,20251209,93706520,5816054,0,0,B,37000,500,789243,5816053,
000068.SZ,000068,20251209,93706650,5817154,0,0,B,37000,6200,789243,5817153,
000068.SZ,000068,20251209,93706650,5817155,0,0,B,37000,4000,869123,5817153,
000068.SZ,000068,20251209,93706650,5817156,0,0,B,37000,9800,947242,5817153,
000068.SZ,000068,20251209,93707340,5824213,C,0, ,0,29300,0,5128899,
000068.SZ,000068,20251209,93707340,5824263,C,0, ,0,100,0,5122695,
000068.SZ,000068,20251209,93707860,5828402,0,0,B,37000,2900,947242,5828401,
000068.SZ,000068,20251209,93711540,5858274,0,0,B,37000,1300,947242,5858273,
000068.SZ,000068,20251209,93713110,5873438,0,0,B,37000,100,947242,5873437,
000068.SZ,000068,20251209,93713650,5879670,0,0,B,37000,4700,947242,5879669,
000068.SZ,000068,20251209,93713660,5879761,0,0,B,37000,100,947242,5879760,
000068.SZ,000068,20251209,93713760,5880559,0,0,B,37000,100,947242,5880558,
000068.SZ,000068,20251209,93716360,5903383,C,0, ,0,16400,0,3963222,
000068.SZ,000068,20251209,93718900,5922306,C,0, ,0,400,0,3867349,
000068.SZ,000068,20251209,93725250,5974173,C,0, ,0,4500,0,3508763,
000068.SZ,000068,20251209,93727600,5991802,0,0,B,37000,400,947242,5991801,
000068.SZ,000068,20251209,93727760,5993048,C,0, ,0,4000,1022445,0,
000068.SZ,000068,20251209,93732600,6030201,0,0,B,37000,100,947242,6030200,
000068.SZ,000068,20251209,93734340,6043759,0,0,B,37000,1100,947242,6043758,
000068.SZ,000068,20251209,93734920,6048374,0,0,B,37000,1300,947242,6048373,
000068.SZ,000068,20251209,93734920,6048375,0,0,B,37000,500,1151277,6048373,
000068.SZ,000068,20251209,93736150,6057397,0,0,S,36900,100,6057396,5387837,
000068.SZ,000068,20251209,93736150,6057400,0,0,S,36900,1300,6057399,5387837,
000068.SZ,000068,20251209,93740800,6096462,C,0, ,0,900,0,4134176,
000068.SZ,000068,20251209,93741610,6101955,C,0, ,0,2000,732112,0,
000068.SZ,000068,20251209,93741950,6104022,C,0, ,0,1100,0,5697550,
000068.SZ,000068,20251209,93742150,6105739,C,0, ,0,200,279709,0,
000068.SZ,000068,20251209,93742230,6106367,C,0, ,0,200,281717,0,
000068.SZ,000068,20251209,93742300,6106954,C,0, ,0,600,281716,0,
000068.SZ,000068,20251209,93744490,6125114,C,0, ,0,38600,0,5534489,
000068.SZ,000068,20251209,93745130,6129457,C,0, ,0,8000,0,4848296,
000068.SZ,000068,20251209,93745420,6132341,0,0,S,36900,100,6132340,5387837,
000068.SZ,000068,20251209,93745460,6132627,0,0,S,36900,500,6132626,5387837,
000068.SZ,000068,20251209,93748040,6153310,0,0,B,37000,13200,1151277,6153309,
000068.SZ,000068,20251209,93748040,6153311,0,0,B,37000,14700,1177339,6153309,
000068.SZ,000068,20251209,93748040,6153312,0,0,B,37000,1500,4011081,6153309,
000068.SZ,000068,20251209,93748040,6153313,0,0,B,37000,2200,4148390,6153309,
000068.SZ,000068,20251209,93748040,6153314,0,0,B,37000,500,4741618,6153309,
000068.SZ,000068,20251209,93748040,6153315,0,0,B,37000,100,5204340,6153309,
000068.SZ,000068,20251209,93748040,6153316,0,0,B,37000,300,5413476,6153309,
000068.SZ,000068,20251209,93748040,6153317,0,0,B,37000,100,5474759,6153309,
000068.SZ,000068,20251209,93748040,6153318,0,0,B,37000,200,5766088,6153309,
000068.SZ,000068,20251209,93748040,6153319,0,0,B,37000,3000,5766090,6153309,
000068.SZ,000068,20251209,93748040,6153320,0,0,B,37000,6900,5766092,6153309,
000068.SZ,000068,20251209,93748040,6153321,0,0,B,37000,100,5767625,6153309,
000068.SZ,000068,20251209,93748040,6153322,0,0,B,37000,7200,5885595,6153309,
000068.SZ,000068,20251209,93748040,6153368,0,0,B,37000,900,5885595,6153367,
000068.SZ,000068,20251209,93748040,6153391,0,0,S,37000,200,6153390,6153370,
000068.SZ,000068,20251209,93748180,6154355,0,0,S,37000,700,6154354,6153370,
000068.SZ,000068,20251209,93748180,6154356,0,0,S,37000,100,6154354,6153375,
000068.SZ,000068,20251209,93748180,6154357,0,0,S,37000,300,6154354,6154211,
000068.SZ,000068,20251209,93748180,6154393,C,0, ,0,300,0,5439200,
000068.SZ,000068,20251209,93748180,6154394,C,0, ,0,300,0,5439201,
000068.SZ,000068,20251209,93748180,6154401,C,0, ,0,100,0,5390504,
000068.SZ,000068,20251209,93748220,6154697,0,0,S,36900,400,6154696,5387837,
000068.SZ,000068,20251209,93748220,6154698,0,0,S,36900,1800,6154696,5388510,
000068.SZ,000068,20251209,93748220,6154699,0,0,S,36900,100,6154696,5390414,
000068.SZ,000068,20251209,93748220,6154700,0,0,S,36900,2400,6154696,5392051,
000068.SZ,000068,20251209,93748220,6154701,0,0,S,36900,2200,6154696,5392052,
000068.SZ,000068,20251209,93748220,6154702,0,0,S,36900,5700,6154696,5392099,
000068.SZ,000068,20251209,93748220,6154703,0,0,S,36900,1100,6154696,5392116,
