万得代码,交易所代码,自然日,时间,成交编号,成交代码,委托代码,BS标志,成交价格,成交数量,叫卖序号,叫买序号,
000019.SZ,000019,20251209,91942860,378749,C,0, ,0,200,0,339925,
000019.SZ,000019,20251209,92500000,567865,0,0,B,71800,100,8602,529220,
000019.SZ,000019,20251209,92500000,567866,0,0,S,71800,400,566224,529220,
000019.SZ,000019,20251209,92500000,567867,0,0,S,71800,900,566224,551359,
000019.SZ,000019,20251209,92500000,567868,0,0,B,71800,500,566224,567653,
000019.SZ,000019,20251209,92500000,567869,0,0,B,71800,500,542974,567653,
000019.SZ,000019,20251209,92500000,567870,0,0,B,71800,300,566323,567653,
000019.SZ,000019,20251209,92500000,567871,0,0,S,71800,500,566323,403272,
000019.SZ,000019,20251209,92500000,567872,0,0,S,71800,2800,543289,403272,
000019.SZ,000019,20251209,92500000,567873,0,0,S,71800,1300,561908,403272,
000019.SZ,000019,20251209,92500000,567874,0,0,S,71800,300,535100,403272,
000019.SZ,000019,20251209,92500000,567875,0,0,S,71800,400,535100,40961,
000019.SZ,000019,20251209,92500000,567876,0,0,S,71800,400,535100,85209,
000019.SZ,000019,20251209,92500000,567877,0,0,S,71800,1100,560105,299616,
000019.SZ,000019,20251209,92500000,567878,0,0,S,71800,1900,564196,299616,
000019.SZ,000019,20251209,92500000,567879,0,0,S,71800,500,564196,505439,
000019.SZ,000019,20251209,92500000,567880,0,0,B,71800,100,116367,505439,
000019.SZ,000019,20251209,92500000,567881,0,0,S,71800,1400,542615,505439,
000019.SZ,000019,20251209,93000050,680044,0,0,B,71800,100,542615,680043,
000019.SZ,000019,20251209,93000050,680131,0,0,B,71800,700,542615,680130,
000019.SZ,000019,20251209,93000080,701911,C,0, ,0,3600,242503,0,
000019.SZ,000019,20251209,93000130,729308,C,0, ,0,5000,430950,0,
000019.SZ,000019,20251209,93000170,753807,C,0, ,0,500,0,461036,
000019.SZ,000019,20251209,93000260,785906,0,0,B,71700,2900,709048,785905,
000019.SZ,000019,20251209,93000340,810138,C,0, ,0,200,188382,0,
000019.SZ,000019,20251209,93000370,817858,C,0, ,0,3000,0,812092,
000019.SZ,000019,20251209,93000470,836917,0,0,S,71600,100,836916,688083,
000019.SZ,000019,20251209,93000470,836918,0,0,S,71600,100,836916,690537,
000019.SZ,000019,20251209,93000500,842125,C,0, ,0,200,255695,0,
000019.SZ,000019,20251209,93000570,853903,0,0,S,71600,100,853902,690537,
000019.SZ,000019,20251209,93000600,859992,0,0,B,71700,700,709048,859991,
000019.SZ,000019,20251209,93000610,862045,0,0,S,71600,100,862044,690537,
000019.SZ,000019,20251209,93000610,862046,0,0,S,71600,700,862044,701872,
000019.SZ,000019,20251209,93000610,862047,0,0,S,71600,400,862044,725199,
000019.SZ,000019,20251209,93000610,862048,0,0,S,71600,400,862044,750177,
000019.SZ,000019,20251209,93000610,862049,0,0,S,71600,400,862044,763943,
000019.SZ,000019,20251209,93000700,876865,C,0, ,0,300,0,144295,
000019.SZ,000019,20251209,93000780,889929,C,0, ,0,9300,709048,0,
000019.SZ,000019,20251209,93000860,902928,0,0,B,71700,700,719690,902927,
000019.SZ,000019,20251209,93000870,905514,0,0,S,71600,100,905513,763943,
000019.SZ,000019,20251209,93000950,916687,0,0,S,71600,100,916686,763943,
000019.SZ,000019,20251209,93000950,916697,0,0,S,71600,100,916696,763943,
000019.SZ,000019,20251209,93000950,916714,0,0,S,71600,100,916713,763943,
000019.SZ,000019,20251209,93000950,916909,0,0,S,71600,100,916908,763943,
000019.SZ,000019,20251209,93000950,916916,0,0,S,71600,100,916915,763943,
000019.SZ,000019,20251209,93001030,930265,0,0,B,71700,400,729757,930264,
000019.SZ,000019,20251209,93001230,955396,C,0, ,0,1000,230389,0,
000019.SZ,000019,20251209,93001280,959367,0,0,S,71600,200,959366,763943,
000019.SZ,000019,20251209,93001500,977843,C,0, ,0,100,547282,0,
000019.SZ,000019,20251209,93001520,979733,0,0,S,71600,100,979732,763943,
000019.SZ,000019,20251209,93001670,993197,0,0,B,71700,300,729757,993196,
000019.SZ,000019,20251209,93001670,993198,0,0,B,71700,800,777784,993196,
000019.SZ,000019,20251209,93001670,993199,0,0,B,71700,300,836567,993196,
000019.SZ,000019,20251209,93002040,1028821,0,0,S,71600,100,1028820,763943,
000019.SZ,000019,20251209,93002370,1053087,0,0,S,71600,600,1053086,763943,
000019.SZ,000019,20251209,93002370,1053088,0,0,S,71600,200,1053086,955555,
000019.SZ,000019,20251209,93002370,1053089,0,0,S,71600,100,1053086,998019,
000019.SZ,000019,20251209,93002370,1053090,0,0,S,71600,100,1053086,1047801,
000019.SZ,000019,20251209,93003150,1104605,0,0,B,71600,100,1057815,1104604,
000019.SZ,000019,20251209,93003150,1104606,0,0,B,71700,400,836567,1104604,
000019.SZ,000019,20251209,93003150,1104607,0,0,B,71700,100,855998,1104604,
000019.SZ,000019,20251209,93003150,1104608,0,0,B,71700,100,907488,1104604,
000019.SZ,000019,20251209,93003150,1104609,0,0,B,71700,2200,946776,1104604,
000019.SZ,000019,20251209,93003150,1104627,0,0,B,71700,100,946776,1104626,
000019.SZ,000019,20251209,93003150,1104631,0,0,B,71700,100,946776,1104630,
000019.SZ,000019,20251209,93003150,1104681,0,0,B,71700,200,946776,1104680,
000019.SZ,000019,20251209,93003860,1143797,C,0, ,0,300,258094,0,
000019.SZ,000019,20251209,93003880,1144491,0,0,B,71700,200,946776,1144490,
000019.SZ,000019,20251209,93003880,1144492,0,0,B,71700,100,1120652,1144490,
000019.SZ,000019,20251209,93003880,1144493,0,0,B,71700,200,1141194,1144490,
000019.SZ,000019,20251209,93003880,1144494,0,0,B,71800,500,542615,1144490,
000019.SZ,000019,20251209,93004120,1157326,C,0, ,0,3000,1144902,0,
000019.SZ,000019,20251209,93005350,1206206,0,0,S,71600,100,1206205,1104736,
000019.SZ,000019,20251209,93005350,1206207,0,0,S,71600,100,1206205,1104893,
000019.SZ,000019,20251209,93005350,1206208,0,0,S,71600,200,1206205,1104932,
000019.SZ,000019,20251209,93006290,1232811,0,0,B,71700,200,1161542,1232810,
000019.SZ,000019,20251209,93006290,1232888,0,0,B,71700,100,1161542,1232887,
000019.SZ,000019,20251209,93006390,1238358,0,0,B,71700,100,1161542,1238357,
000019.SZ,000019,20251209,93006500,1241105,C,0, ,0,1100,0,1111852,
000019.SZ,000019,20251209,93006690,1247701,0,0,B,71700,100,1161542,1247700,
000019.SZ,000019,20251209,93006690,1247702,0,0,B,71700,1000,1210280,1247700,
000019.SZ,000019,20251209,93006690,1247703,0,0,B,71700,100,1244140,1247700,
000019.SZ,000019,20251209,93007360,1265425,0,0,S,71700,200,1265424,1247700,
000019.SZ,000019,20251209,93007360,1265426,0,0,S,71600,600,1265424,1104932,
000019.SZ,000019,20251209,93007470,1268504,0,0,S,71600,100,1268503,1104932,
000019.SZ,000019,20251209,93007690,1274990,0,0,S,71600,100,1274989,1104932,
000019.SZ,000019,20251209,93008040,1283334,C,0, ,0,200,547455,0,
000019.SZ,000019,20251209,93008920,1296381,C,0, ,0,100,0,1182257,
000019.SZ,000019,20251209,93008930,1296540,C,0, ,0,100,0,1184306,
000019.SZ,000019,20251209,93008940,1296682,C,0, ,0,100,0,1183116,
000019.SZ,000019,20251209,93008940,1296820,C,0, ,0,100,0,1182633,
000019.SZ,000019,20251209,93009020,1298306,0,0,S,71700,200,1298305,1296383,
000019.SZ,000019,20251209,93009060,1299583,0,0,S,71700,100,1299582,1296383,
000019.SZ,000019,20251209,93009060,1299584,0,0,S,71700,200,1299582,1296539,
000019.SZ,000019,20251209,93009060,1299585,0,0,S,71700,100,1299582,1296687,
000019.SZ,000019,20251209,93009150,1300718,0,0,S,71700,100,1300717,1296687,
000019.SZ,000019,20251209,93009150,1300733,C,0, ,0,100,0,1104932,
000019.SZ,000019,20251209,93009190,1301384,0,0,S,71700,100,1301383,1296687,
000019.SZ,000019,20251209,93009240,1302276,C,0, ,0,100,0,1108108,
000019.SZ,000019,20251209,93009240,1302278,C,0, ,0,100,0,1108114,
000019.SZ,000019,20251209,93009240,1302279,C,0, ,0,100,0,1108113,
000019.SZ,000019,20251209,93009240,1302282,C,0, ,0,100,0,1108115,
000019.SZ,000019,20251209,93009910,1318369,0,0,S,71700,200,1318368,1296687,
000019.SZ,000019,20251209,93009930,1318664,0,0,S,71700,100,1318663,1296687,
000019.SZ,000019,20251209,93010340,1326788,0,0,S,71700,600,1326787,1296687,
000019.SZ,000019,20251209,93010340,1326789,0,0,S,71700,300,1326787,1296817,
000019.SZ,000019,20251209,93010340,1326790,0,0,S,71700,200,1326787,1300672,
000019.SZ,000019,20251209,93010530,1331300,0,0,S,71700,100,1331299,1300672,
000019.SZ,000019,20251209,93010840,1337024,0,0,S,71700,1100,1337023,1300672,
000019.SZ,000019,20251209,93011810,1348485,0,0,B,71800,100,542615,1348484,
000019.SZ,000019,20251209,93011810,1348493,0,0,B,71800,100,542615,1348492,
000019.SZ,000019,20251209,93011840,1348711,0,0,B,71800,100,542615,1348710,
000019.SZ,000019,20251209,93011940,1349663,0,0,B,71800,100,542615,1349662,
000019.SZ,000019,20251209,93011940,1349665,0,0,B,71800,200,542615,1349664,
000019.SZ,000019,20251209,93012200,1352832,0,0,B,71800,100,542615,1352831,
000019.SZ,000019,20251209,93012230,1353334,C,0, ,0,1100,0,1104746,
000019.SZ,000019,20251209,93012250,1353927,0,0,S,71700,100,1353926,1300672,
000019.SZ,000019,20251209,93012260,1354090,0,0,S,71700,100,1354089,1300672,
000019.SZ,000019,20251209,93012260,1354092,0,0,S,71700,100,1354091,1300672,
000019.SZ,000019,20251209,93012260,1354098,0,0,S,71700,100,1354097,1300672,
000019.SZ,000019,20251209,93012270,1354259,0,0,B,71800,200,542615,1354258,
000019.SZ,000019,20251209,93012270,1354264,0,0,B,71800,100,542615,1354263,
000019.SZ,000019,20251209,93012270,1354269,0,0,B,71800,100,542615,1354268,
000019.SZ,000019,20251209,93012270,1354280,0,0,B,71800,800,542615,1354279,
000019.SZ,000019,20251209,93012300,1354962,0,0,B,71800,100,542615,1354961,
000019.SZ,000019,20251209,93012310,1354986,0,0,B,71800,100,542615,1354985,
000019.SZ,000019,20251209,93012310,1355001,0,0,B,71800,200,542615,1355000,
000019.SZ,000019,20251209,93012310,1355012,0,0,B,71800,400,542615,1355011,
000019.SZ,000019,20251209,93012340,1356295,0,0,B,71800,1400,542615,1356294,
000019.SZ,000019,20251209,93012340,1356296,0,0,B,71800,300,686064,1356294,
000019.SZ,000019,20251209,93012470,1359525,0,0,S,71700,100,1359524,1300672,
000019.SZ,000019,20251209,93013650,1382294,0,0,S,71700,100,1382293,1346086,
000019.SZ,000019,20251209,93013920,1386105,0,0,S,71700,200,1386104,1347845,
000019.SZ,000019,20251209,93013990,1387077,C,0, ,0,10000,521847,0,
000019.SZ,000019,20251209,93014110,1389077,0,0,S,71700,100,1389076,1347845,
000019.SZ,000019,20251209,93014450,1393039,0,0,S,71700,300,1393038,1347845,
000019.SZ,000019,20251209,93015280,1403365,0,0,S,71700,1900,1403364,1347845,
000019.SZ,000019,20251209,93015280,1403366,0,0,S,71700,300,1403364,1347846,
000019.SZ,000019,20251209,93015280,1403367,0,0,S,71700,200,1403364,1347849,
000019.SZ,000019,20251209,93015280,1403368,0,0,S,71700,100,1403364,1347854,
000019.SZ,000019,20251209,93015280,1403369,0,0,S,71700,300,1403364,1347860,
000019.SZ,000019,20251209,93015280,1403416,0,0,S,71700,100,1403415,1347870,
000019.SZ,000019,20251209,93015280,1403417,0,0,S,71700,100,1403415,1352102,
000019.SZ,000019,20251209,93015280,1403423,0,0,S,71700,200,1403422,1352104,
000019.SZ,000019,20251209,93015280,1403424,0,0,S,71700,100,1403422,1353023,
000019.SZ,000019,20251209,93015280,1403426,0,0,S,71700,100,1403425,1353481,
000019.SZ,000019,20251209,93015280,1403429,0,0,S,71700,600,1403428,1355837,
000019.SZ,000019,20251209,93015280,1403433,0,0,S,71700,100,1403432,1355837,
000019.SZ,000019,20251209,93015280,1403434,0,0,S,71700,100,1403432,1355838,
000019.SZ,000019,20251209,93016980,1441129,0,0,S,71700,300,1441128,1355838,
000019.SZ,000019,20251209,93017000,1441494,0,0,S,71700,200,1441493,1355838,
000019.SZ,000019,20251209,93017010,1441528,0,0,S,71700,300,1441527,1355838,
000019.SZ,000019,20251209,93017010,1441607,0,0,S,71700,100,1441606,1355838,
000019.SZ,000019,20251209,93017010,1441608,0,0,S,71700,100,1441606,1356507,
000019.SZ,000019,20251209,93017010,1441609,0,0,S,71700,100,1441606,1356509,
000019.SZ,000019,20251209,93017010,1441610,0,0,S,71700,1000,1441606,1392983,
000019.SZ,000019,20251209,93019260,1476309,0,0,B,71800,1400,686064,1476308,
000019.SZ,000019,20251209,93019260,1476310,0,0,B,71800,1900,827676,1476308,
000019.SZ,000019,20251209,93019550,1481701,0,0,S,71700,200,1481700,1392983,
000019.SZ,000019,20251209,93019550,1481702,0,0,S,71700,400,1481700,1396166,
000019.SZ,000019,20251209,93019550,1481703,0,0,S,71700,1000,1481700,1396185,
000019.SZ,000019,20251209,93019720,1484740,0,0,S,71700,100,1484739,1396185,
000019.SZ,000019,20251209,93021150,1502882,0,0,S,71700,200,1502881,1396185,
000019.SZ,000019,20251209,93021150,1502890,0,0,S,71700,400,1502889,1396185,
000019.SZ,000019,20251209,93021150,1502892,0,0,S,71700,400,1502891,1396185,
000019.SZ,000019,20251209,93021150,1502899,0,0,S,71700,300,1502898,1396185,
000019.SZ,000019,20251209,93021150,1502901,0,0,S,71700,100,1502900,1396185,
000019.SZ,000019,20251209,93021150,1502906,0,0,S,71700,100,1502905,1396185,
000019.SZ,000019,20251209,93021150,1502913,0,0,S,71700,400,1502912,1396185,
000019.SZ,000019,20251209,93021150,1502918,0,0,S,71700,400,1502917,1396185,
000019.SZ,000019,20251209,93021150,1502920,0,0,S,71700,400,1502919,1396185,
000019.SZ,000019,20251209,93021150,1502928,0,0,S,71700,400,1502927,1396185,
000019.SZ,000019,20251209,93022800,1534766,C,0, ,0,300,0,1295794,
000019.SZ,000019,20251209,93023100,1538586,C,0, ,0,1800,836298,0,
000019.SZ,000019,20251209,93024180,1551115,C,0, ,0,1200,1505068,0,
000019.SZ,000019,20251209,93024180,1551197,C,0, ,0,900,1503161,0,
000019.SZ,000019,20251209,93024190,1551290,C,0, ,0,200,1502935,0,
000019.SZ,000019,20251209,93024250,1552191,0,0,S,71600,100,1552190,1111037,
000019.SZ,000019,20251209,93024310,1553270,0,0,S,71600,100,1553269,1111056,
000019.SZ,000019,20251209,93025100,1568067,0,0,S,71600,100,1568066,1111794,
000019.SZ,000019,20251209,93025180,1569291,0,0,S,71600,800,1569290,1112010,
000019.SZ,000019,20251209,93025180,1569292,0,0,S,71600,200,1569290,1131863,
000019.SZ,000019,20251209,93025180,1569293,0,0,S,71600,100,1569290,1131955,
000019.SZ,000019,20251209,93025180,1569294,0,0,S,71600,100,1569290,1131968,
000019.SZ,000019,20251209,93025180,1569295,0,0,S,71600,2000,1569290,1132465,
000019.SZ,000019,20251209,93025180,1569296,0,0,S,71600,200,1569290,1132598,
000019.SZ,000019,20251209,93027740,1606820,0,0,S,71600,100,1606819,1132598,
000019.SZ,000019,20251209,93028270,1614610,C,0, ,0,100,422493,0,
000019.SZ,000019,20251209,93028630,1621552,C,0, ,0,1700,1593639,0,
000019.SZ,000019,20251209,93030170,1642783,C,0, ,0,200,1628838,0,
000019.SZ,000019,20251209,93030330,1645982,0,0,S,71600,200,1645981,1132598,
000019.SZ,000019,20251209,93030330,1645983,0,0,S,71600,200,1645981,1132809,
000019.SZ,000019,20251209,93030330,1645984,0,0,S,71600,200,1645981,1132845,
000019.SZ,000019,20251209,93030330,1645985,0,0,S,71600,700,1645981,1174436,
000019.SZ,000019,20251209,93030330,1645986,0,0,S,71600,1200,1645981,1396186,
000019.SZ,000019,20251209,93030330,1645987,0,0,S,71600,1100,1645981,1548583,
000019.SZ,000019,20251209,93030330,1645988,0,0,S,71600,1000,1645981,1548585,
000019.SZ,000019,20251209,93031400,1666244,C,0, ,0,2000,515114,0,
000019.SZ,000019,20251209,93033180,1690802,0,0,B,71600,100,1645981,1690801,
000019.SZ,000019,20251209,93033230,1691669,C,0, ,0,100,1273698,0,
000019.SZ,000019,20251209,93033230,1691706,C,0, ,0,100,1402888,0,
000019.SZ,000019,20251209,93035230,1726471,0,0,S,71500,100,1726470,201711,
000019.SZ,000019,20251209,93035370,1728658,C,0, ,0,200,1704209,0,
000019.SZ,000019,20251209,93035690,1733330,C,0, ,0,1700,1708893,0,
000019.SZ,000019,20251209,93036200,1740672,0,0,S,71500,600,1740671,201711,
000019.SZ,000019,20251209,93038030,1778118,C,0, ,0,5200,1033198,0,
000019.SZ,000019,20251209,93044730,1906493,0,0,S,71500,900,1906492,201711,
000019.SZ,000019,20251209,93045040,1913202,C,0, ,0,15300,1645981,0,
000019.SZ,000019,20251209,93045150,1915509,0,0,B,71600,100,1681192,1915508,
000019.SZ,000019,20251209,93045150,1915510,0,0,B,71600,100,1693073,1915508,
000019.SZ,000019,20251209,93045150,1915512,0,0,B,71600,100,1693121,1915511,
000019.SZ,000019,20251209,93045150,1915513,0,0,B,71600,200,1736462,1915511,
000019.SZ,000019,20251209,93045150,1915515,0,0,B,71600,200,1736462,1915514,
000019.SZ,000019,20251209,93045150,1915517,0,0,B,71600,100,1736462,1915516,
000019.SZ,000019,20251209,93045150,1915520,0,0,B,71600,100,1736462,1915519,
000019.SZ,000019,20251209,93045150,1915526,0,0,B,71600,100,1736462,1915525,
000019.SZ,000019,20251209,93045150,1915528,0,0,B,71600,300,1736462,1915527,
000019.SZ,000019,20251209,93045150,1915530,0,0,B,71600,100,1736462,1915529,
000019.SZ,000019,20251209,93045160,1915814,0,0,B,71600,100,1736462,1915813,
000019.SZ,000019,20251209,93047340,1955312,C,0, ,0,10000,1041004,0,
000019.SZ,000019,20251209,93048150,1966072,0,0,B,71600,100,1736462,1966071,
000019.SZ,000019,20251209,93048720,1975244,0,0,B,71600,300,1736462,1975243,
000019.SZ,000019,20251209,93049470,1987401,C,0, ,0,2300,479079,0,
000019.SZ,000019,20251209,93058380,2110364,0,0,B,71600,400,1736462,2110363,
000019.SZ,000019,20251209,93059230,2121175,C,0, ,0,200,2013016,0,
000019.SZ,000019,20251209,93059240,2121347,0,0,B,71600,100,1736462,2121346,
000019.SZ,000019,20251209,93059380,2122972,C,0, ,0,400,2013448,0,
000019.SZ,000019,20251209,93100370,2136863,0,0,S,71500,400,2136862,201711,
000019.SZ,000019,20251209,93100370,2136864,0,0,S,71500,4800,2136862,1111464,
000019.SZ,000019,20251209,93101120,2152477,0,0,B,71600,100,1736462,2152476,
000019.SZ,000019,20251209,93102090,2169458,0,0,S,71500,200,2169457,1111464,
000019.SZ,000019,20251209,93102090,2169459,0,0,S,71500,1900,2169457,1132984,
000019.SZ,000019,20251209,93102090,2169460,0,0,S,71500,700,2169457,1191244,
000019.SZ,000019,20251209,93102090,2169461,0,0,S,71500,200,2169457,1192749,
000019.SZ,000019,20251209,93102090,2169462,0,0,S,71500,100,2169457,1319180,
000019.SZ,000019,20251209,93102090,2169463,0,0,S,71500,1300,2169457,1686925,
000019.SZ,000019,20251209,93102090,2169464,0,0,S,71500,100,2169457,1691117,
000019.SZ,000019,20251209,93102090,2169465,0,0,S,71500,100,2169457,1691673,
000019.SZ,000019,20251209,93102090,2169466,0,0,S,71500,100,2169457,1697299,
000019.SZ,000019,20251209,93102090,2169467,0,0,S,71500,300,2169457,1697908,
000019.SZ,000019,20251209,93102090,2169468,0,0,S,71500,100,2169457,1733857,
000019.SZ,000019,20251209,93102090,2169469,0,0,S,71500,4900,2169457,1770720,
000019.SZ,000019,20251209,93102250,2171963,C,0, ,0,100,1605806,0,
000019.SZ,000019,20251209,93104930,2213750,0,0,B,71600,100,1736462,2213749,
000019.SZ,000019,20251209,93105420,2220980,C,0, ,0,5400,0,1735738,
000019.SZ,000019,20251209,93108860,2271117,0,0,B,71600,500,1736462,2271116,
000019.SZ,000019,20251209,93109230,2276222,0,0,B,71600,100,1736462,2276221,
000019.SZ,000019,20251209,93109230,2276225,0,0,B,71600,100,1736462,2276224,
000019.SZ,000019,20251209,93109250,2276483,0,0,B,71600,100,1736462,2276482,
000019.SZ,000019,20251209,93109740,2283522,0,0,B,71600,100,1736462,2283521,
000019.SZ,000019,20251209,93111590,2311186,0,0,S,71500,100,2311185,1770720,
000019.SZ,000019,20251209,93111600,2311227,0,0,B,71600,100,1736462,2311226,
000019.SZ,000019,20251209,93111610,2311353,0,0,B,71600,100,1736462,2311352,
000019.SZ,000019,20251209,93111610,2311381,0,0,B,71600,100,1736462,2311380,
000019.SZ,000019,20251209,93111720,2312791,0,0,S,71500,1500,2312790,1770720,
000019.SZ,000019,20251209,93111720,2312792,0,0,S,71500,500,2312790,1967588,
000019.SZ,000019,20251209,93111720,2312793,0,0,S,71500,100,2312790,2029863,
000019.SZ,000019,20251209,93112200,2319175,0,0,B,71600,100,1736462,2319174,
000019.SZ,000019,20251209,93113260,2336979,C,0, ,0,7700,460969,0,
000019.SZ,000019,20251209,93114390,2352698,0,0,S,71500,900,2352697,2029863,
000019.SZ,000019,20251209,93114390,2352699,0,0,S,71500,3000,2352697,2110216,
000019.SZ,000019,20251209,93118170,2399843,0,0,S,71500,900,2399842,2182217,
000019.SZ,000019,20251209,93118170,2399844,0,0,S,71500,100,2399842,2210224,
000019.SZ,000019,20251209,93120480,2430066,C,0, ,0,5000,1347113,0,
000019.SZ,000019,20251209,93120500,2430286,0,0,S,71500,100,2430285,2210224,
000019.SZ,000019,20251209,93120500,2430287,0,0,S,71500,100,2430285,2213549,
000019.SZ,000019,20251209,93120500,2430288,0,0,S,71500,400,2430285,2214414,
000019.SZ,000019,20251209,93120630,2431648,C,0, ,0,10000,528016,0,
000019.SZ,000019,20251209,93121540,2443035,0,0,S,71500,300,2443034,2214414,
000019.SZ,000019,20251209,93121540,2443036,0,0,S,71500,100,2443034,2240716,
000019.SZ,000019,20251209,93121540,2443037,0,0,S,71500,500,2443034,2241161,
000019.SZ,000019,20251209,93121540,2443038,0,0,S,71500,100,2443034,2258552,
000019.SZ,000019,20251209,93121540,2443039,0,0,S,71500,500,2443034,2258833,
000019.SZ,000019,20251209,93121540,2443040,0,0,S,71500,500,2443034,2275987,
000019.SZ,000019,20251209,93121540,2443041,0,0,S,71500,800,2443034,2319014,
000019.SZ,000019,20251209,93121540,2443042,0,0,S,71500,800,2443034,2410096,
000019.SZ,000019,20251209,93121540,2443043,0,0,S,71500,1000,2443034,2427797,
000019.SZ,000019,20251209,93121900,2448104,0,0,B,71500,1500,2443034,2448103,
000019.SZ,000019,20251209,93121910,2448163,0,0,B,71500,100,2443034,2448162,
000019.SZ,000019,20251209,93121910,2448178,0,0,B,71500,700,2443034,2448177,
000019.SZ,000019,20251209,93121910,2448201,0,0,B,71500,300,2443034,2448200,
000019.SZ,000019,20251209,93122550,2457249,0,0,B,71500,100,2443034,2457248,
000019.SZ,000019,20251209,93122550,2457250,0,0,B,71500,100,2448233,2457248,
000019.SZ,000019,20251209,93122550,2457251,0,0,B,71500,300,2451919,2457248,
000019.SZ,000019,20251209,93122560,2457395,0,0,S,71500,100,2457394,2457248,
000019.SZ,000019,20251209,93122560,2457405,0,0,S,71500,100,2457404,2457248,
000019.SZ,000019,20251209,93122560,2457409,0,0,S,71500,100,2457408,2457396,
000019.SZ,000019,20251209,93122580,2457681,0,0,S,71500,100,2457680,2457459,
000019.SZ,000019,20251209,93122960,2462212,0,0,S,71500,200,2462211,2460054,
000019.SZ,000019,20251209,93124380,2480012,C,0, ,0,100,1681503,0,
000019.SZ,000019,20251209,93124430,2480792,C,0, ,0,100,2023544,0,
000019.SZ,000019,20251209,93124840,2487330,C,0, ,0,100,1672314,0,
000019.SZ,000019,20251209,93124840,2487336,C,0, ,0,200,1672311,0,
000019.SZ,000019,20251209,93125000,2489200,0,0,B,71500,100,2472221,2489199,
000019.SZ,000019,20251209,93125580,2498123,0,0,B,71500,100,2472221,2498122,
000019.SZ,000019,20251209,93126250,2506880,0,0,B,71500,400,2472221,2506879,
000019.SZ,000019,20251209,93126260,2506990,0,0,B,71500,600,2472221,2506989,
000019.SZ,000019,20251209,93127150,2517977,0,0,B,71500,300,2472221,2517976,
000019.SZ,000019,20251209,93128210,2532922,0,0,S,71400,10000,2532921,933760,
000019.SZ,000019,20251209,93128210,2532923,0,0,S,71400,100,2532921,1267663,
000019.SZ,000019,20251209,93128210,2532924,0,0,S,71400,1200,2532921,2047624,
000019.SZ,000019,20251209,93128210,2532925,0,0,S,71400,2000,2532921,2311026,
000019.SZ,000019,20251209,93128210,2532926,0,0,S,71400,2000,2532921,2454090,
000019.SZ,000019,20251209,93128210,2532927,0,0,S,71400,700,2532921,2498980,
000019.SZ,000019,20251209,93128210,2532928,0,0,S,71400,200,2532921,2500331,
000019.SZ,000019,20251209,93128210,2532929,0,0,S,71300,3500,2532921,107263,
000019.SZ,000019,20251209,93128210,2532930,0,0,S,71300,1400,2532921,220732,
000019.SZ,000019,20251209,93128210,2532931,0,0,S,71300,13200,2532921,302479,
000019.SZ,000019,20251209,93128210,2532932,0,0,S,71300,5000,2532921,817688,
000019.SZ,000019,20251209,93128210,2532933,0,0,S,71300,9100,2532921,931936,
000019.SZ,000019,20251209,93128210,2532934,0,0,S,71300,1500,2532921,2503843,
000019.SZ,000019,20251209,93128210,2532935,0,0,S,71200,400,2532921,47996,
000019.SZ,000019,20251209,93128210,2532936,0,0,S,71200,500,2532921,144114,
000019.SZ,000019,20251209,93128210,2532937,0,0,S,71200,3000,2532921,158239,
000019.SZ,000019,20251209,93128210,2532938,0,0,S,71200,1200,2532921,242382,
000019.SZ,000019,20251209,93128210,2532939,0,0,S,71200,1400,2532921,726198,
000019.SZ,000019,20251209,93128210,2532940,0,0,S,71200,1500,2532921,886534,
000019.SZ,000019,20251209,93128210,2532941,0,0,S,71200,1500,2532921,1073109,
000019.SZ,000019,20251209,93128210,2532942,0,0,S,71200,10000,2532921,2047034,
000019.SZ,000019,20251209,93128210,2532943,0,0,S,71200,13700,2532921,2139916,
000019.SZ,000019,20251209,93128210,2532944,0,0,S,71100,800,2532921,189398,
000019.SZ,000019,20251209,93128210,2532945,0,0,S,71100,100,2532921,283400,
000019.SZ,000019,20251209,93128210,2532946,0,0,S,71100,300,2532921,396593,
000019.SZ,000019,20251209,93128210,2532947,0,0,S,71100,20000,2532921,496178,
000019.SZ,000019,20251209,93128210,2532948,0,0,S,71100,1200,2532921,499335,
000019.SZ,000019,20251209,93128210,2532949,0,0,S,71100,5000,2532921,815852,
000019.SZ,000019,20251209,93128210,2532950,0,0,S,71100,5000,2532921,822491,
000019.SZ,000019,20251209,93128210,2532951,0,0,S,71100,10000,2532921,1209605,
000019.SZ,000019,20251209,93128210,2532952,0,0,S,71100,3000,2532921,1212892,
000019.SZ,000019,20251209,93128210,2532953,0,0,S,71100,9300,2532921,2008319,
000019.SZ,000019,20251209,93128210,2533021,0,0,B,71100,100,2532921,2533020,
000019.SZ,000019,20251209,93128210,2533023,0,0,B,71100,2100,2532921,2533022,
000019.SZ,000019,20251209,93128220,2533165,0,0,B,71500,100,2472221,2533164,
000019.SZ,000019,20251209,93128360,2535461,C,0, ,0,100,2173527,0,
000019.SZ,000019,20251209,93128590,2538883,0,0,B,71500,1600,2472221,2538882,
000019.SZ,000019,20251209,93128590,2538885,0,0,B,71500,300,2472221,2538884,
000019.SZ,000019,20251209,93128590,2538886,0,0,B,71500,100,2484353,2538884,
000019.SZ,000019,20251209,93128590,2538887,0,0,B,71500,100,2517280,2538884,
000019.SZ,000019,20251209,93128590,2538888,0,0,B,71500,100,2536362,2538884,
000019.SZ,000019,20251209,93128600,2539076,0,0,S,71500,1100,2539075,2538884,
000019.SZ,000019,20251209,93128600,2539111,C,0, ,0,100,1651737,0,
000019.SZ,000019,20251209,93128600,2539117,C,0, ,0,200,1651310,0,
000019.SZ,000019,20251209,93128600,2539123,C,0, ,0,100,1649986,0,
000019.SZ,000019,20251209,93128600,2539124,C,0, ,0,100,1647105,0,
000019.SZ,000019,20251209,93128600,2539127,C,0, ,0,100,1653109,0,
000019.SZ,000019,20251209,93129220,2546710,C,0, ,0,200,0,2533098,
000019.SZ,000019,20251209,93129220,2546711,C,0, ,0,2200,0,2533068,
000019.SZ,000019,20251209,93129220,2546714,C,0, ,0,2200,0,2533083,
000019.SZ,000019,20251209,93129220,2546715,C,0, ,0,2200,0,2533072,
000019.SZ,000019,20251209,93129220,2546717,C,0, ,0,6000,0,2533099,
000019.SZ,000019,20251209,93129220,2546718,C,0, ,0,700,0,2533097,
000019.SZ,000019,20251209,93129220,2546721,C,0, ,0,1400,0,2533100,
000019.SZ,000019,20251209,93129220,2546737,C,0, ,0,2200,0,2533095,
000019.SZ,000019,20251209,93129250,2547114,C,0, ,0,200,0,2533283,
000019.SZ,000019,20251209,93129260,2547158,C,0, ,0,200,0,2533122,
000019.SZ,000019,20251209,93129280,2547367,C,0, ,0,2000,0,2533082,
000019.SZ,000019,20251209,93129290,2547484,C,0, ,0,100,0,2533084,
000019.SZ,000019,20251209,93129310,2547678,C,0, ,0,500,0,2533179,
000019.SZ,000019,20251209,93129310,2547742,C,0, ,0,2200,0,2533050,
000019.SZ,000019,20251209,93129320,2547777,C,0, ,0,2200,0,2533040,
000019.SZ,000019,20251209,93129320,2547782,C,0, ,0,2200,0,2533175,
000019.SZ,000019,20251209,93129320,2547784,C,0, ,0,2200,0,2533052,
000019.SZ,000019,20251209,93129320,2547803,C,0, ,0,2200,0,2533055,
000019.SZ,000019,20251209,93129320,2547823,C,0, ,0,2200,0,2533034,
000019.SZ,000019,20251209,93129320,2547832,C,0, ,0,2200,0,2533047,
000019.SZ,000019,20251209,93129330,2547859,C,0, ,0,2200,0,2533046,
000019.SZ,000019,20251209,93129330,2547876,C,0, ,0,2200,0,2533041,
000019.SZ,000019,20251209,93129370,2548344,C,0, ,0,100,0,2533086,
000019.SZ,000019,20251209,93129380,2548629,0,0,B,71500,400,2539075,2548628,
000019.SZ,000019,20251209,93129380,2548630,0,0,B,71500,1100,2539266,2548628,
000019.SZ,000019,20251209,93129380,2548636,C,0, ,0,2200,0,2533431,
000019.SZ,000019,20251209,93129420,2549147,C,0, ,0,21000,0,2533032,
000019.SZ,000019,20251209,93129420,2549148,C,0, ,0,21000,0,2533062,
000019.SZ,000019,20251209,93129650,2551670,0,0,B,71500,200,2546937,2551669,
000019.SZ,000019,20251209,93129650,2551671,0,0,B,71500,100,2546945,2551669,
000019.SZ,000019,20251209,93129650,2551672,0,0,B,71500,100,2546946,2551669,
000019.SZ,000019,20251209,93129650,2551673,0,0,B,71500,100,2546947,2551669,
000019.SZ,000019,20251209,93129650,2551674,0,0,B,71500,100,2546950,2551669,
000019.SZ,000019,20251209,93129660,2551748,0,0,S,71500,1200,2551747,2551669,
000019.SZ,000019,20251209,93129670,2551810,0,0,S,71500,200,2551809,2551669,
000019.SZ,000019,20251209,93129670,2551848,C,0, ,0,200,2551847,0,
000019.SZ,000019,20251209,93129710,2552211,C,0, ,0,2200,0,2533029,
000019.SZ,000019,20251209,93129720,2552212,C,0, ,0,2200,0,2533027,
000019.SZ,000019,20251209,93129720,2552213,C,0, ,0,2200,0,2533026,
000019.SZ,000019,20251209,93129720,2552214,C,0, ,0,2200,0,2533045,
000019.SZ,000019,20251209,93129720,2552215,C,0, ,0,2200,0,2533030,
000019.SZ,000019,20251209,93129720,2552217,C,0, ,0,2200,0,2533043,
000019.SZ,000019,20251209,93129720,2552218,C,0, ,0,2200,0,2533039,
000019.SZ,000019,20251209,93129720,2552219,C,0, ,0,2200,0,2533031,
000019.SZ,000019,20251209,93129720,2552220,C,0, ,0,2200,0,2533051,
000019.SZ,000019,20251209,93129720,2552221,C,0, ,0,2200,0,2533042,
000019.SZ,000019,20251209,93129720,2552252,C,0, ,0,2200,0,2533025,
000019.SZ,000019,20251209,93129720,2552253,C,0, ,0,2200,0,2533028,
000019.SZ,000019,20251209,93129720,2552258,C,0, ,0,2200,0,2533036,
000019.SZ,000019,20251209,93129720,2552265,C,0, ,0,2200,0,2533038,
000019.SZ,000019,20251209,93129720,2552267,C,0, ,0,500,0,2533071,
000019.SZ,000019,20251209,93129720,2552268,C,0, ,0,500,0,2533074,
000019.SZ,000019,20251209,93129720,2552277,C,0, ,0,500,0,2533049,
000019.SZ,000019,20251209,93129720,2552278,C,0, ,0,2200,0,2533053,
000019.SZ,000019,20251209,93129720,2552279,C,0, ,0,1200,0,2533054,
000019.SZ,000019,20251209,93129720,2552280,C,0, ,0,1600,0,2533058,
000019.SZ,000019,20251209,93129720,2552281,C,0, ,0,1800,0,2533059,
000019.SZ,000019,20251209,93129720,2552282,C,0, ,0,1700,0,2533057,
000019.SZ,000019,20251209,93129720,2552283,C,0, ,0,400,0,2533065,
000019.SZ,000019,20251209,93129720,2552286,C,0, ,0,1500,0,2533064,
000019.SZ,000019,20251209,93129720,2552287,C,0, ,0,2000,0,2533061,
000019.SZ,000019,20251209,93129720,2552288,C,0, ,0,2100,0,2533123,
000019.SZ,000019,20251209,93129720,2552289,C,0, ,0,100,0,2533121,
000019.SZ,000019,20251209,93129720,2552291,C,0, ,0,500,0,2533125,
000019.SZ,000019,20251209,93129720,2552292,C,0, ,0,100,0,2533124,
000019.SZ,000019,20251209,93129720,2552294,C,0, ,0,900,0,2533075,
000019.SZ,000019,20251209,93129720,2552303,C,0, ,0,400,0,2533173,
000019.SZ,000019,20251209,93129750,2552558,C,0, ,0,100,0,2533022,
000019.SZ,000019,20251209,93130190,2557512,C,0, ,0,2200,0,2533037,
000019.SZ,000019,20251209,93130220,2557915,0,0,B,71500,300,2551809,2557914,
000019.SZ,000019,20251209,93130230,2558079,C,0, ,0,2200,0,2533088,
000019.SZ,000019,20251209,93130320,2559349,C,0, ,0,2200,0,2533048,
000019.SZ,000019,20251209,93130710,2564956,C,0, ,0,800,0,2533056,
000019.SZ,000019,20251209,93130750,2565422,C,0, ,0,100,2551845,0,
000019.SZ,000019,20251209,93130750,2565425,C,0, ,0,200,2551852,0,
000019.SZ,000019,20251209,93130870,2566883,C,0, ,0,2200,0,2533236,
000019.SZ,000019,20251209,93130980,2568180,C,0, ,0,2200,0,2533033,
000019.SZ,000019,20251209,93130980,2568221,C,0, ,0,2200,0,2533035,
000019.SZ,000019,20251209,93131230,2571305,C,0, ,0,800,0,2533450,
000019.SZ,000019,20251209,93131230,2571318,C,0, ,0,900,0,2533637,
000019.SZ,000019,20251209,93131280,2571965,0,0,S,71400,1300,2571964,2546882,
000019.SZ,000019,20251209,93131280,2571966,0,0,S,71400,200,2571964,2567148,
000019.SZ,000019,20251209,93132220,2583470,C,0, ,0,1200,0,2533094,
000019.SZ,000019,20251209,93132220,2583471,C,0, ,0,1100,0,2533085,
000019.SZ,000019,20251209,93132220,2583482,C,0, ,0,1300,0,2533090,
000019.SZ,000019,20251209,93132220,2583483,C,0, ,0,300,0,2533092,
000019.SZ,000019,20251209,93132220,2583484,C,0, ,0,900,0,2533093,
000019.SZ,000019,20251209,93132220,2583485,C,0, ,0,1300,0,2533089,
000019.SZ,000019,20251209,93132220,2583487,C,0, ,0,700,0,2533024,
000019.SZ,000019,20251209,93132220,2583488,C,0, ,0,500,0,2533073,
000019.SZ,000019,20251209,93133230,2594406,C,0, ,0,500,2438639,0,
000019.SZ,000019,20251209,93133250,2594692,C,0, ,0,600,2438995,0,
000019.SZ,000019,20251209,93133260,2594797,C,0, ,0,1600,2439290,0,
000019.SZ,000019,20251209,93133270,2594966,C,0, ,0,2200,0,2533108,
000019.SZ,000019,20251209,93133360,2595999,0,0,B,71500,700,2551809,2595998,
000019.SZ,000019,20251209,93133360,2596000,0,0,B,71500,1400,2551920,2595998,
000019.SZ,000019,20251209,93133360,2596001,0,0,B,71500,1000,2562982,2595998,
000019.SZ,000019,20251209,93133370,2596064,0,0,S,71500,3900,2596063,2595998,
000019.SZ,000019,20251209,93133590,2599014,C,0, ,0,1000,117655,0,
000019.SZ,000019,20251209,93134220,2607204,C,0, ,0,100,0,2533232,
000019.SZ,000019,20251209,93134430,2610204,C,0, ,0,400,2596155,0,
000019.SZ,000019,20251209,93136060,2628432,C,0, ,0,1300,0,2533106,
000019.SZ,000019,20251209,93136900,2639887,0,0,S,71500,100,2639886,2611404,
000019.SZ,000019,20251209,93137490,2648187,0,0,S,71500,100,2648186,2611509,
000019.SZ,000019,20251209,93137490,2648188,0,0,S,71500,500,2648186,2629586,
000019.SZ,000019,20251209,93137490,2648189,0,0,S,71500,700,2648186,2634635,
000019.SZ,000019,20251209,93137490,2648190,0,0,S,71500,700,2648186,2639791,
000019.SZ,000019,20251209,93137490,2648191,0,0,S,71500,2000,2648186,2640018,
000019.SZ,000019,20251209,93138300,2657741,C,0, ,0,700,0,2533910,
000019.SZ,000019,20251209,93138350,2658306,C,0, ,0,100,0,2534250,
000019.SZ,000019,20251209,93138360,2658477,C,0, ,0,200,0,2534123,
000019.SZ,000019,20251209,93140670,2687680,0,0,S,71500,400,2687679,2640018,
000019.SZ,000019,20251209,93142280,2708507,C,0, ,0,500,2595576,0,
000019.SZ,000019,20251209,93142290,2708682,C,0, ,0,400,2595434,0,
000019.SZ,000019,20251209,93142290,2708715,C,0, ,0,600,2595422,0,
000019.SZ,000019,20251209,93142330,2709244,C,0, ,0,500,0,2533587,
000019.SZ,000019,20251209,93142330,2709245,C,0, ,0,800,0,2533582,
000019.SZ,000019,20251209,93142330,2709246,C,0, ,0,1200,0,2533584,
000019.SZ,000019,20251209,93142330,2709408,C,0, ,0,700,2595810,0,
000019.SZ,000019,20251209,93142340,2709425,C,0, ,0,1000,2595807,0,
000019.SZ,000019,20251209,93142340,2709604,C,0, ,0,400,2595551,0,
000019.SZ,000019,20251209,93142340,2709634,C,0, ,0,1800,2595547,0,
000019.SZ,000019,20251209,93142340,2709669,C,0, ,0,600,2596244,0,
000019.SZ,000019,20251209,93145690,2756953,0,0,S,71500,800,2756952,2640018,
000019.SZ,000019,20251209,93145700,2757077,0,0,S,71500,100,2757076,2640018,
000019.SZ,000019,20251209,93147990,2789108,C,0, ,0,100,1252918,0,
000019.SZ,000019,20251209,93148020,2789376,0,0,S,71500,1600,2789375,2640018,
000019.SZ,000019,20251209,93148020,2789377,0,0,S,71500,500,2789375,2650735,
000019.SZ,000019,20251209,93148020,2789378,0,0,S,71500,100,2789375,2684817,
000019.SZ,000019,20251209,93151260,2830087,C,0, ,0,200,2442007,0,
000019.SZ,000019,20251209,93151270,2830195,C,0, ,0,600,2448806,0,
000019.SZ,000019,20251209,93154030,2864443,C,0, ,0,100,0,2604153,
000019.SZ,000019,20251209,93156140,2890455,C,0, ,0,200,1501174,0,
000019.SZ,000019,20251209,93157690,2909010,C,0, ,0,900,0,2557485,
000019.SZ,000019,20251209,93157820,2910641,C,0, ,0,2900,0,2792896,
000019.SZ,000019,20251209,93159230,2926777,C,0, ,0,200,0,393718,
000019.SZ,000019,20251209,93159330,2928041,C,0, ,0,4600,0,2533709,
000019.SZ,000019,20251209,93159330,2928043,C,0, ,0,17700,0,2533717,
000019.SZ,000019,20251209,93159340,2928109,C,0, ,0,6900,0,2533996,
000019.SZ,000019,20251209,93200040,2935462,0,0,S,71500,600,2935461,2684817,
000019.SZ,000019,20251209,93200040,2935463,0,0,S,71500,3500,2935461,2685123,
000019.SZ,000019,20251209,93200040,2935464,0,0,S,71500,900,2935461,2693602,
000019.SZ,000019,20251209,93200040,2935465,0,0,S,71500,700,2935461,2715600,
000019.SZ,000019,20251209,93200040,2935466,0,0,S,71500,500,2935461,2718039,
000019.SZ,000019,20251209,93200060,2935787,0,0,S,71500,200,2935786,2718039,
000019.SZ,000019,20251209,93200060,2935817,0,0,S,71500,200,2935816,2718039,
000019.SZ,000019,20251209,93200060,2935832,0,0,S,71500,200,2935831,2718039,
000019.SZ,000019,20251209,93200100,2936354,C,0, ,0,300,0,2533938,
000019.SZ,000019,20251209,93200110,2936480,C,0, ,0,100,0,2534191,
000019.SZ,000019,20251209,93200110,2936504,C,0, ,0,100,0,2533815,
000019.SZ,000019,20251209,93200120,2936624,C,0, ,0,100,0,2534192,
000019.SZ,000019,20251209,93200130,2936846,C,0, ,0,100,0,2533915,
000019.SZ,000019,20251209,93200140,2936864,C,0, ,0,100,0,2533914,
000019.SZ,000019,20251209,93200140,2936880,C,0, ,0,100,0,2533913,
000019.SZ,000019,20251209,93200140,2936890,C,0, ,0,100,0,2533911,
000019.SZ,000019,20251209,93200720,2947130,0,0,S,71500,300,2947129,2718039,
000019.SZ,000019,20251209,93200720,2947131,0,0,S,71500,100,2947129,2756052,
000019.SZ,000019,20251209,93200720,2947132,0,0,S,71500,100,2947129,2761891,
000019.SZ,000019,20251209,93200720,2947133,0,0,S,71500,400,2947129,2805957,
000019.SZ,000019,20251209,93200720,2947134,0,0,S,71500,100,2947129,2808698,
000019.SZ,000019,20251209,93200720,2947135,0,0,S,71500,100,2947129,2812090,
000019.SZ,000019,20251209,93201030,2952076,0,0,S,71500,800,2952075,2812090,
000019.SZ,000019,20251209,93201030,2952077,0,0,S,71500,200,2952075,2812394,
000019.SZ,000019,20251209,93201030,2952078,0,0,S,71500,500,2952075,2813633,
000019.SZ,000019,20251209,93201030,2952079,0,0,S,71500,900,2952075,2909059,
000019.SZ,000019,20251209,93201030,2952080,0,0,S,71500,100,2952075,2938259,
000019.SZ,000019,20251209,93201660,2961476,C,0, ,0,200,0,39572,
000019.SZ,000019,20251209,93205330,3008022,0,0,S,71400,100,3008021,2567148,
000019.SZ,000019,20251209,93205330,3008023,0,0,S,71400,700,3008021,2567374,
000019.SZ,000019,20251209,93205330,3008024,0,0,S,71400,100,3008021,2567833,
000019.SZ,000019,20251209,93205330,3008025,0,0,S,71400,700,3008021,2577746,
000019.SZ,000019,20251209,93205330,3008026,0,0,S,71400,200,3008021,2577917,
000019.SZ,000019,20251209,93205330,3008027,0,0,S,71400,100,3008021,2585272,
000019.SZ,000019,20251209,93205330,3008028,0,0,S,71400,100,3008021,2601126,
000019.SZ,000019,20251209,93205680,3011949,C,0, ,0,200,0,39573,
000019.SZ,000019,20251209,93208570,3047596,C,0, ,0,4800,0,2849098,
000019.SZ,000019,20251209,93211880,3085523,0,0,S,71400,200,3085522,2601126,
000019.SZ,000019,20251209,93215540,3143249,0,0,S,71400,100,3143248,2601126,
000019.SZ,000019,20251209,93215550,3143367,C,0, ,0,100,1660951,0,
000019.SZ,000019,20251209,93221500,3222267,0,0,S,71400,1100,3222266,2601126,
000019.SZ,000019,20251209,93221500,3222268,0,0,S,71400,200,3222266,2601565,
000019.SZ,000019,20251209,93221500,3222269,0,0,S,71400,5400,3222266,2601668,
000019.SZ,000019,20251209,93221500,3222270,0,0,S,71400,600,3222266,2602486,
000019.SZ,000019,20251209,93222460,3234965,0,0,B,71500,100,2952200,3234964,
000019.SZ,000019,20251209,93222460,3234966,0,0,B,71500,100,2952229,3234964,
000019.SZ,000019,20251209,93222460,3234967,0,0,B,71500,800,2964573,3234964,
000019.SZ,000019,20251209,93226050,3281079,0,0,B,71500,200,2964573,3281078,
000019.SZ,000019,20251209,93232470,3359081,0,0,S,71400,200,3359080,2602486,
000019.SZ,000019,20251209,93232470,3359082,0,0,S,71400,5600,3359080,2602792,
000019.SZ,000019,20251209,93232470,3359083,0,0,S,71400,100,3359080,2603919,
000019.SZ,000019,20251209,93232470,3359084,0,0,S,71400,100,3359080,2605843,
000019.SZ,000019,20251209,93232470,3359085,0,0,S,71400,300,3359080,2682586,
000019.SZ,000019,20251209,93232470,3359086,0,0,S,71400,1000,3359080,2694511,
000019.SZ,000019,20251209,93232470,3359087,0,0,S,71400,600,3359080,2753989,
000019.SZ,000019,20251209,93232470,3359088,0,0,S,71400,1500,3359080,2888481,
000019.SZ,000019,20251209,93232470,3359089,0,0,S,71400,100,3359080,2909011,
000019.SZ,000019,20251209,93234040,3378125,0,0,S,71400,100,3378124,2909011,
000019.SZ,000019,20251209,93239150,3437843,0,0,S,71400,100,3437842,2909011,
000019.SZ,000019,20251209,93239760,3445660,0,0,S,71400,100,3445659,2909011,
000019.SZ,000019,20251209,93239770,3445793,0,0,S,71400,1200,3445792,2909011,
000019.SZ,000019,20251209,93239770,3445794,0,0,S,71400,200,3445792,2911538,
000019.SZ,000019,20251209,93239920,3447515,0,0,S,71400,100,3447514,2911538,
000019.SZ,000019,20251209,93240150,3449922,0,0,S,71400,100,3449921,2996094,
000019.SZ,000019,20251209,93240640,3456360,0,0,S,71400,100,3456359,2996094,
000019.SZ,000019,20251209,93241940,3470258,C,0, ,0,22600,1181254,0,
000019.SZ,000019,20251209,93246150,3516518,0,0,B,71500,3500,2964573,3516517,
000019.SZ,000019,20251209,93246150,3516519,0,0,B,71500,100,3014429,3516517,
000019.SZ,000019,20251209,93246160,3516578,0,0,B,71500,100,3142923,3516577,
000019.SZ,000019,20251209,93247970,3533858,0,0,S,71400,800,3533857,2996094,
000019.SZ,000019,20251209,93248020,3534323,0,0,B,71500,300,3142923,3534322,
000019.SZ,000019,20251209,93248230,3536333,C,0, ,0,600,2829410,0,
000019.SZ,000019,20251209,93248240,3536368,C,0, ,0,1000,2829429,0,
000019.SZ,000019,20251209,93248240,3536374,C,0, ,0,700,2829414,0,
000019.SZ,000019,20251209,93251710,3574317,C,0, ,0,1300,0,3007318,
000019.SZ,000019,20251209,93251710,3574319,C,0, ,0,1200,0,3302182,
000019.SZ,000019,20251209,93251710,3574320,C,0, ,0,1000,0,3461148,
000019.SZ,000019,20251209,93259240,3653424,C,0, ,0,600,3537143,0,
000019.SZ,000019,20251209,93259250,3653492,C,0, ,0,400,2832661,0,
000019.SZ,000019,20251209,93259260,3653827,C,0, ,0,500,2832557,0,
000019.SZ,000019,20251209,93259280,3654032,C,0, ,0,600,2832360,0,
000019.SZ,000019,20251209,93259280,3654064,C,0, ,0,600,2833472,0,
000019.SZ,000019,20251209,93259320,3654545,C,0, ,0,200,2832999,0,
000019.SZ,000019,20251209,93259340,3654746,C,0, ,0,700,3537157,0,
000019.SZ,000019,20251209,93259340,3654759,C,0, ,0,1000,3537154,0,
000019.SZ,000019,20251209,93259540,3656809,C,0, ,0,1800,2832475,0,
000019.SZ,000019,20251209,93259540,3656836,C,0, ,0,400,2832478,0,
000019.SZ,000019,20251209,93301370,3679715,0,0,S,71400,500,3679714,2996094,
000019.SZ,000019,20251209,93303520,3702571,0,0,S,71400,100,3702570,2996094,
000019.SZ,000019,20251209,93303520,3702572,0,0,S,71400,3000,3702570,3001056,
000019.SZ,000019,20251209,93303520,3702573,0,0,S,71400,100,3702570,3181587,
000019.SZ,000019,20251209,93303520,3702574,0,0,S,71400,100,3702570,3194713,
000019.SZ,000019,20251209,93303520,3702575,0,0,S,71400,100,3702570,3222583,
000019.SZ,000019,20251209,93303520,3702576,0,0,S,71400,200,3702570,3339785,
000019.SZ,000019,20251209,93303520,3702577,0,0,S,71400,3400,3702570,3387749,
000019.SZ,000019,20251209,93303520,3702578,0,0,S,71400,100,3702570,3396804,
000019.SZ,000019,20251209,93303520,3702579,0,0,S,71400,100,3702570,3449912,
000019.SZ,000019,20251209,93303520,3702580,0,0,S,71400,26200,3702570,3477903,
000019.SZ,000019,20251209,93303520,3702581,0,0,S,71400,45200,3702570,3516462,
000019.SZ,000019,20251209,93303520,3702612,0,0,S,71400,4400,3702611,3516462,
000019.SZ,000019,20251209,93303520,3702627,0,0,S,71400,400,3702626,3516462,
000019.SZ,000019,20251209,93303520,3702628,0,0,S,71400,700,3702626,3557965,
000019.SZ,000019,20251209,93303520,3702629,0,0,S,71400,800,3702626,3562366,
000019.SZ,000019,20251209,93303530,3702671,0,0,S,71400,3900,3702670,3562366,
000019.SZ,000019,20251209,93303530,3702673,0,0,S,71400,300,3702672,3562366,
000019.SZ,000019,20251209,93303530,3702674,0,0,S,71400,1500,3702672,3577761,
000019.SZ,000019,20251209,93303530,3702709,C,0, ,0,7600,3702708,0,
000019.SZ,000019,20251209,93303530,3702877,C,0, ,0,5700,3702872,0,
000019.SZ,000019,20251209,93303540,3702888,C,0, ,0,300,0,2533044,
000019.SZ,000019,20251209,93303540,3702907,C,0, ,0,1300,0,2533722,
000019.SZ,000019,20251209,93304180,3710553,C,0, ,0,100,0,2534060,
000019.SZ,000019,20251209,93304540,3715201,C,0, ,0,2100,3702672,0,
000019.SZ,000019,20251209,93304540,3715224,C,0, ,0,5700,3702882,0,
000019.SZ,000019,20251209,93304660,3716757,C,0, ,0,600,3702876,0,
000019.SZ,000019,20251209,93304670,3716880,C,0, ,0,100,3702706,0,
000019.SZ,000019,20251209,93304670,3716881,C,0, ,0,7600,3702707,0,
000019.SZ,000019,20251209,93304670,3716893,C,0, ,0,5071,3702869,0,
000019.SZ,000019,20251209,93304680,3717010,C,0, ,0,3500,3703000,0,
000019.SZ,000019,20251209,93304700,3717355,C,0, ,0,800,3702879,0,
000019.SZ,000019,20251209,93304720,3717469,C,0, ,0,800,3702880,0,
000019.SZ,000019,20251209,93304990,3720663,C,0, ,0,700,3702873,0,
000019.SZ,000019,20251209,93305000,3720896,C,0, ,0,200,3702875,0,
000019.SZ,000019,20251209,93305120,3722267,0,0,B,71400,700,3702719,3722266,
000019.SZ,000019,20251209,93305290,3724462,0,0,S,71300,100,3724461,2560782,
000019.SZ,000019,20251209,93305800,3729804,0,0,B,71400,3600,3702719,3729803,
000019.SZ,000019,20251209,93305820,3729937,C,0, ,0,2600,3702960,0,
000019.SZ,000019,20251209,93305870,3730286,0,0,B,71400,2900,3702719,3730285,
000019.SZ,000019,20251209,93305870,3730287,0,0,B,71400,400,3702721,3730285,
000019.SZ,000019,20251209,93305870,3730288,0,0,B,71400,200,3703174,3730285,
000019.SZ,000019,20251209,93305870,3730289,0,0,B,71400,100,3717568,3730285,
000019.SZ,000019,20251209,93305870,3730315,0,0,S,71400,400,3730314,3730285,
000019.SZ,000019,20251209,93305870,3730317,0,0,S,71400,200,3730316,3730285,
000019.SZ,000019,20251209,93305870,3730319,0,0,S,71400,100,3730318,3730285,
000019.SZ,000019,20251209,93305870,3730321,0,0,S,71400,300,3730320,3730285,
000019.SZ,000019,20251209,93305870,3730323,0,0,S,71400,400,3730322,3730285,
000019.SZ,000019,20251209,93305870,3730325,0,0,S,71400,300,3730324,3730285,
000019.SZ,000019,20251209,93305870,3730327,0,0,S,71400,100,3730326,3730285,
000019.SZ,000019,20251209,93305870,3730329,0,0,S,71400,300,3730328,3730285,
000019.SZ,000019,20251209,93305870,3730333,0,0,S,71400,400,3730332,3730285,
000019.SZ,000019,20251209,93305880,3730370,0,0,S,71400,400,3730369,3730285,
000019.SZ,000019,20251209,93305880,3730371,0,0,S,71300,100,3730369,2562871,
000019.SZ,000019,20251209,93305880,3730372,0,0,S,71300,100,3730369,2562872,
000019.SZ,000019,20251209,93305900,3730567,0,0,B,71500,3000,3142923,3730566,
000019.SZ,000019,20251209,93306170,3733830,0,0,S,71300,1400,3733829,2615067,
000019.SZ,000019,20251209,93309020,3767405,0,0,S,71300,600,3767404,2615067,
000019.SZ,000019,20251209,93309020,3767406,0,0,S,71300,1000,3767404,2628384,
000019.SZ,000019,20251209,93309020,3767407,0,0,S,71300,1600,3767404,3116729,
000019.SZ,000019,20251209,93309020,3767408,0,0,S,71300,400,3767404,3446680,
000019.SZ,000019,20251209,93311740,3796120,C,0, ,0,13100,2333469,0,
000019.SZ,000019,20251209,93316580,3846323,0,0,S,71300,600,3846322,3446680,
000019.SZ,000019,20251209,93319380,3873464,0,0,B,71400,100,3730687,3873463,
000019.SZ,000019,20251209,93319380,3873465,0,0,B,71400,300,3734364,3873463,
000019.SZ,000019,20251209,93320700,3886442,C,0, ,0,3100,1736462,0,
000019.SZ,000019,20251209,93321420,3892909,C,0, ,0,2000,1167348,0,
000019.SZ,000019,20251209,93326110,3939045,C,0, ,0,2300,3685097,0,
000019.SZ,000019,20251209,93326510,3942794,0,0,B,71400,400,3734364,3942793,
000019.SZ,000019,20251209,93329680,3972959,0,0,B,71400,1000,3734364,3972958,
000019.SZ,000019,20251209,93332230,3997737,C,0, ,0,700,3901049,0,
000019.SZ,000019,20251209,93332230,3997738,C,0, ,0,300,3791125,0,
000019.SZ,000019,20251209,93332250,3997856,C,0, ,0,700,3791129,0,
000019.SZ,000019,20251209,93332250,3997888,C,0, ,0,600,3791119,0,
000019.SZ,000019,20251209,93332260,3998041,C,0, ,0,400,3791313,0,
000019.SZ,000019,20251209,93332280,3998195,C,0, ,0,500,3791662,0,
000019.SZ,000019,20251209,93334400,4018226,C,0, ,0,600,0,3845990,
000019.SZ,000019,20251209,93337990,4051170,C,0, ,0,1500,448918,0,
000019.SZ,000019,20251209,93341120,4083577,0,0,S,71300,200,4083576,3446680,
000019.SZ,000019,20251209,93347600,4150019,C,0, ,0,900,3945676,0,
000019.SZ,000019,20251209,93347830,4152368,C,0, ,0,13000,0,3518075,
000019.SZ,000019,20251209,93350600,4180950,C,0, ,0,10000,493893,0,
000019.SZ,000019,20251209,93352210,4196585,C,0, ,0,600,3998404,0,
000019.SZ,000019,20251209,93352220,4196771,C,0, ,0,1000,3998212,0,
000019.SZ,000019,20251209,93352230,4196874,C,0, ,0,700,3998200,0,
000019.SZ,000019,20251209,93352260,4197247,C,0, ,0,1800,3998691,0,
000019.SZ,000019,20251209,93352260,4197248,C,0, ,0,600,3999603,0,
000019.SZ,000019,20251209,93352260,4197263,C,0, ,0,500,3998690,0,
000019.SZ,000019,20251209,93356130,4234736,C,0, ,0,700,0,3024140,
000019.SZ,000019,20251209,93357180,4243342,0,0,S,71300,1900,4243341,3446680,
000019.SZ,000019,20251209,93357180,4243343,0,0,S,71300,400,4243341,3513289,
000019.SZ,000019,20251209,93401410,4287543,0,0,S,71300,1500,4287542,3513289,
000019.SZ,000019,20251209,93401870,4292556,0,0,S,71300,1100,4292555,3513289,
000019.SZ,000019,20251209,93401870,4292557,0,0,S,71300,200,4292555,3733587,
000019.SZ,000019,20251209,93401870,4292558,0,0,S,71300,500,4292555,3778657,
000019.SZ,000019,20251209,93401870,4292559,0,0,S,71300,200,4292555,3876506,
000019.SZ,000019,20251209,93401870,4292560,0,0,S,71300,100,4292555,3907883,
000019.SZ,000019,20251209,93401870,4292561,0,0,S,71300,100,4292555,3916074,
000019.SZ,000019,20251209,93401870,4292562,0,0,S,71300,2800,4292555,3940224,
000019.SZ,000019,20251209,93401870,4292563,0,0,S,71300,3800,4292555,3953473,
000019.SZ,000019,20251209,93401870,4292564,0,0,S,71300,600,4292555,4059438,
000019.SZ,000019,20251209,93401870,4292565,0,0,S,71300,600,4292555,4064698,
000019.SZ,000019,20251209,93402210,4295560,C,0, ,0,13100,4020688,0,
000019.SZ,000019,20251209,93402660,4300059,0,0,B,71400,700,3734364,4300058,
000019.SZ,000019,20251209,93402870,4301645,0,0,B,71400,1000,3734364,4301644,
000019.SZ,000019,20251209,93404320,4316539,0,0,S,71300,1500,4316538,4064698,
000019.SZ,000019,20251209,93405490,4327791,0,0,S,71300,100,4327790,4064698,
000019.SZ,000019,20251209,93406140,4333751,0,0,S,71300,4300,4333750,4064698,
000019.SZ,000019,20251209,93407330,4345735,0,0,S,71300,1700,4345734,4064698,
000019.SZ,000019,20251209,93408000,4352733,C,0, ,0,100,2056114,0,
000019.SZ,000019,20251209,93411080,4381190,C,0, ,0,100,0,4332284,
000019.SZ,000019,20251209,93411080,4381200,C,0, ,0,100,0,4332282,
000019.SZ,000019,20251209,93411080,4381243,C,0, ,0,100,0,4332283,
000019.SZ,000019,20251209,93411090,4381254,C,0, ,0,100,0,4332281,
000019.SZ,000019,20251209,93414260,4410661,C,0, ,0,600,3791218,0,
000019.SZ,000019,20251209,93414260,4410673,C,0, ,0,400,3791226,0,
000019.SZ,000019,20251209,93414280,4410825,C,0, ,0,200,3791892,0,
000019.SZ,000019,20251209,93420470,4467968,0,0,S,71300,200,4467967,4064698,
000019.SZ,000019,20251209,93420470,4467969,0,0,S,71300,900,4467967,4134184,
000019.SZ,000019,20251209,93423080,4492578,0,0,S,71300,600,4492577,4134184,
000019.SZ,000019,20251209,93423080,4492579,0,0,S,71300,1700,4492577,4228209,
000019.SZ,000019,20251209,93423080,4492580,0,0,S,71300,600,4492577,4243130,
000019.SZ,000019,20251209,93427110,4527260,0,0,B,71400,300,3734364,4527259,
000019.SZ,000019,20251209,93427110,4527261,0,0,B,71400,100,3771805,4527259,
000019.SZ,000019,20251209,93427110,4527262,0,0,B,71400,3100,3986740,4527259,
000019.SZ,000019,20251209,93427110,4527263,0,0,B,71400,2000,4240255,4527259,
000019.SZ,000019,20251209,93427110,4527264,0,0,B,71400,1800,4250279,4527259,
000019.SZ,000019,20251209,93427120,4527334,C,0, ,0,100,3181606,0,
000019.SZ,000019,20251209,93427120,4527340,C,0, ,0,100,3181588,0,
000019.SZ,000019,20251209,93427120,4527346,C,0, ,0,100,3181569,0,
000019.SZ,000019,20251209,93427120,4527347,C,0, ,0,100,3181591,0,
000019.SZ,000019,20251209,93427120,4527348,C,0, ,0,100,3181568,0,
000019.SZ,000019,20251209,93434250,4591336,C,0, ,0,600,4411690,0,
000019.SZ,000019,20251209,93434250,4591360,C,0, ,0,400,4411695,0,
000019.SZ,000019,20251209,93434250,4591411,C,0, ,0,400,4411772,0,
000019.SZ,000019,20251209,93434250,4591412,C,0, ,0,1000,4410674,0,
000019.SZ,000019,20251209,93434260,4591523,C,0, ,0,700,4410671,0,
000019.SZ,000019,20251209,93434260,4591530,C,0, ,0,600,4410672,0,
000019.SZ,000019,20251209,93434260,4591541,C,0, ,0,1800,4411766,0,
000019.SZ,000019,20251209,93434270,4591616,C,0, ,0,200,4412181,0,
000019.SZ,000019,20251209,93434290,4591873,C,0, ,0,500,4411763,0,
000019.SZ,000019,20251209,93434300,4591982,C,0, ,0,600,4412632,0,
000019.SZ,000019,20251209,93438530,4627296,C,0, ,0,2500,3571006,0,
000019.SZ,000019,20251209,93443600,4669955,0,0,B,71400,2000,4250279,4669954,
000019.SZ,000019,20251209,93447890,4706174,C,0, ,0,3000,158242,0,
000019.SZ,000019,20251209,93449710,4722249,0,0,B,71400,500,4250279,4722248,
000019.SZ,000019,20251209,93449710,4722250,0,0,B,71400,300,4385064,4722248,
000019.SZ,000019,20251209,93449710,4722251,0,0,B,71400,200,4389645,4722248,
000019.SZ,000019,20251209,93449710,4722252,0,0,B,71400,700,4416138,4722248,
000019.SZ,000019,20251209,93449710,4722253,0,0,B,71400,100,4553461,4722248,
000019.SZ,000019,20251209,93449710,4722254,0,0,B,71400,100,4553465,4722248,
000019.SZ,000019,20251209,93449710,4722255,0,0,B,71400,100,4553466,4722248,
000019.SZ,000019,20251209,93449710,4722256,0,0,B,71400,100,4553474,4722248,
000019.SZ,000019,20251209,93449710,4722257,0,0,B,71400,100,4553477,4722248,
000019.SZ,000019,20251209,93449710,4722258,0,0,B,71400,100,4588023,4722248,
000019.SZ,000019,20251209,93449710,4722259,0,0,B,71400,600,4592613,4722248,
000019.SZ,000019,20251209,93449710,4722260,0,0,B,71400,400,4592617,4722248,
000019.SZ,000019,20251209,93449710,4722261,0,0,B,71400,400,4592683,4722248,
000019.SZ,000019,20251209,93449710,4722262,0,0,B,71400,500,4592687,4722248,
000019.SZ,000019,20251209,93449710,4722263,0,0,B,71400,200,4592699,4722248,
000019.SZ,000019,20251209,93450380,4727897,0,0,B,71400,1200,4592699,4727896,
000019.SZ,000019,20251209,93455830,4776399,0,0,B,71400,400,4592699,4776398,
000019.SZ,000019,20251209,93455830,4776400,0,0,B,71400,600,4592915,4776398,
000019.SZ,000019,20251209,93455830,4776401,0,0,B,71400,200,4593137,4776398,
000019.SZ,000019,20251209,93455830,4776402,0,0,B,71400,1000,4593729,4776398,
000019.SZ,000019,20251209,93455830,4776403,0,0,B,71400,700,4593730,4776398,
000019.SZ,000019,20251209,93455830,4776404,0,0,B,71400,600,4593761,4776398,
000019.SZ,000019,20251209,93455830,4776405,0,0,B,71400,100,4690208,4776398,
000019.SZ,000019,20251209,93455830,4776406,0,0,B,71400,3000,4728339,4776398,
000019.SZ,000019,20251209,93455830,4776407,0,0,B,71400,660,4763667,4776398,
000019.SZ,000019,20251209,93457150,4787743,0,0,S,71400,2900,4787742,4776398,
000019.SZ,000019,20251209,93457740,4793400,C,0, ,0,2500,0,4243130,
000019.SZ,000019,20251209,93458500,4801276,0,0,B,71500,1400,3142923,4801275,
000019.SZ,000019,20251209,93459770,4811817,C,0, ,0,100,4022630,0,
000019.SZ,000019,20251209,93501260,4830700,0,0,S,71400,100,4830699,4776398,
000019.SZ,000019,20251209,93503170,4849919,0,0,S,71400,12340,4849918,4776398,
000019.SZ,000019,20251209,93503170,4849920,0,0,S,71400,500,4849918,4788604,
000019.SZ,000019,20251209,93503170,4849921,0,0,S,71400,3700,4849918,4796364,
000019.SZ,000019,20251209,93503170,4849922,0,0,S,71400,8700,4849918,4801277,
000019.SZ,000019,20251209,93503170,4849923,0,0,S,71400,1560,4849918,4809262,
000019.SZ,000019,20251209,93503380,4852428,C,0, ,0,1600,0,2533206,
000019.SZ,000019,20251209,93506130,4887334,0,0,S,71400,100,4887333,4809262,
000019.SZ,000019,20251209,93506500,4892290,0,0,S,71400,1700,4892289,4809262,
000019.SZ,000019,20251209,93510400,4937800,C,0, ,0,100,1327649,0,
000019.SZ,000019,20251209,93512600,4970735,C,0, ,0,900,256140,0,
000019.SZ,000019,20251209,93513380,4981826,0,0,S,71400,100,4981825,4809262,
000019.SZ,000019,20251209,93517710,5031523,0,0,B,71500,200,3142923,5031522,
000019.SZ,000019,20251209,93517710,5031524,0,0,B,71500,800,3326287,5031522,
000019.SZ,000019,20251209,93518490,5038632,C,0, ,0,10000,0,436125,
000019.SZ,000019,20251209,93521150,5063139,C,0, ,0,100,1503022,0,
000019.SZ,000019,20251209,93528680,5133548,0,0,B,71500,500,3356557,5133547,
000019.SZ,000019,20251209,93532570,5167962,0,0,B,71500,100,3356557,5167961,
000019.SZ,000019,20251209,93539160,5234233,0,0,S,71400,1200,5234232,4809262,
000019.SZ,000019,20251209,93539970,5244149,C,0, ,0,800,3595405,0,
000019.SZ,000019,20251209,93543450,5281062,0,0,B,71500,400,3409715,5281061,
000019.SZ,000019,20251209,93545220,5296595,0,0,B,71500,6900,3409715,5296594,
000019.SZ,000019,20251209,93550320,5347904,0,0,B,71500,400,3409715,5347903,
000019.SZ,000019,20251209,93555480,5397940,C,0, ,0,800,4516333,0,
000019.SZ,000019,20251209,93555980,5401930,C,0, ,0,600,0,3049506,
000019.SZ,000019,20251209,93604270,5486558,C,0, ,0,600,0,4816473,
000019.SZ,000019,20251209,93604470,5488531,0,0,S,71400,2700,5488530,4809262,
000019.SZ,000019,20251209,93605250,5495770,0,0,S,71400,500,5495769,4809262,
000019.SZ,000019,20251209,93605260,5495907,0,0,B,71500,800,3409715,5495906,
000019.SZ,000019,20251209,93605540,5499226,0,0,S,71400,400,5499225,4809262,
000019.SZ,000019,20251209,93606190,5505511,0,0,S,71400,300,5505510,4809262,
000019.SZ,000019,20251209,93606980,5513880,0,0,S,71400,100,5513879,4809262,
000019.SZ,000019,20251209,93607320,5517505,0,0,S,71400,2800,5517504,4809262,
000019.SZ,000019,20251209,93609320,5535166,C,0, ,0,100,0,5278272,
000019.SZ,000019,20251209,93610940,5554220,C,0, ,0,900,5092098,0,
000019.SZ,000019,20251209,93611740,5562365,0,0,S,71400,300,5562364,4809262,
000019.SZ,000019,20251209,93613920,5584353,0,0,B,71500,100,3409715,5584352,
000019.SZ,000019,20251209,93613920,5584357,0,0,B,71500,100,3409715,5584356,
000019.SZ,000019,20251209,93613920,5584361,0,0,B,71500,100,3409715,5584360,
000019.SZ,000019,20251209,93613920,5584363,0,0,B,71500,100,3409715,5584362,
000019.SZ,000019,20251209,93613920,5584367,0,0,B,71500,100,3409715,5584366,
000019.SZ,000019,20251209,93613920,5584401,0,0,B,71500,200,3409715,5584400,
000019.SZ,000019,20251209,93613920,5584404,0,0,B,71500,100,3409715,5584403,
000019.SZ,000019,20251209,93613920,5584406,0,0,B,71500,100,3409715,5584405,
000019.SZ,000019,20251209,93613920,5584409,0,0,B,71500,500,3409715,5584408,
000019.SZ,000019,20251209,93613920,5584411,0,0,B,71500,300,3409715,5584410,
000019.SZ,000019,20251209,93613920,5584413,0,0,B,71500,200,3409715,5584412,
000019.SZ,000019,20251209,93613920,5584417,0,0,B,71500,100,3409715,5584416,
000019.SZ,000019,20251209,93613920,5584419,0,0,B,71500,200,3409715,5584418,
000019.SZ,000019,20251209,93613920,5584421,0,0,B,71500,100,3409715,5584420,
000019.SZ,000019,20251209,93613920,5584425,0,0,B,71500,1100,3409715,5584424,
000019.SZ,000019,20251209,93613920,5584444,0,0,B,71500,13800,3409715,5584443,
000019.SZ,000019,20251209,93613920,5584445,0,0,B,71500,400,3658977,5584443,
000019.SZ,000019,20251209,93613930,5584457,0,0,B,71500,200,3658977,5584456,
000019.SZ,000019,20251209,93613930,5584459,0,0,B,71500,100,3658977,5584458,
000019.SZ,000019,20251209,93613930,5584460,0,0,B,71500,15400,4797014,5584458,
000019.SZ,000019,20251209,93613930,5584466,0,0,B,71500,3600,4797014,5584465,
000019.SZ,000019,20251209,93613930,5584467,0,0,B,71500,100,5016414,5584465,
000019.SZ,000019,20251209,93613930,5584468,0,0,B,71500,100,5016427,5584465,
000019.SZ,000019,20251209,93613930,5584469,0,0,B,71500,100,5016553,5584465,
000019.SZ,000019,20251209,93613930,5584470,0,0,B,71500,2400,5132758,5584465,
000019.SZ,000019,20251209,93613930,5584471,0,0,B,71500,800,5354422,5584465,
000019.SZ,000019,20251209,93613930,5584472,0,0,B,71500,4500,5404568,5584465,
000019.SZ,000019,20251209,93613930,5584473,0,0,B,71500,100,5410760,5584465,
000019.SZ,000019,20251209,93613930,5584474,0,0,B,71500,100,5469297,5584465,
000019.SZ,000019,20251209,93613930,5584475,0,0,B,71500,100,5505779,5584465,
000019.SZ,000019,20251209,93613930,5584476,0,0,B,71500,100,5535847,5584465,
000019.SZ,000019,20251209,93613940,5584580,0,0,B,71600,700,2072065,5584579,
000019.SZ,000019,20251209,93613940,5584593,0,0,B,71600,100,2072065,5584592,
000019.SZ,000019,20251209,93613940,5584595,0,0,B,71600,100,2072065,5584594,
000019.SZ,000019,20251209,93613940,5584597,0,0,B,71600,100,2072065,5584596,
000019.SZ,000019,20251209,93613940,5584598,0,0,B,71600,100,2733677,5584596,
000019.SZ,000019,20251209,93613940,5584607,C,0, ,0,100,3702610,0,
000019.SZ,000019,20251209,93613940,5584634,0,0,B,71600,100,2733677,5584633,
000019.SZ,000019,20251209,93613940,5584642,0,0,B,71600,1300,2733677,5584641,
000019.SZ,000019,20251209,93613940,5584643,0,0,B,71600,6900,3690533,5584641,
000019.SZ,000019,20251209,93613940,5584644,0,0,B,71600,100,4983196,5584641,
000019.SZ,000019,20251209,93613940,5584645,0,0,B,71600,100,5104421,5584641,
000019.SZ,000019,20251209,93613950,5584663,0,0,B,71600,900,5104421,5584662,
000019.SZ,000019,20251209,93613950,5584688,0,0,B,71600,700,5104421,5584687,
000019.SZ,000019,20251209,93613950,5584690,0,0,B,71600,1200,5104421,5584689,
000019.SZ,000019,20251209,93613950,5584692,0,0,B,71600,400,5104421,5584691,
000019.SZ,000019,20251209,93613950,5584694,0,0,B,71600,200,5104421,5584693,
000019.SZ,000019,20251209,93613950,5584696,0,0,B,71600,5500,5104421,5584695,
000019.SZ,000019,20251209,93613950,5584697,0,0,B,71600,100,5210835,5584695,
000019.SZ,000019,20251209,93613950,5584698,0,0,B,71600,800,5515234,5584695,
000019.SZ,000019,20251209,93613950,5584777,0,0,B,71700,100,1535296,5584776,
000019.SZ,000019,20251209,93613950,5584778,0,0,B,71700,100,1539217,5584776,
000019.SZ,000019,20251209,93613950,5584779,0,0,B,71700,1200,1679712,5584776,
000019.SZ,000019,20251209,93613950,5584780,0,0,B,71700,1800,1739113,5584776,
000019.SZ,000019,20251209,93613950,5584781,0,0,B,71700,200,2804355,5584776,
000019.SZ,000019,20251209,93613960,5584875,0,0,B,71700,600,2804355,5584874,
000019.SZ,000019,20251209,93613960,5584882,0,0,B,71700,600,2804355,5584881,
000019.SZ,000019,20251209,93613960,5584884,0,0,B,71700,400,2804355,5584883,
000019.SZ,000019,20251209,93613960,5584912,0,0,B,71700,600,2804355,5584911,
000019.SZ,000019,20251209,93613960,5584930,0,0,B,71700,400,2804355,5584929,
000019.SZ,000019,20251209,93613970,5584961,0,0,B,71700,100,2804355,5584960,
000019.SZ,000019,20251209,93613970,5584964,0,0,B,71700,2100,2804355,5584963,
000019.SZ,000019,20251209,93613970,5584965,0,0,B,71700,100,3410002,5584963,
000019.SZ,000019,20251209,93613970,5584981,0,0,B,71700,4300,3410002,5584980,
000019.SZ,000019,20251209,93613970,5584992,0,0,B,71700,400,3410002,5584991,
000019.SZ,000019,20251209,93613970,5585040,0,0,B,71700,100,3410002,5585039,
000019.SZ,000019,20251209,93614000,5585313,0,0,B,71700,100,3410002,5585312,
000019.SZ,000019,20251209,93614010,5585340,0,0,B,71700,100,3410002,5585339,
000019.SZ,000019,20251209,93614340,5588756,0,0,S,71600,7000,5588755,5584695,
000019.SZ,000019,20251209,93614410,5589521,0,0,B,71700,700,3410002,5589520,
000019.SZ,000019,20251209,93614670,5591980,0,0,B,71700,7900,3410002,5591979,
000019.SZ,000019,20251209,93614670,5591981,0,0,B,71700,1500,3493155,5591979,
000019.SZ,000019,20251209,93614680,5592074,C,0, ,0,2300,5588869,0,
000019.SZ,000019,20251209,93614680,5592144,0,0,B,71700,100,3493155,5592143,
000019.SZ,000019,20251209,93614690,5592311,0,0,B,71700,3400,3493155,5592310,
000019.SZ,000019,20251209,93614710,5592559,C,0, ,0,2100,0,2533183,
000019.SZ,000019,20251209,93614710,5592563,C,0, ,0,300,0,2533180,
000019.SZ,000019,20251209,93614720,5592889,C,0, ,0,100,0,2533506,
000019.SZ,000019,20251209,93614740,5593025,C,0, ,0,1300,0,2533798,
000019.SZ,000019,20251209,93614740,5593026,C,0, ,0,1100,0,2533803,
000019.SZ,000019,20251209,93614740,5593028,C,0, ,0,300,0,2533796,
000019.SZ,000019,20251209,93614740,5593056,C,0, ,0,900,0,2533844,
000019.SZ,000019,20251209,93614740,5593064,C,0, ,0,1000,0,2533849,
000019.SZ,000019,20251209,93614900,5595001,0,0,S,71600,4800,5595000,5584695,
000019.SZ,000019,20251209,93614900,5595002,0,0,S,71600,800,5595000,5584699,
000019.SZ,000019,20251209,93614900,5595003,0,0,S,71600,200,5595000,5584700,
000019.SZ,000019,20251209,93614900,5595004,0,0,S,71600,600,5595000,5584701,
000019.SZ,000019,20251209,93614900,5595005,0,0,S,71600,1500,5595000,5584702,
000019.SZ,000019,20251209,93614900,5595006,0,0,S,71600,1400,5595000,5584703,
000019.SZ,000019,20251209,93614900,5595007,0,0,S,71600,1900,5595000,5584704,
000019.SZ,000019,20251209,93614900,5595008,0,0,S,71600,400,5595000,5584705,
000019.SZ,000019,20251209,93614900,5595009,0,0,S,71600,1100,5595000,5584706,
000019.SZ,000019,20251209,93614900,5595010,0,0,S,71600,400,5595000,5584707,
000019.SZ,000019,20251209,93614900,5595050,C,0, ,0,500,0,2533230,
000019.SZ,000019,20251209,93614900,5595051,C,0, ,0,1600,0,2533247,
000019.SZ,000019,20251209,93614900,5595052,C,0, ,0,1200,0,2533195,
000019.SZ,000019,20251209,93614900,5595055,C,0, ,0,900,0,2533207,
000019.SZ,000019,20251209,93614900,5595056,C,0, ,0,1900,0,2533256,
000019.SZ,000019,20251209,93614900,5595057,C,0, ,0,1900,0,2533221,
000019.SZ,000019,20251209,93614900,5595058,C,0, ,0,400,0,2533257,
000019.SZ,000019,20251209,93614900,5595065,C,0, ,0,2000,0,2533205,
000019.SZ,000019,20251209,93614950,5595352,C,0, ,0,100,0,5584560,
000019.SZ,000019,20251209,93615030,5596019,C,0, ,0,44800,0,5584479,
000019.SZ,000019,20251209,93615040,5596146,C,0, ,0,100,0,5584717,
000019.SZ,000019,20251209,93615040,5596157,C,0, ,0,100,0,5584711,
000019.SZ,000019,20251209,93615040,5596158,C,0, ,0,100,0,5584715,
000019.SZ,000019,20251209,93615040,5596159,C,0, ,0,300,0,5584713,
000019.SZ,000019,20251209,93615040,5596165,C,0, ,0,2700,0,5584872,
000019.SZ,000019,20251209,93615040,5596168,C,0, ,0,100,0,5584885,
000019.SZ,000019,20251209,93615040,5596206,0,0,B,71700,600,5596144,5596205,
000019.SZ,000019,20251209,93615040,5596209,C,0, ,0,200,0,5584716,
000019.SZ,000019,20251209,93615040,5596213,C,0, ,0,100,0,5584708,
000019.SZ,000019,20251209,93615040,5596215,0,0,B,71700,1700,5596144,5596214,
000019.SZ,000019,20251209,93615040,5596216,C,0, ,0,3200,0,5584589,
000019.SZ,000019,20251209,93615040,5596220,C,0, ,0,100,0,5584783,
000019.SZ,000019,20251209,93615060,5596318,0,0,S,71700,200,5596317,5596214,
000019.SZ,000019,20251209,93615060,5596320,0,0,S,71700,100,5596319,5596214,
000019.SZ,000019,20251209,93615060,5596322,0,0,S,71700,300,5596321,5596214,
000019.SZ,000019,20251209,93615120,5596939,0,0,B,71700,2000,5596321,5596938,
000019.SZ,000019,20251209,93615120,5596940,0,0,B,71700,100,5596323,5596938,
000019.SZ,000019,20251209,93615120,5596941,0,0,B,71700,100,5596325,5596938,
000019.SZ,000019,20251209,93615200,5597727,0,0,B,71700,400,5597700,5597726,
000019.SZ,000019,20251209,93615200,5597728,0,0,B,71700,1000,5597701,5597726,
000019.SZ,000019,20251209,93615250,5598103,C,0, ,0,500,0,5296790,
000019.SZ,000019,20251209,93615250,5598118,C,0, ,0,2000,0,2534309,
000019.SZ,000019,20251209,93615360,5599435,C,0, ,0,3000,0,5349704,
000019.SZ,000019,20251209,93615410,5599882,C,0, ,0,100,0,5426075,
000019.SZ,000019,20251209,93615420,5600013,C,0, ,0,100,0,5535548,
000019.SZ,000019,20251209,93615470,5600386,0,0,S,71600,900,5600385,5584707,
000019.SZ,000019,20251209,93615680,5602191,0,0,B,71700,1000,5597706,5602190,
000019.SZ,000019,20251209,93615680,5602192,0,0,B,71700,2000,5597729,5602190,
000019.SZ,000019,20251209,93615690,5602224,0,0,B,71700,300,5597729,5602223,
000019.SZ,000019,20251209,93615690,5602225,0,0,B,71700,100,5597784,5602223,
000019.SZ,000019,20251209,93615880,5604167,0,0,B,71700,100,5604110,5604166,
000019.SZ,000019,20251209,93615880,5604169,0,0,B,71700,100,5604160,5604168,
000019.SZ,000019,20251209,93615880,5604171,0,0,B,71700,100,5604160,5604170,
000019.SZ,000019,20251209,93615880,5604177,0,0,B,71700,100,5604160,5604176,
000019.SZ,000019,20251209,93615880,5604179,0,0,B,71700,100,5604160,5604178,
000019.SZ,000019,20251209,93615880,5604219,0,0,B,71700,1900,5604160,5604218,
000019.SZ,000019,20251209,93615980,5604999,C,0, ,0,100,0,5135785,
000019.SZ,000019,20251209,93615980,5605002,C,0, ,0,200,0,5135786,
000019.SZ,000019,20251209,93615990,5605060,C,0, ,0,200,0,4721149,
000019.SZ,000019,20251209,93615990,5605061,C,0, ,0,700,0,4726006,
000019.SZ,000019,20251209,93616050,5605672,C,0, ,0,5100,0,5584557,
000019.SZ,000019,20251209,93616050,5605673,C,0, ,0,5800,0,5584558,
000019.SZ,000019,20251209,93616050,5605674,C,0, ,0,300,0,5584565,
000019.SZ,000019,20251209,93616940,5614845,C,0, ,0,1200,0,5584563,
000019.SZ,000019,20251209,93616940,5614846,C,0, ,0,600,0,5584562,
000019.SZ,000019,20251209,93616940,5614847,C,0, ,0,100,0,5584570,
000019.SZ,000019,20251209,93616940,5614848,C,0, ,0,500,0,5584566,
000019.SZ,000019,20251209,93616940,5614849,C,0, ,0,200,0,5584567,
000019.SZ,000019,20251209,93616940,5614850,C,0, ,0,100,0,5584559,
000019.SZ,000019,20251209,93616940,5614851,C,0, ,0,500,0,5584564,
000019.SZ,000019,20251209,93616940,5614852,C,0, ,0,500,0,5584568,
000019.SZ,000019,20251209,93616940,5614853,C,0, ,0,100,0,5584576,
000019.SZ,000019,20251209,93616940,5614854,C,0, ,0,100,0,5584572,
000019.SZ,000019,20251209,93616940,5614855,C,0, ,0,800,0,5584577,
000019.SZ,000019,20251209,93616940,5614856,C,0, ,0,200,0,5584569,
000019.SZ,000019,20251209,93616940,5614857,C,0, ,0,500,0,5584575,
000019.SZ,000019,20251209,93616940,5614858,C,0, ,0,600,0,5584573,
000019.SZ,000019,20251209,93616940,5614859,C,0, ,0,1100,0,5584581,
000019.SZ,000019,20251209,93616940,5614860,C,0, ,0,500,0,5584571,
000019.SZ,000019,20251209,93616940,5614862,C,0, ,0,100,0,5584586,
000019.SZ,000019,20251209,93616950,5614892,C,0, ,0,200,0,5584660,
000019.SZ,000019,20251209,93616970,5615041,C,0, ,0,800,0,5584888,
000019.SZ,000019,20251209,93616980,5615143,C,0, ,0,800,0,5584746,
000019.SZ,000019,20251209,93617450,5620397,C,0, ,0,1900,0,5584739,
000019.SZ,000019,20251209,93617710,5622889,C,0, ,0,900,0,5584770,
000019.SZ,000019,20251209,93617740,5623110,C,0, ,0,1200,0,5584719,
000019.SZ,000019,20251209,93618190,5626339,C,0, ,0,2000,0,5515387,
000019.SZ,000019,20251209,93618270,5627414,0,0,S,71700,200,5627413,5604218,
000019.SZ,000019,20251209,93618270,5627415,0,0,S,71700,300,5627413,5619816,
000019.SZ,000019,20251209,93618270,5627419,0,0,S,71700,200,5627418,5619816,
000019.SZ,000019,20251209,93618270,5627420,0,0,S,71700,100,5627418,5620381,
000019.SZ,000019,20251209,93618270,5627480,0,0,B,71700,300,5627418,5627479,
000019.SZ,000019,20251209,93618320,5628379,0,0,B,71700,200,5627418,5628378,
000019.SZ,000019,20251209,93618320,5628380,0,0,B,71700,1100,5627421,5628378,
000019.SZ,000019,20251209,93618320,5628381,0,0,B,71700,1100,5627458,5628378,
000019.SZ,000019,20251209,93618320,5628382,0,0,B,71700,2300,5627521,5628378,
000019.SZ,000019,20251209,93618330,5628598,C,0, ,0,1400,0,5584791,
000019.SZ,000019,20251209,93618410,5629406,C,0, ,0,100,0,4521416,
000019.SZ,000019,20251209,93618550,5630765,C,0, ,0,1700,0,5584867,
000019.SZ,000019,20251209,93618630,5631489,C,0, ,0,4000,0,5584785,
000019.SZ,000019,20251209,93618800,5632707,C,0, ,0,1300,0,5584707,
000019.SZ,000019,20251209,93618920,5633708,C,0, ,0,11500,0,5584709,
000019.SZ,000019,20251209,93618930,5633718,C,0, ,0,3400,0,5584465,
000019.SZ,000019,20251209,93619010,5634332,0,0,B,71700,100,5629376,5634331,
000019.SZ,000019,20251209,93619060,5634846,0,0,B,71700,100,5629376,5634845,
000019.SZ,000019,20251209,93619060,5634847,0,0,B,71700,2300,5629486,5634845,
000019.SZ,000019,20251209,93619070,5634959,0,0,B,71800,1100,827676,5634958,
000019.SZ,000019,20251209,93619070,5634960,0,0,B,71800,7000,923841,5634958,
000019.SZ,000019,20251209,93619710,5641686,C,0, ,0,400,0,5584750,
000019.SZ,000019,20251209,93619750,5642184,0,0,S,71700,100,5642183,5634845,
000019.SZ,000019,20251209,93619760,5642330,C,0, ,0,9300,4090929,0,
000019.SZ,000019,20251209,93619880,5643329,C,0, ,0,1800,0,5584710,
000019.SZ,000019,20251209,93620040,5644536,C,0, ,0,1300,0,5584714,
000019.SZ,000019,20251209,93620050,5644626,C,0, ,0,1400,0,5584718,
000019.SZ,000019,20251209,93620190,5645798,C,0, ,0,300,0,5584742,
000019.SZ,000019,20251209,93620540,5649308,C,0, ,0,8400,0,5038609,
000019.SZ,000019,20251209,93620580,5649619,C,0, ,0,1700,0,5584782,
000019.SZ,000019,20251209,93620910,5651963,C,0, ,0,2300,0,5584947,
000019.SZ,000019,20251209,93621120,5653641,C,0, ,0,2800,0,5584873,
000019.SZ,000019,20251209,93621230,5654377,C,0, ,0,700,0,5584962,
000019.SZ,000019,20251209,93621320,5655232,C,0, ,0,2000,0,5584771,
000019.SZ,000019,20251209,93621400,5655961,C,0, ,0,900,0,5584712,
000019.SZ,000019,20251209,93621480,5656484,C,0, ,0,2100,0,5584747,
000019.SZ,000019,20251209,93621740,5658500,C,0, ,0,2200,0,5584772,
000019.SZ,000019,20251209,93622190,5662649,C,0, ,0,1600,0,5584774,
000019.SZ,000019,20251209,93622540,5665874,C,0, ,0,400,0,5584769,
000019.SZ,000019,20251209,93622840,5668061,C,0, ,0,700,0,5584740,
000019.SZ,000019,20251209,93624120,5677499,C,0, ,0,1000,481115,0,
000019.SZ,000019,20251209,93624510,5681368,C,0, ,0,100,0,5090780,
000019.SZ,000019,20251209,93625070,5685830,C,0, ,0,1900,0,4861334,
000019.SZ,000019,20251209,93625580,5691016,C,0, ,0,1500,0,4836005,
000019.SZ,000019,20251209,93628310,5714568,C,0, ,0,113600,2283393,0,
000019.SZ,000019,20251209,93629660,5725395,0,0,S,71700,300,5725394,5634845,
000019.SZ,000019,20251209,93629670,5725469,C,0, ,0,100,5605055,0,
000019.SZ,000019,20251209,93630250,5730173,C,0, ,0,500,0,4817199,
000019.SZ,000019,20251209,93630640,5733609,C,0, ,0,3000,0,4553409,
000019.SZ,000019,20251209,93630870,5735655,0,0,S,71700,1000,5735654,5634845,
000019.SZ,000019,20251209,93632250,5747316,0,0,S,71700,1100,5747315,5634845,
000019.SZ,000019,20251209,93632260,5747385,0,0,S,71700,100,5747384,5634845,
000019.SZ,000019,20251209,93633370,5755610,C,0, ,0,1500,4127230,0,
000019.SZ,000019,20251209,93633570,5757459,C,0, ,0,900,0,4931723,
000019.SZ,000019,20251209,93636660,5783815,0,0,B,71800,3000,923841,5783814,
000019.SZ,000019,20251209,93637100,5787123,C,0, ,0,600,0,2517469,
000019.SZ,000019,20251209,93637400,5789857,C,0, ,0,2000,0,5328193,
000019.SZ,000019,20251209,93637670,5792130,C,0, ,0,1000,5416225,0,
000019.SZ,000019,20251209,93637670,5792169,C,0, ,0,1500,476837,0,
000019.SZ,000019,20251209,93638350,5797360,0,0,B,71800,500,1078804,5797359,
000019.SZ,000019,20251209,93638350,5797361,0,0,B,71800,200,1093562,5797359,
000019.SZ,000019,20251209,93639240,5802879,0,0,S,71700,300,5802878,5634845,
000019.SZ,000019,20251209,93639280,5803321,0,0,S,71700,2800,5803320,5634845,
000019.SZ,000019,20251209,93639280,5803322,0,0,S,71700,200,5803320,5641518,
000019.SZ,000019,20251209,93639280,5803323,0,0,S,71700,500,5803320,5678078,
000019.SZ,000019,20251209,93639280,5803324,0,0,S,71700,100,5803320,5681353,
000019.SZ,000019,20251209,93639280,5803325,0,0,S,71700,200,5803320,5719590,
000019.SZ,000019,20251209,93639280,5803326,0,0,S,71700,200,5803320,5729768,
000019.SZ,000019,20251209,93639280,5803327,0,0,S,71700,100,5803320,5730883,
000019.SZ,000019,20251209,93639280,5803328,0,0,S,71700,100,5803320,5731085,
000019.SZ,000019,20251209,93639280,5803329,0,0,S,71700,200,5803320,5733125,
000019.SZ,000019,20251209,93639280,5803330,0,0,S,71700,200,5803320,5734751,
000019.SZ,000019,20251209,93639280,5803331,0,0,S,71700,700,5803320,5738207,
000019.SZ,000019,20251209,93639280,5803332,0,0,S,71700,100,5803320,5744514,
000019.SZ,000019,20251209,93639280,5803333,0,0,S,71700,300,5803320,5744549,
000019.SZ,000019,20251209,93639280,5803334,0,0,S,71700,1000,5803320,5751481,
000019.SZ,000019,20251209,93639280,5803335,0,0,S,71700,100,5803320,5773650,
000019.SZ,000019,20251209,93639280,5803393,0,0,B,71700,200,5803320,5803392,
000019.SZ,000019,20251209,93639320,5803726,0,0,B,71700,3700,5803320,5803725,
000019.SZ,000019,20251209,93643950,5839481,C,0, ,0,100,0,5584760,
000019.SZ,000019,20251209,93643960,5839485,C,0, ,0,100,0,5584762,
000019.SZ,000019,20251209,93644100,5840441,C,0, ,0,3000,0,3470649,
000019.SZ,000019,20251209,93647330,5864791,0,0,S,71700,3200,5864790,5824429,
000019.SZ,000019,20251209,93647380,5865276,C,0, ,0,200,0,5584756,
000019.SZ,000019,20251209,93650140,5887168,0,0,B,71700,100,5865062,5887167,
000019.SZ,000019,20251209,93653850,5915773,0,0,B,71700,200,5865062,5915772,
000019.SZ,000019,20251209,93655640,5930697,0,0,S,71600,700,5930696,5613305,
000019.SZ,000019,20251209,93655640,5930698,0,0,S,71600,200,5930696,5613371,
000019.SZ,000019,20251209,93655640,5930699,0,0,S,71600,300,5930696,5681027,
000019.SZ,000019,20251209,93655640,5930700,0,0,S,71600,100,5930696,5827803,
000019.SZ,000019,20251209,93655640,5930701,0,0,S,71600,2200,5930696,5855562,
000019.SZ,000019,20251209,93655640,5930702,0,0,S,71600,100,5930696,5871685,
000019.SZ,000019,20251209,93655640,5930703,0,0,S,71600,100,5930696,5900674,
000019.SZ,000019,20251209,93656460,5937698,0,0,S,71600,100,5937697,5932497,
000019.SZ,000019,20251209,93657000,5940864,0,0,B,71600,100,5937697,5940863,
000019.SZ,000019,20251209,93657010,5940912,0,0,B,71600,100,5937697,5940911,
000019.SZ,000019,20251209,93657010,5940953,0,0,B,71600,100,5937697,5940952,
000019.SZ,000019,20251209,93657010,5940958,0,0,B,71600,100,5937697,5940957,
000019.SZ,000019,20251209,93657010,5940961,0,0,B,71600,100,5937697,5940960,
000019.SZ,000019,20251209,93657010,5940964,0,0,B,71600,100,5937697,5940963,
000019.SZ,000019,20251209,93658760,5955641,C,0, ,0,1000,0,3054664,
000019.SZ,000019,20251209,93659600,5962086,0,0,B,71600,100,5937697,5962085,
000019.SZ,000019,20251209,93701420,5979483,0,0,S,71500,100,5979482,5584489,
000019.SZ,000019,20251209,93701420,5979484,0,0,S,71500,2300,5979482,5584561,
000019.SZ,000019,20251209,93701430,5979546,C,0, ,0,400,0,5584582,
000019.SZ,000019,20251209,93702180,5987134,0,0,S,71500,1800,5987133,5584561,
000019.SZ,000019,20251209,93703010,5993878,0,0,S,71500,200,5993877,5584561,
000019.SZ,000019,20251209,93703010,5993879,0,0,S,71500,200,5993877,5584587,
000019.SZ,000019,20251209,93703010,5993880,0,0,S,71500,1000,5993877,5603968,
000019.SZ,000019,20251209,93703010,5993881,0,0,S,71500,1000,5993877,5864705,
000019.SZ,000019,20251209,93703010,5993882,0,0,S,71500,100,5993877,5966754,
000019.SZ,000019,20251209,93703010,5993883,0,0,S,71500,1200,5993877,5974789,
000019.SZ,000019,20251209,93703010,5993884,0,0,S,71400,2800,5993877,4809262,
000019.SZ,000019,20251209,93708400,6040872,0,0,S,71500,1900,6040871,6040830,
000019.SZ,000019,20251209,93710030,6053788,0,0,B,71600,2000,5937697,6053787,
000019.SZ,000019,20251209,93710030,6053789,0,0,B,71600,200,5973144,6053787,
000019.SZ,000019,20251209,93710030,6053790,0,0,B,71600,200,5995221,6053787,
000019.SZ,000019,20251209,93710030,6053791,0,0,B,71600,100,6000682,6053787,
000019.SZ,000019,20251209,93710030,6053792,0,0,B,71600,200,6007893,6053787,
000019.SZ,000019,20251209,93710030,6053793,0,0,B,71600,100,6007957,6053787,
000019.SZ,000019,20251209,93710030,6053794,0,0,B,71600,200,6007962,6053787,
000019.SZ,000019,20251209,93711770,6068184,C,0, ,0,2400,6053898,0,
000019.SZ,000019,20251209,93714310,6090080,C,0, ,0,600,0,5487854,
000019.SZ,000019,20251209,93714510,6091612,0,0,B,71500,600,6068171,6091611,
000019.SZ,000019,20251209,93717180,6113837,C,0, ,0,5000,3387720,0,
000019.SZ,000019,20251209,93717930,6119326,C,0, ,0,2000,0,5717292,
000019.SZ,000019,20251209,93721180,6144428,C,0, ,0,100,6040903,0,
000019.SZ,000019,20251209,93727560,6194242,C,0, ,0,3900,0,5797650,
000019.SZ,000019,20251209,93731830,6226476,C,0, ,0,1500,5805144,0,
000019.SZ,000019,20251209,93738490,6275077,0,0,B,71500,1600,6068171,6275076,
000019.SZ,000019,20251209,93738490,6275078,0,0,B,71500,100,6111607,6275076,
000019.SZ,000019,20251209,93738490,6275079,0,0,B,71500,200,6123274,6275076,
000019.SZ,000019,20251209,93738490,6275080,0,0,B,71500,200,6124299,6275076,
000019.SZ,000019,20251209,93738490,6275081,0,0,B,71500,100,6149086,6275076,
000019.SZ,000019,20251209,93738490,6275082,0,0,B,71500,200,6149874,6275076,
000019.SZ,000019,20251209,93738490,6275083,0,0,B,71500,200,6154375,6275076,
000019.SZ,000019,20251209,93738490,6275084,0,0,B,71500,200,6179304,6275076,
000019.SZ,000019,20251209,93738490,6275085,0,0,B,71500,2200,6252250,6275076,
000019.SZ,000019,20251209,93738850,6277047,C,0, ,0,15400,6141949,0,
000019.SZ,000019,20251209,93743630,6313091,0,0,B,71500,2300,6252250,6313090,
000019.SZ,000019,20251209,93746220,6332679,0,0,B,71500,500,6252250,6332678,
000019.SZ,000019,20251209,93746220,6332680,0,0,B,71500,100,6258398,6332678,
000019.SZ,000019,20251209,93746220,6332681,0,0,B,71500,2400,6313118,6332678,
000019.SZ,000019,20251209,93746230,6332725,0,0,S,71500,900,6332724,6332678,
000019.SZ,000019,20251209,93746230,6332735,0,0,S,71500,1100,6332734,6332678,
000019.SZ,000019,20251209,93746270,6333162,0,0,S,71400,6940,6333161,4809262,
000019.SZ,000019,20251209,93746270,6333163,0,0,S,71400,4400,6333161,4898661,
000019.SZ,000019,20251209,93746270,6333164,0,0,S,71400,200,6333161,5027601,
000019.SZ,000019,20251209,93746270,6333165,0,0,S,71400,100,6333161,5038359,
000019.SZ,000019,20251209,93746270,6333166,0,0,S,71400,1000,6333161,5043008,
000019.SZ,000019,20251209,93746270,6333167,0,0,S,71400,6160,6333161,5076813,
000019.SZ,000019,20251209,93746270,6333169,0,0,S,71400,700,6333168,5076813,
000019.SZ,000019,20251209,93746270,6333173,0,0,S,71400,2100,6333172,5076813,
000019.SZ,000019,20251209,93746270,6333177,0,0,S,71400,2100,6333176,5076813,
000019.SZ,000019,20251209,93746280,6333443,C,0, ,0,100,6007970,0,
000019.SZ,000019,20251209,93746280,6333444,C,0, ,0,200,6007971,0,
000019.SZ,000019,20251209,93746280,6333456,C,0, ,0,100,6008025,0,
000019.SZ,000019,20251209,93746280,6333461,C,0, ,0,100,6007986,0,
000019.SZ,000019,20251209,93748450,6349611,0,0,S,71400,400,6349610,5076813,
000019.SZ,000019,20251209,93748460,6349641,C,0, ,0,100,6332749,0,
000019.SZ,000019,20251209,93748770,6351762,C,0, ,0,24600,6068153,0,
000019.SZ,000019,20251209,93750320,6366705,0,0,B,71500,100,6332734,6366704,
000019.SZ,000019,20251209,93750330,6366822,0,0,B,71500,100,6332734,6366821,
000019.SZ,000019,20251209,93751230,6373009,C,0, ,0,700,6332734,0,
000019.SZ,000019,20251209,93752270,6380922,0,0,B,71500,100,6334433,6380921,
000019.SZ,000019,20251209,93753290,6388300,0,0,B,71500,100,6334457,6388299,
000019.SZ,000019,20251209,93754210,6394608,0,0,B,71500,100,6334457,6394607,
000019.SZ,000019,20251209,93754460,6396630,C,0, ,0,300,6048962,0,
000019.SZ,000019,20251209,93756280,6411727,0,0,B,71500,100,6334458,6411726,
000019.SZ,000019,20251209,93756350,6412362,0,0,B,71500,100,6334463,6412361,
000019.SZ,000019,20251209,93801950,6461306,0,0,S,71400,100,6461305,5076813,
000019.SZ,000019,20251209,93801980,6461567,0,0,S,71400,100,6461566,5076813,
000019.SZ,000019,20251209,93801980,6461577,0,0,B,71500,100,6353592,6461576,
000019.SZ,000019,20251209,93802090,6462507,0,0,S,71400,100,6462506,5076813,
000019.SZ,000019,20251209,93802110,6462943,0,0,S,71400,100,6462942,5076813,
000019.SZ,000019,20251209,93802150,6463452,0,0,S,71400,100,6463451,5076813,
000019.SZ,000019,20251209,93802180,6463741,0,0,S,71400,100,6463740,5076813,
000019.SZ,000019,20251209,93803720,6478610,0,0,S,71400,100,6478609,5076813,
000019.SZ,000019,20251209,93808350,6517744,0,0,S,71400,1540,6517743,5076813,
000019.SZ,000019,20251209,93808350,6517745,0,0,S,71400,1460,6517743,5085073,
000019.SZ,000019,20251209,93809880,6529788,C,0, ,0,100,6235047,0,
000019.SZ,000019,20251209,93813680,6560567,C,0, ,0,300,5725300,0,
000019.SZ,000019,20251209,93815650,6574802,0,0,S,71400,340,6574801,5085073,
000019.SZ,000019,20251209,93815650,6574803,0,0,S,71400,300,6574801,5101001,
000019.SZ,000019,20251209,93815650,6574804,0,0,S,71400,100,6574801,5296759,
000019.SZ,000019,20251209,93815650,6574805,0,0,S,71400,100,6574801,5558347,
000019.SZ,000019,20251209,93815650,6574806,0,0,S,71400,2000,6574801,5566051,
000019.SZ,000019,20251209,93815650,6574807,0,0,S,71400,1000,6574801,5584317,
000019.SZ,000019,20251209,93815650,6574808,0,0,S,71400,460,6574801,5838417,
000019.SZ,000019,20251209,93815650,6574819,0,0,S,71400,9540,6574818,5838417,
000019.SZ,000019,20251209,93815650,6574820,0,0,S,71400,1900,6574818,6068269,
000019.SZ,000019,20251209,93815650,6574821,0,0,S,71400,500,6574818,6177182,
000019.SZ,000019,20251209,93815650,6574822,0,0,S,71400,200,6574818,6197772,
000019.SZ,000019,20251209,93815650,6574823,0,0,S,71400,3000,6574818,6200728,
000019.SZ,000019,20251209,93815650,6574824,0,0,S,71400,100,6574818,6241079,
000019.SZ,000019,20251209,93815650,6574825,0,0,S,71400,200,6574818,6244033,
000019.SZ,000019,20251209,93815650,6574826,0,0,S,71400,1500,6574818,6299393,
000019.SZ,000019,20251209,93815650,6574827,0,0,S,71400,1000,6574818,6307951,
000019.SZ,000019,20251209,93815650,6574828,0,0,S,71400,100,6574818,6334206,
000019.SZ,000019,20251209,93815650,6574829,0,0,S,71400,9160,6574818,6345615,
000019.SZ,000019,20251209,93815650,6574832,0,0,S,71400,740,6574831,6345615,
000019.SZ,000019,20251209,93815650,6574833,0,0,S,71400,200,6574831,6378114,
000019.SZ,000019,20251209,93815650,6574834,0,0,S,71400,100,6574831,6393802,
000019.SZ,000019,20251209,93815650,6574835,0,0,S,71400,300,6574831,6396631,
000019.SZ,000019,20251209,93815650,6574836,0,0,S,71400,200,6574831,6411936,
000019.SZ,000019,20251209,93815650,6574837,0,0,S,71400,100,6574831,6455128,
000019.SZ,000019,20251209,93815650,6574838,0,0,S,71400,100,6574831,6479450,
000019.SZ,000019,20251209,93815650,6574839,0,0,S,71400,500,6574831,6524017,
000019.SZ,000019,20251209,93815650,6574840,0,0,S,71400,500,6574831,6524538,
000019.SZ,000019,20251209,93815650,6574841,0,0,S,71400,100,6574831,6528157,
000019.SZ,000019,20251209,93815650,6574842,0,0,S,71400,660,6574831,6560215,
000019.SZ,000019,20251209,93815660,6574861,0,0,S,71400,40,6574860,6560215,
000019.SZ,000019,20251209,93815660,6574972,0,0,S,71300,6500,6574971,4296221,
000019.SZ,000019,20251209,93815660,6574973,0,0,S,71300,700,6574971,4365202,
000019.SZ,000019,20251209,93815660,6574974,0,0,S,71300,200,6574971,4390714,
000019.SZ,000019,20251209,93815660,6574975,0,0,S,71300,2900,6574971,4401922,
000019.SZ,000019,20251209,93815660,6574976,0,0,S,71300,1500,6574971,4477079,
000019.SZ,000019,20251209,93815660,6574977,0,0,S,71300,200,6574971,4592939,
000019.SZ,000019,20251209,93815660,6574978,0,0,S,71300,300,6574971,4803226,
000019.SZ,000019,20251209,93815660,6574979,0,0,S,71300,40000,6574971,4915962,
000019.SZ,000019,20251209,93815660,6574980,0,0,S,71300,5000,6574971,4978354,
000019.SZ,000019,20251209,93815660,6574981,0,0,S,71300,800,6574971,5274671,
000019.SZ,000019,20251209,93815660,6574982,0,0,S,71300,1500,6574971,5589203,
000019.SZ,000019,20251209,93815660,6574983,0,0,S,71300,2000,6574971,5732722,
000019.SZ,000019,20251209,93815660,6574984,0,0,S,71300,1000,6574971,5734245,
000019.SZ,000019,20251209,93815660,6574985,0,0,S,71300,600,6574971,5993023,
000019.SZ,000019,20251209,93815660,6574986,0,0,S,71300,5000,6574971,6099901,
000019.SZ,000019,20251209,93815660,6574987,0,0,S,71300,7000,6574971,6186272,
000019.SZ,000019,20251209,93815670,6575023,C,0, ,0,1300,0,2533352,
000019.SZ,000019,20251209,93815680,6575141,0,0,B,71400,160,6574860,6575140,
000019.SZ,000019,20251209,93815680,6575142,0,0,B,71400,300,6574862,6575140,
000019.SZ,000019,20251209,93815680,6575143,0,0,B,71400,100,6574863,6575140,
000019.SZ,000019,20251209,93815680,6575144,0,0,B,71400,500,6574864,6575140,
000019.SZ,000019,20251209,93815680,6575145,0,0,B,71400,100,6574865,6575140,
000019.SZ,000019,20251209,93815680,6575146,0,0,B,71400,300,6574867,6575140,
000019.SZ,000019,20251209,93815680,6575147,0,0,B,71400,100,6574868,6575140,
000019.SZ,000019,20251209,93815680,6575148,0,0,B,71400,100,6574869,6575140,
000019.SZ,000019,20251209,93815680,6575149,0,0,B,71400,1100,6574870,6575140,
000019.SZ,000019,20251209,93815680,6575150,0,0,B,71400,200,6574872,6575140,
000019.SZ,000019,20251209,93815680,6575151,0,0,B,71400,100,6574873,6575140,
000019.SZ,000019,20251209,93815680,6575152,0,0,B,71400,200,6574874,6575140,
000019.SZ,000019,20251209,93815680,6575153,0,0,B,71400,100,6574875,6575140,
000019.SZ,000019,20251209,93815680,6575154,0,0,B,71400,140,6574948,6575140,
000019.SZ,000019,20251209,93815700,6575309,C,0, ,0,100,6040822,0,
000019.SZ,000019,20251209,93816310,6580431,0,0,B,71400,60,6574948,6580430,
000019.SZ,000019,20251209,93816310,6580432,0,0,B,71400,40,6575321,6580430,
000019.SZ,000019,20251209,93818940,6601941,C,0, ,0,100,6045608,0,
000019.SZ,000019,20251209,93819510,6607727,0,0,S,71300,100,6607726,6596214,
000019.SZ,000019,20251209,93822480,6630293,0,0,S,71300,800,6630292,6625223,
000019.SZ,000019,20251209,93822490,6630340,0,0,S,71300,800,6630339,6625223,
000019.SZ,000019,20251209,93823040,6634600,C,0, ,0,100,6618829,0,
000019.SZ,000019,20251209,93826050,6661009,C,0, ,0,4000,6544674,0,
000019.SZ,000019,20251209,93826870,6666462,0,0,S,71300,100,6666461,6625223,
000019.SZ,000019,20251209,93827630,6671966,0,0,S,71300,4000,6671965,6625223,
000019.SZ,000019,20251209,93827640,6672017,0,0,S,71300,4300,6672016,6625223,
000019.SZ,000019,20251209,93827640,6672018,0,0,S,71300,100,6672016,6635021,
000019.SZ,000019,20251209,93830060,6688044,0,0,S,71300,5000,6688043,6687998,
000019.SZ,000019,20251209,93830290,6689736,C,0, ,0,300,6571847,0,
000019.SZ,000019,20251209,93830330,6689961,C,0, ,0,300,6572216,0,
000019.SZ,000019,20251209,93830370,6690192,0,0,B,71400,1960,6575321,6690191,
000019.SZ,000019,20251209,93830370,6690193,0,0,B,71400,200,6575429,6690191,
000019.SZ,000019,20251209,93830370,6690194,0,0,B,71400,840,6596903,6690191,
000019.SZ,000019,20251209,93830500,6691180,C,0, ,0,200,6354598,0,
000019.SZ,000019,20251209,93830620,6691886,C,0, ,0,400,6574580,0,
000019.SZ,000019,20251209,93830730,6692550,C,0, ,0,400,6591518,0,
000019.SZ,000019,20251209,93832330,6704464,0,0,B,71300,100,6696726,6704463,
000019.SZ,000019,20251209,93832490,6705598,0,0,S,71200,200,6705597,3030357,
000019.SZ,000019,20251209,93833660,6714322,0,0,B,71300,100,6696726,6714321,
000019.SZ,000019,20251209,93840140,6761472,C,0, ,0,100,0,6521491,
000019.SZ,000019,20251209,93841370,6770097,0,0,B,71300,100,6696726,6770096,
000019.SZ,000019,20251209,93841370,6770098,0,0,B,71300,300,6697075,6770096,
000019.SZ,000019,20251209,93841370,6770099,0,0,B,71300,100,6701247,6770096,
000019.SZ,000019,20251209,93841660,6771728,C,0, ,0,700,6701247,0,
000019.SZ,000019,20251209,93842020,6773668,0,0,B,71400,60,6596903,6773667,
000019.SZ,000019,20251209,93842020,6773669,0,0,B,71400,100,6597667,6773667,
000019.SZ,000019,20251209,93842020,6773670,0,0,B,71400,100,6597668,6773667,
000019.SZ,000019,20251209,93842020,6773671,0,0,B,71400,100,6597669,6773667,
000019.SZ,000019,20251209,93842020,6773672,0,0,B,71400,40,6597674,6773667,
000019.SZ,000019,20251209,93843520,6784164,C,0, ,0,1000,92102,0,
000019.SZ,000019,20251209,93846090,6800383,0,0,B,71300,400,6800339,6800382,
000019.SZ,000019,20251209,93846090,6800413,0,0,B,71300,100,6800339,6800412,
000019.SZ,000019,20251209,93846090,6800416,0,0,B,71300,100,6800339,6800415,
000019.SZ,000019,20251209,93846100,6800452,0,0,B,71300,100,6800339,6800451,
000019.SZ,000019,20251209,93846100,6800492,0,0,B,71300,300,6800339,6800491,
000019.SZ,000019,20251209,93846130,6800604,0,0,B,71300,100,6800339,6800603,
000019.SZ,000019,20251209,93846140,6800631,0,0,B,71300,500,6800339,6800630,
000019.SZ,000019,20251209,93847580,6810390,0,0,S,71300,100,6810389,6800633,
000019.SZ,000019,20251209,93848440,6815353,0,0,S,71300,100,6815352,6800711,
000019.SZ,000019,20251209,93848440,6815354,0,0,S,71300,100,6815352,6800755,
000019.SZ,000019,20251209,93849000,6818911,C,0, ,0,100,0,6716631,
000019.SZ,000019,20251209,93850230,6828167,C,0, ,0,100,0,6800853,
000019.SZ,000019,20251209,93852260,6842883,C,0, ,0,100,0,6801363,
000019.SZ,000019,20251209,93854460,6857344,0,0,S,71300,300,6857343,6800755,
000019.SZ,000019,20251209,93854460,6857345,0,0,S,71300,200,6857343,6814576,
000019.SZ,000019,20251209,93854460,6857346,0,0,S,71300,200,6857343,6815550,
000019.SZ,000019,20251209,93854460,6857347,0,0,S,71300,100,6857343,6816022,
000019.SZ,000019,20251209,93854460,6857348,0,0,S,71300,100,6857343,6816127,
000019.SZ,000019,20251209,93854460,6857349,0,0,S,71300,100,6857343,6817380,
000019.SZ,000019,20251209,93854460,6857350,0,0,S,71300,100,6857343,6818553,
000019.SZ,000019,20251209,93854460,6857351,0,0,S,71300,100,6857343,6819426,
000019.SZ,000019,20251209,93854460,6857352,0,0,S,71300,400,6857343,6819772,
000019.SZ,000019,20251209,93854490,6857586,0,0,S,71300,1600,6857585,6819772,
000019.SZ,000019,20251209,93855470,6864366,0,0,S,71300,800,6864365,6819772,
000019.SZ,000019,20251209,93857980,6879707,C,0, ,0,1000,0,6846279,
000019.SZ,000019,20251209,93901910,6908017,0,0,S,71300,1900,6908016,6819772,
000019.SZ,000019,20251209,93901970,6908390,0,0,S,71300,200,6908389,6819772,
000019.SZ,000019,20251209,93901990,6908548,0,0,S,71300,400,6908547,6819772,
000019.SZ,000019,20251209,93902080,6909435,0,0,S,71300,400,6909434,6819772,
000019.SZ,000019,20251209,93902160,6910101,0,0,S,71300,1000,6910100,6819772,
000019.SZ,000019,20251209,93902270,6911049,0,0,S,71300,1100,6911048,6819772,
000019.SZ,000019,20251209,93902280,6911144,0,0,S,71300,2200,6911143,6819772,
000019.SZ,000019,20251209,93902280,6911145,0,0,S,71300,1500,6911143,6839016,
000019.SZ,000019,20251209,93902280,6911146,0,0,S,71300,100,6911143,6841406,
000019.SZ,000019,20251209,93902280,6911147,0,0,S,71300,500,6911143,6846780,
000019.SZ,000019,20251209,93902280,6911148,0,0,S,71300,2000,6911143,6866638,
000019.SZ,000019,20251209,93902280,6911149,0,0,S,71300,200,6911143,6894785,
000019.SZ,000019,20251209,93902280,6911150,0,0,S,71300,100,6911143,6905967,
000019.SZ,000019,20251209,93902510,6913412,0,0,B,71300,400,6913147,6913411,
000019.SZ,000019,20251209,93904000,6924756,0,0,B,71300,400,6913147,6924755,
000019.SZ,000019,20251209,93904400,6928184,0,0,B,71300,400,6913147,6928183,
000019.SZ,000019,20251209,93904760,6930596,0,0,B,71300,300,6913147,6930595,
000019.SZ,000019,20251209,93904760,6930658,0,0,B,71300,200,6913147,6930657,
000019.SZ,000019,20251209,93904770,6930737,0,0,B,71300,100,6913147,6930736,
000019.SZ,000019,20251209,93905460,6937634,0,0,B,71300,400,6913147,6937633,
000019.SZ,000019,20251209,93907990,6956620,0,0,B,71300,200,6913147,6956619,
000019.SZ,000019,20251209,93907990,6956622,0,0,B,71300,200,6913328,6956621,
000019.SZ,000019,20251209,93908700,6961364,0,0,B,71300,900,6913328,6961363,
000019.SZ,000019,20251209,93908700,6961376,0,0,B,71300,600,6913328,6961375,
000019.SZ,000019,20251209,93908700,6961378,0,0,B,71300,200,6913328,6961377,
000019.SZ,000019,20251209,93908700,6961380,0,0,B,71300,500,6913328,6961379,
000019.SZ,000019,20251209,93910000,6969767,C,0, ,0,100,0,6924741,
000019.SZ,000019,20251209,93910390,6972737,0,0,S,71300,100,6972736,6961381,
000019.SZ,000019,20251209,93910390,6972738,0,0,S,71300,200,6972736,6961382,
000019.SZ,000019,20251209,93910390,6972739,0,0,S,71300,500,6972736,6961383,
000019.SZ,000019,20251209,93910820,6975390,0,0,S,71300,300,6975389,6961383,
000019.SZ,000019,20251209,93910820,6975391,0,0,S,71300,100,6975389,6961384,
000019.SZ,000019,20251209,93910820,6975392,0,0,S,71300,500,6975389,6961385,
000019.SZ,000019,20251209,93910820,6975393,0,0,S,71300,100,6975389,6961386,
000019.SZ,000019,20251209,93910820,6975394,0,0,S,71300,300,6975389,6961387,
000019.SZ,000019,20251209,93911700,6981087,C,0, ,0,800,0,6961387,
000019.SZ,000019,20251209,93911710,6981129,C,0, ,0,200,0,6961452,
000019.SZ,000019,20251209,93914240,7001714,C,0, ,0,3000,6956592,0,
000019.SZ,000019,20251209,93917000,7021711,0,0,S,71300,200,7021710,7016091,
000019.SZ,000019,20251209,93918880,7035046,0,0,S,71300,100,7035045,7016091,
000019.SZ,000019,20251209,93919070,7036890,C,0, ,0,500,6070271,0,
000019.SZ,000019,20251209,93919070,7036891,C,0, ,0,400,6070148,0,
000019.SZ,000019,20251209,93919160,7037397,0,0,S,71300,100,7037396,7016091,
000019.SZ,000019,20251209,93919160,7037438,0,0,S,71300,100,7037437,7016091,
000019.SZ,000019,20251209,93919690,7041652,C,0, ,0,300,6567600,0,
000019.SZ,000019,20251209,93919720,7041816,0,0,S,71300,200,7041815,7016091,
000019.SZ,000019,20251209,93919720,7041817,0,0,S,71300,800,7041815,7020073,
000019.SZ,000019,20251209,93920070,7043698,0,0,S,71300,400,7043697,7020073,
000019.SZ,000019,20251209,93920070,7043700,0,0,S,71300,200,7043699,7020073,
000019.SZ,000019,20251209,93920080,7043756,C,0, ,0,4800,6574758,0,
000019.SZ,000019,20251209,93922490,7060114,0,0,B,71300,100,7043699,7060113,
000019.SZ,000019,20251209,93922500,7060118,0,0,B,71300,100,7043699,7060117,
000019.SZ,000019,20251209,93923440,7065719,0,0,B,71300,100,7043699,7065718,
000019.SZ,000019,20251209,93923460,7065814,0,0,B,71400,60,6597674,7065813,
000019.SZ,000019,20251209,93923460,7065815,0,0,B,71400,100,6599794,7065813,
000019.SZ,000019,20251209,93923460,7065816,0,0,B,71400,200,6600917,7065813,
000019.SZ,000019,20251209,93923460,7065817,0,0,B,71400,100,6600918,7065813,
000019.SZ,000019,20251209,93923460,7065818,0,0,B,71400,40,6607891,7065813,
000019.SZ,000019,20251209,93926390,7084837,0,0,B,71300,300,7069021,7084836,
000019.SZ,000019,20251209,93931420,7117247,C,0, ,0,200,5860020,0,
000019.SZ,000019,20251209,93931620,7118726,0,0,S,71200,200,7118725,3030357,
000019.SZ,000019,20251209,93931930,7120773,C,0, ,0,200,6056982,0,
000019.SZ,000019,20251209,93932100,7121778,C,0, ,0,1000,0,118621,
000019.SZ,000019,20251209,93932100,7121785,C,0, ,0,100,6049693,0,
000019.SZ,000019,20251209,93932130,7121987,0,0,S,71200,200,7121986,3030357,
000019.SZ,000019,20251209,93932300,7123097,0,0,S,71200,100,7123096,3030357,
000019.SZ,000019,20251209,93932540,7125076,C,0, ,0,200,6054733,0,
000019.SZ,000019,20251209,93932740,7126141,0,0,S,71200,200,7126140,3030357,
000019.SZ,000019,20251209,93932980,7127548,0,0,B,71300,200,7069021,7127547,
000019.SZ,000019,20251209,93933260,7129452,0,0,B,71300,800,7069021,7129451,
000019.SZ,000019,20251209,93933260,7129453,0,0,B,71300,200,7086134,7129451,
000019.SZ,000019,20251209,93933670,7133044,C,0, ,0,100,6030069,0,
000019.SZ,000019,20251209,93933900,7134459,0,0,S,71200,100,7134458,3030357,
000019.SZ,000019,20251209,93933900,7134477,0,0,B,71300,500,7086134,7134476,
000019.SZ,000019,20251209,93933900,7134479,0,0,B,71300,500,7086134,7134478,
000019.SZ,000019,20251209,93933900,7134481,0,0,B,71300,600,7086134,7134480,
000019.SZ,000019,20251209,93933910,7134493,0,0,B,71300,500,7086134,7134492,
000019.SZ,000019,20251209,93933930,7134583,C,0, ,0,200,5826406,0,
000019.SZ,000019,20251209,93933930,7134592,0,0,B,71300,200,7086134,7134591,
000019.SZ,000019,20251209,93933940,7134650,C,0, ,0,200,5808420,0,
000019.SZ,000019,20251209,93933990,7134992,C,0, ,0,200,6034171,0,
000019.SZ,000019,20251209,93934130,7136013,0,0,S,71200,200,7136012,3030357,
000019.SZ,000019,20251209,93934140,7136065,0,0,S,71200,200,7136064,3030357,
000019.SZ,000019,20251209,93934190,7136373,0,0,S,71200,200,7136372,3030357,
000019.SZ,000019,20251209,93934350,7137677,C,0, ,0,200,5851583,0,
000019.SZ,000019,20251209,93934550,7138974,0,0,S,71200,200,7138973,3030357,
000019.SZ,000019,20251209,93934770,7140521,C,0, ,0,1000,7024414,0,
000019.SZ,000019,20251209,93935360,7144594,C,0, ,0,200,5866470,0,
000019.SZ,000019,20251209,93935560,7145690,0,0,S,71200,200,7145689,3030357,
000019.SZ,000019,20251209,93936560,7152423,C,0, ,0,200,6060568,0,
000019.SZ,000019,20251209,93936690,7153488,0,0,B,71300,500,7086134,7153487,
000019.SZ,000019,20251209,93936770,7153992,0,0,S,71200,200,7153991,3030357,
000019.SZ,000019,20251209,93937310,7157482,C,0, ,0,200,5831240,0,
000019.SZ,000019,20251209,93937530,7159181,0,0,S,71200,200,7159180,3030357,
000019.SZ,000019,20251209,93938020,7161974,C,0, ,0,200,6050765,0,
000019.SZ,000019,20251209,93938220,7163112,0,0,S,71200,200,7163111,3030357,
000019.SZ,000019,20251209,93938460,7164598,C,0, ,0,200,6034721,0,
000019.SZ,000019,20251209,93938660,7165787,0,0,S,71200,200,7165786,3030357,
000019.SZ,000019,20251209,93938950,7167683,C,0, ,0,200,6054783,0,
000019.SZ,000019,20251209,93939150,7168921,0,0,S,71200,100,7168920,3030357,
000019.SZ,000019,20251209,93939150,7168922,0,0,S,71200,100,7168920,3183020,
000019.SZ,000019,20251209,93939570,7171882,0,0,B,71300,200,7086134,7171881,
000019.SZ,000019,20251209,93940010,7174924,C,0, ,0,200,6048176,0,
000019.SZ,000019,20251209,93940190,7176264,0,0,B,71300,1000,7086134,7176263,
000019.SZ,000019,20251209,93940210,7176369,0,0,S,71200,200,7176368,3183020,
000019.SZ,000019,20251209,93940810,7180644,C,0, ,0,1000,0,3271722,
000019.SZ,000019,20251209,93942960,7194209,C,0, ,0,20000,0,4491246,
000019.SZ,000019,20251209,93951170,7246647,0,0,B,71300,400,7086134,7246646,
000019.SZ,000019,20251209,93951170,7246648,0,0,B,71300,300,7217860,7246646,
000019.SZ,000019,20251209,93951630,7250181,C,0, ,0,400,6699424,0,
000019.SZ,000019,20251209,93951740,7250910,C,0, ,0,400,6707113,0,
000019.SZ,000019,20251209,93952470,7256672,0,0,S,71300,600,7256671,7246646,
000019.SZ,000019,20251209,93952510,7256981,0,0,S,71300,600,7256980,7246646,
000019.SZ,000019,20251209,93952520,7257028,0,0,S,71300,1100,7257027,7246646,
000019.SZ,000019,20251209,93952520,7257029,0,0,S,71300,2000,7257027,7254190,
000019.SZ,000019,20251209,93956110,7278162,C,0, ,0,24600,6852737,0,
000019.SZ,000019,20251209,93958650,7294997,0,0,S,71200,100,7294996,3231836,
