万得代码,交易所代码,自然日,时间,委托编号,交易所委托号,委托类型,委托代码,委托价格,委托数量,
000019.SZ,000019,20251209,91500050,0,913,0,S,79100,100,
000019.SZ,000019,20251209,91500070,0,8497,0,B,70200,1000,
000019.SZ,000019,20251209,91500070,0,8602,0,S,68400,100,
000019.SZ,000019,20251209,91500080,0,9780,0,S,74500,1000,
000019.SZ,000019,20251209,91500080,0,9796,0,B,70500,700,
000019.SZ,000019,20251209,91500080,0,9956,0,S,74000,500,
000019.SZ,000019,20251209,91500080,0,12124,0,S,79000,1300,
000019.SZ,000019,20251209,91500080,0,12139,0,S,79100,400,
000019.SZ,000019,20251209,91500080,0,12802,0,S,74000,2400,
000019.SZ,000019,20251209,91500090,0,14515,0,S,73400,500,
000019.SZ,000019,20251209,91500090,0,14643,0,S,72800,300,
000019.SZ,000019,20251209,91500090,0,14701,0,S,73900,1000,
000019.SZ,000019,20251209,91500090,0,14748,0,S,74300,500,
000019.SZ,000019,20251209,91500090,0,15899,0,S,79000,400,
000019.SZ,000019,20251209,91500090,0,15900,0,S,76300,200,
000019.SZ,000019,20251209,91500100,0,19390,0,S,78400,500,
000019.SZ,000019,20251209,91500110,0,20774,0,S,78800,200,
000019.SZ,000019,20251209,91500110,0,22298,0,S,78800,200,
000019.SZ,000019,20251209,91500120,0,24264,0,S,77000,900,
000019.SZ,000019,20251209,91500120,0,25200,0,S,72100,200,
000019.SZ,000019,20251209,91500130,0,26043,0,S,78800,500,
000019.SZ,000019,20251209,91500130,0,26044,0,B,67100,1000,
000019.SZ,000019,20251209,91500140,0,30323,0,S,78800,500,
000019.SZ,000019,20251209,91500140,0,30324,0,B,67100,500,
000019.SZ,000019,20251209,91500140,0,30325,0,B,65100,1000,
000019.SZ,000019,20251209,91500140,0,30489,0,B,70000,1000,
000019.SZ,000019,20251209,91500140,0,33414,0,S,73800,1000,
000019.SZ,000019,20251209,91500140,0,33415,0,S,76800,1500,
000019.SZ,000019,20251209,91500150,0,33743,0,S,78000,15000,
000019.SZ,000019,20251209,91500150,0,34829,0,S,79100,900,
000019.SZ,000019,20251209,91500150,0,34964,0,S,76800,500,
000019.SZ,000019,20251209,91500150,0,34965,0,B,65100,2000,
000019.SZ,000019,20251209,91500150,0,36681,0,B,71000,500,
000019.SZ,000019,20251209,91500160,0,39230,0,S,79100,100,
000019.SZ,000019,20251209,91500160,0,39275,0,S,79100,100,
000019.SZ,000019,20251209,91500160,0,39456,0,S,73900,200,
000019.SZ,000019,20251209,91500160,0,39572,0,B,70900,200,
000019.SZ,000019,20251209,91500160,0,39573,0,B,70100,200,
000019.SZ,000019,20251209,91500160,0,39648,0,B,68300,300,
000019.SZ,000019,20251209,91500170,0,40961,0,B,71900,400,
000019.SZ,000019,20251209,91500170,0,41858,0,S,74900,1500,
000019.SZ,000019,20251209,91500170,0,41957,0,S,73700,4000,
000019.SZ,000019,20251209,91500180,0,43464,0,B,70000,300,
000019.SZ,000019,20251209,91500180,0,43466,0,B,70800,300,
000019.SZ,000019,20251209,91500180,0,44526,0,S,76600,200,
000019.SZ,000019,20251209,91500180,0,45274,0,S,73600,8600,
000019.SZ,000019,20251209,91500190,0,47996,0,B,71200,400,
000019.SZ,000019,20251209,91500190,0,48815,0,S,72400,16000,
000019.SZ,000019,20251209,91500200,0,51254,0,B,67800,1000,
000019.SZ,000019,20251209,91500200,0,51379,0,S,74900,1500,
000019.SZ,000019,20251209,91500210,0,51922,0,S,79100,300,
000019.SZ,000019,20251209,91500210,0,52660,0,B,70100,200,
000019.SZ,000019,20251209,91500220,0,54225,0,S,72300,200,
000019.SZ,000019,20251209,91500230,0,57629,0,S,78000,6000,
000019.SZ,000019,20251209,91500240,0,59522,0,B,67100,800,
000019.SZ,000019,20251209,91500240,0,59523,0,S,74000,800,
000019.SZ,000019,20251209,91500270,0,62756,0,S,74900,6500,
000019.SZ,000019,20251209,91500320,0,71658,0,S,72900,500,
000019.SZ,000019,20251209,91500320,0,71659,0,S,73900,500,
000019.SZ,000019,20251209,91500320,0,71664,0,S,74900,500,
000019.SZ,000019,20251209,91500320,0,71667,0,S,75900,500,
000019.SZ,000019,20251209,91500320,0,71669,0,S,76900,500,
000019.SZ,000019,20251209,91500320,0,71684,0,S,77900,500,
000019.SZ,000019,20251209,91500320,0,71685,0,S,79100,500,
000019.SZ,000019,20251209,91500340,0,75154,0,S,73000,600,
000019.SZ,000019,20251209,91500360,0,78359,0,S,74800,500,
000019.SZ,000019,20251209,91500370,0,79117,0,B,68600,200,
000019.SZ,000019,20251209,91500370,0,79857,0,S,72700,2000,
000019.SZ,000019,20251209,91500370,0,79873,0,S,72800,1500,
000019.SZ,000019,20251209,91500370,0,79941,0,S,74700,3000,
000019.SZ,000019,20251209,91500390,0,81637,0,S,74600,700,
000019.SZ,000019,20251209,91500390,0,81640,0,B,68500,800,
000019.SZ,000019,20251209,91500390,0,81762,0,S,76500,2000,
000019.SZ,000019,20251209,91500390,0,81965,0,S,73600,900,
000019.SZ,000019,20251209,91500400,0,83256,0,S,74700,1000,
000019.SZ,000019,20251209,91500410,0,85209,0,B,71900,400,
000019.SZ,000019,20251209,91500420,0,85462,0,S,78600,800,
000019.SZ,000019,20251209,91500430,0,86593,0,S,74800,3000,
000019.SZ,000019,20251209,91500440,0,88041,0,S,73200,10000,
000019.SZ,000019,20251209,91500460,0,90582,0,S,72400,200,
000019.SZ,000019,20251209,91500460,0,90583,0,B,70700,200,
000019.SZ,000019,20251209,91500460,0,90609,0,B,70000,300,
000019.SZ,000019,20251209,91500460,0,90610,0,S,73200,200,
000019.SZ,000019,20251209,91500470,0,90963,0,S,74600,3700,
000019.SZ,000019,20251209,91500470,0,90964,0,S,76300,4800,
000019.SZ,000019,20251209,91500470,0,91622,0,S,74600,1800,
000019.SZ,000019,20251209,91500470,0,91788,0,B,70300,300,
000019.SZ,000019,20251209,91500470,0,91789,0,S,75000,300,
000019.SZ,000019,20251209,91500480,0,92102,0,S,78000,1000,
000019.SZ,000019,20251209,91500490,0,94210,0,S,79100,100,
000019.SZ,000019,20251209,91500500,0,95487,0,S,72900,300,
000019.SZ,000019,20251209,91500500,0,95488,0,S,73900,300,
000019.SZ,000019,20251209,91500500,0,95489,0,S,74900,300,
000019.SZ,000019,20251209,91500500,0,95490,0,S,75900,300,
000019.SZ,000019,20251209,91500500,0,95491,0,S,76900,300,
000019.SZ,000019,20251209,91500500,0,95492,0,S,77900,300,
000019.SZ,000019,20251209,91500500,0,95493,0,S,79100,500,
000019.SZ,000019,20251209,91500500,0,95814,0,B,69600,100,
000019.SZ,000019,20251209,91500500,0,95907,0,S,77800,3600,
000019.SZ,000019,20251209,91500500,0,95908,0,S,79100,3600,
000019.SZ,000019,20251209,91500510,0,96705,0,S,78100,500,
000019.SZ,000019,20251209,91500510,0,97199,0,S,78900,1500,
000019.SZ,000019,20251209,91500530,0,98674,0,S,73500,7900,
000019.SZ,000019,20251209,91500530,0,98978,0,S,75000,2000,
000019.SZ,000019,20251209,91500540,0,99894,0,S,76800,200,
000019.SZ,000019,20251209,91500540,0,99897,0,S,78800,200,
000019.SZ,000019,20251209,91500540,0,99899,0,S,79100,200,
000019.SZ,000019,20251209,91500560,0,102404,0,S,79100,800,
000019.SZ,000019,20251209,91500590,0,104652,0,S,72400,200,
000019.SZ,000019,20251209,91500590,0,105106,0,S,74900,2000,
000019.SZ,000019,20251209,91500600,0,105608,0,S,79100,500,
000019.SZ,000019,20251209,91500610,0,106640,0,S,79000,100,
000019.SZ,000019,20251209,91500610,0,107263,0,B,71300,3500,
000019.SZ,000019,20251209,91500620,0,107418,0,S,73200,1100,
000019.SZ,000019,20251209,91500620,0,107425,0,B,69600,400,
000019.SZ,000019,20251209,91500620,0,107762,0,S,79100,500,
000019.SZ,000019,20251209,91500660,0,112278,0,B,70100,500,
000019.SZ,000019,20251209,91500700,0,116367,0,S,71800,100,
000019.SZ,000019,20251209,91500720,0,117655,0,S,75000,1000,
000019.SZ,000019,20251209,91500730,0,118621,0,B,70100,1000,
000019.SZ,000019,20251209,91500750,0,120401,0,S,75500,4000,
000019.SZ,000019,20251209,91500760,0,121423,0,S,78700,100,
000019.SZ,000019,20251209,91500780,0,122895,0,S,78800,15000,
000019.SZ,000019,20251209,91500800,0,124067,0,S,78800,500,
000019.SZ,000019,20251209,91500800,0,124072,0,S,73200,1300,
000019.SZ,000019,20251209,91500820,0,125601,0,S,79100,1200,
000019.SZ,000019,20251209,91500830,0,126834,0,B,69300,50000,
000019.SZ,000019,20251209,91500830,0,126835,0,S,73300,50000,
000019.SZ,000019,20251209,91500850,0,128258,0,S,72800,1000,
000019.SZ,000019,20251209,91500930,0,133634,0,S,79100,100,
000019.SZ,000019,20251209,91500930,0,133635,0,S,79000,100,
000019.SZ,000019,20251209,91500930,0,133636,0,S,78700,100,
000019.SZ,000019,20251209,91500930,0,133637,0,S,77800,100,
000019.SZ,000019,20251209,91500930,0,133638,0,S,76900,100,
000019.SZ,000019,20251209,91500930,0,133639,0,S,75800,100,
000019.SZ,000019,20251209,91500930,0,133641,0,S,74900,100,
000019.SZ,000019,20251209,91500930,0,133642,0,S,73800,100,
000019.SZ,000019,20251209,91500930,0,133755,0,S,74800,1000,
000019.SZ,000019,20251209,91500930,0,133756,0,S,76800,1000,
000019.SZ,000019,20251209,91500930,0,133757,0,S,78800,1000,
000019.SZ,000019,20251209,91500930,0,133758,0,B,70100,1000,
000019.SZ,000019,20251209,91500930,0,133762,0,B,67100,1000,
000019.SZ,000019,20251209,91500930,0,133765,0,B,65100,10000,
000019.SZ,000019,20251209,91500990,0,137547,0,S,73800,600,
000019.SZ,000019,20251209,91500990,0,137551,0,S,76800,700,
000019.SZ,000019,20251209,91501000,0,138535,0,S,74800,500,
000019.SZ,000019,20251209,91501010,0,139225,0,S,74800,3600,
000019.SZ,000019,20251209,91501010,0,139226,0,S,75800,3600,
000019.SZ,000019,20251209,91501010,0,139227,0,S,76800,3600,
000019.SZ,000019,20251209,91501010,0,139228,0,S,78800,3600,
000019.SZ,000019,20251209,91501020,0,140241,0,B,64700,1000,
000019.SZ,000019,20251209,91501060,0,142629,0,S,79000,400,
000019.SZ,000019,20251209,91501060,0,142715,0,S,78800,500,
000019.SZ,000019,20251209,91501080,0,144010,0,S,75300,300,
000019.SZ,000019,20251209,91501080,0,144114,0,B,71200,500,
000019.SZ,000019,20251209,91501080,0,144116,0,B,70800,500,
000019.SZ,000019,20251209,91501080,0,144117,0,B,70500,1000,
000019.SZ,000019,20251209,91501080,0,144122,0,B,70000,1000,
000019.SZ,000019,20251209,91501080,0,144125,0,B,69500,2000,
000019.SZ,000019,20251209,91501080,0,144126,0,S,72500,1000,
000019.SZ,000019,20251209,91501080,0,144133,0,S,73500,1000,
000019.SZ,000019,20251209,91501080,0,144134,0,S,74000,1000,
000019.SZ,000019,20251209,91501080,0,144135,0,S,76500,2000,
000019.SZ,000019,20251209,91501080,0,144140,0,B,71000,500,
000019.SZ,000019,20251209,91501080,0,144295,0,B,68000,300,
000019.SZ,000019,20251209,91501120,0,146636,0,S,79100,400,
000019.SZ,000019,20251209,91501150,0,148409,0,B,70800,8000,
000019.SZ,000019,20251209,91501150,0,148913,0,S,73300,1000,
000019.SZ,000019,20251209,91501150,0,148914,0,S,75800,3000,
000019.SZ,000019,20251209,91501200,0,152614,0,B,67100,500,
000019.SZ,000019,20251209,91501200,0,152615,0,B,65100,1000,
000019.SZ,000019,20251209,91501200,0,152617,0,S,78800,500,
000019.SZ,000019,20251209,91501230,0,154137,0,S,79100,800,
000019.SZ,000019,20251209,91501230,0,154167,0,S,79100,300,
000019.SZ,000019,20251209,91501230,0,154599,0,B,70000,700,
000019.SZ,000019,20251209,91501230,0,154600,0,S,73000,700,
000019.SZ,000019,20251209,91501250,0,155094,0,B,70200,1000,
000019.SZ,000019,20251209,91501250,0,155095,0,B,69200,1000,
000019.SZ,000019,20251209,91501250,0,155096,0,B,68200,1000,
000019.SZ,000019,20251209,91501280,0,156745,0,S,77000,1000,
000019.SZ,000019,20251209,91501280,0,156759,0,S,78000,1000,
000019.SZ,000019,20251209,91501280,0,156794,0,S,78900,3000,
000019.SZ,000019,20251209,91501290,0,156860,0,S,74000,1000,
000019.SZ,000019,20251209,91501290,0,156876,0,S,75000,1000,
000019.SZ,000019,20251209,91501290,0,156886,0,S,78900,1000,
000019.SZ,000019,20251209,91501290,0,156926,0,S,73500,1000,
000019.SZ,000019,20251209,91501290,0,156932,0,S,74500,1000,
000019.SZ,000019,20251209,91501290,0,156947,0,S,77000,1000,
000019.SZ,000019,20251209,91501290,0,156953,0,S,78900,1000,
000019.SZ,000019,20251209,91501290,0,157046,0,B,70200,100,
000019.SZ,000019,20251209,91501290,0,157063,0,S,73000,1000,
000019.SZ,000019,20251209,91501290,0,157066,0,S,74000,1000,
000019.SZ,000019,20251209,91501290,0,157125,0,S,76000,1000,
000019.SZ,000019,20251209,91501290,0,157127,0,S,78900,1000,
000019.SZ,000019,20251209,91501310,0,158239,0,B,71200,3000,
000019.SZ,000019,20251209,91501310,0,158240,0,B,70700,3000,
000019.SZ,000019,20251209,91501310,0,158242,0,S,73000,3000,
000019.SZ,000019,20251209,91501360,0,161022,0,S,79100,200,
000019.SZ,000019,20251209,91501370,0,161635,0,S,79100,3000,
000019.SZ,000019,20251209,91501380,0,161761,0,S,73800,2000,
000019.SZ,000019,20251209,91501380,0,162326,0,S,73400,1000,
000019.SZ,000019,20251209,91501390,0,162424,0,S,79000,500,
000019.SZ,000019,20251209,91501410,0,164265,0,S,75900,40000,
000019.SZ,000019,20251209,91501410,0,164368,0,S,74000,1000,
000019.SZ,000019,20251209,91501410,0,164369,0,S,76000,1000,
000019.SZ,000019,20251209,91501410,0,164370,0,S,78000,1000,
000019.SZ,000019,20251209,91501410,0,164371,0,S,79000,1000,
000019.SZ,000019,20251209,91501420,0,164487,0,S,78800,5000,
000019.SZ,000019,20251209,91501440,0,165857,0,S,79100,700,
000019.SZ,000019,20251209,91501470,0,168079,0,S,75000,18900,
000019.SZ,000019,20251209,91501470,0,168080,0,S,77700,19000,
000019.SZ,000019,20251209,91501490,0,169023,0,S,72200,1500,
000019.SZ,000019,20251209,91501490,0,169024,0,S,72300,1500,
000019.SZ,000019,20251209,91501490,0,169036,0,S,72400,1500,
000019.SZ,000019,20251209,91501490,0,169039,0,S,72500,1500,
000019.SZ,000019,20251209,91501490,0,169040,0,S,72600,1500,
000019.SZ,000019,20251209,91501490,0,169041,0,S,72700,1500,
000019.SZ,000019,20251209,91501490,0,169044,0,S,72800,1500,
000019.SZ,000019,20251209,91501490,0,169046,0,S,72900,1500,
000019.SZ,000019,20251209,91501490,0,169049,0,S,72100,1500,
000019.SZ,000019,20251209,91501490,0,169050,0,S,73000,2000,
000019.SZ,000019,20251209,91501490,0,169308,0,S,78000,2000,
000019.SZ,000019,20251209,91501510,0,170807,0,S,79100,500,
000019.SZ,000019,20251209,91501510,0,171101,0,S,79100,50000,
000019.SZ,000019,20251209,91501520,0,172024,0,S,75500,30000,
000019.SZ,000019,20251209,91501520,0,172058,0,S,78800,3300,
000019.SZ,000019,20251209,91501540,0,173370,0,S,79100,4000,
000019.SZ,000019,20251209,91501550,0,174401,0,B,68300,300,
000019.SZ,000019,20251209,91501600,0,177832,0,S,78900,100,
000019.SZ,000019,20251209,91501600,0,177833,0,S,78800,100,
000019.SZ,000019,20251209,91501630,0,179421,0,B,70700,6000,
000019.SZ,000019,20251209,91501630,0,179636,0,B,70500,2800,
000019.SZ,000019,20251209,91501640,0,180004,0,S,75000,6900,
000019.SZ,000019,20251209,91501780,0,187133,0,B,68700,400,
000019.SZ,000019,20251209,91501780,0,187134,0,S,78700,400,
000019.SZ,000019,20251209,91501780,0,187238,0,S,79100,100,
000019.SZ,000019,20251209,91501790,0,187876,0,S,76900,3000,
000019.SZ,000019,20251209,91501790,0,187877,0,S,78900,3000,
000019.SZ,000019,20251209,91501800,0,188382,0,S,72000,200,
000019.SZ,000019,20251209,91501830,0,189398,0,B,71100,800,
000019.SZ,000019,20251209,91501830,0,189411,0,S,72800,800,
000019.SZ,000019,20251209,91501840,0,189810,0,S,75700,1900,
000019.SZ,000019,20251209,91501870,0,191373,0,S,79100,3000,
000019.SZ,000019,20251209,91501920,0,193137,0,S,74200,6000,
000019.SZ,000019,20251209,91501930,0,193530,0,S,79100,3300,
000019.SZ,000019,20251209,91501950,0,194497,0,B,70200,700,
000019.SZ,000019,20251209,91501950,0,194498,0,B,70600,1200,
000019.SZ,000019,20251209,91501950,0,194499,0,S,72600,100,
000019.SZ,000019,20251209,91502010,0,197237,0,S,72600,400,
000019.SZ,000019,20251209,91502010,0,197238,0,S,72700,500,
000019.SZ,000019,20251209,91502010,0,197240,0,S,72800,500,
000019.SZ,000019,20251209,91502010,0,197241,0,S,73200,500,
000019.SZ,000019,20251209,91502010,0,197250,0,B,64700,500,
000019.SZ,000019,20251209,91502010,0,197449,0,S,73000,3800,
000019.SZ,000019,20251209,91502020,0,197924,0,S,79100,9000,
000019.SZ,000019,20251209,91502020,0,197997,0,S,78800,10000,
000019.SZ,000019,20251209,91502030,0,198632,0,B,70400,2000,
000019.SZ,000019,20251209,91502040,0,199434,0,S,76000,100,
000019.SZ,000019,20251209,91502100,0,201485,0,S,73100,1300,
000019.SZ,000019,20251209,91502100,0,201488,0,S,72900,1200,
000019.SZ,000019,20251209,91502100,0,201489,0,S,73500,2400,
000019.SZ,000019,20251209,91502100,0,201711,0,B,71500,2000,
000019.SZ,000019,20251209,91502100,0,201713,0,S,76200,3000,
000019.SZ,000019,20251209,91502160,0,203791,0,B,68000,8000,
000019.SZ,000019,20251209,91502190,0,205801,0,S,79000,500,
000019.SZ,000019,20251209,91502230,0,207550,0,S,71900,3000,
000019.SZ,000019,20251209,91502250,0,208248,0,B,69100,500,
000019.SZ,000019,20251209,91502250,0,208258,0,S,73200,500,
000019.SZ,000019,20251209,91502300,0,210037,0,S,75300,100,
000019.SZ,000019,20251209,91502300,0,210038,0,S,74000,100,
000019.SZ,000019,20251209,91502300,0,210049,0,S,72700,100,
000019.SZ,000019,20251209,91502300,0,210051,0,B,70300,100,
000019.SZ,000019,20251209,91502300,0,210053,0,B,69100,100,
000019.SZ,000019,20251209,91502330,0,211571,0,S,79100,3400,
000019.SZ,000019,20251209,91502340,0,211932,0,B,69100,3000,
000019.SZ,000019,20251209,91502340,0,211941,0,S,72300,4000,
000019.SZ,000019,20251209,91502370,0,212600,0,S,74800,400,
000019.SZ,000019,20251209,91502370,0,212601,0,S,78800,700,
000019.SZ,000019,20251209,91502370,0,212602,0,B,70000,400,
000019.SZ,000019,20251209,91502460,0,215785,0,S,79000,1800,
000019.SZ,000019,20251209,91502480,0,216684,0,B,70100,500,
000019.SZ,000019,20251209,91502500,0,218154,0,B,64700,100,
000019.SZ,000019,20251209,91502520,0,218976,0,B,70600,10000,
000019.SZ,000019,20251209,91502520,0,218977,0,S,72900,10000,
000019.SZ,000019,20251209,91502550,0,220732,0,B,71300,1400,
000019.SZ,000019,20251209,91502550,0,220734,0,B,70700,1400,
000019.SZ,000019,20251209,91502570,0,221229,0,B,69000,1000,
000019.SZ,000019,20251209,91502590,0,222342,0,B,68800,300,
000019.SZ,000019,20251209,91502610,0,222870,0,S,79000,2000,
000019.SZ,000019,20251209,91502630,0,223930,0,S,79100,100,
000019.SZ,000019,20251209,91502640,0,224003,0,S,79000,100,
000019.SZ,000019,20251209,91502640,0,224138,0,S,72300,300,
000019.SZ,000019,20251209,91502640,0,224155,0,S,74900,500,
000019.SZ,000019,20251209,91502720,0,227435,0,S,76300,1000,
000019.SZ,000019,20251209,91502740,0,227881,0,S,74800,800,
000019.SZ,000019,20251209,91502740,0,227882,0,B,68800,1400,
000019.SZ,000019,20251209,91502790,0,228950,0,S,79100,1000,
000019.SZ,000019,20251209,91502860,0,230389,0,S,72100,1000,
000019.SZ,000019,20251209,91502900,0,231131,0,S,75200,1000,
000019.SZ,000019,20251209,91502910,0,231336,0,S,75600,400,
000019.SZ,000019,20251209,91502910,0,231449,0,S,75000,12200,
000019.SZ,000019,20251209,91502930,0,231971,0,S,78800,600,
000019.SZ,000019,20251209,91502940,0,232123,0,B,70000,800,
000019.SZ,000019,20251209,91502960,0,233193,0,B,70200,300,
000019.SZ,000019,20251209,91503070,0,236507,0,S,79100,1000,
000019.SZ,000019,20251209,91503100,0,237385,0,S,79100,1000,
000019.SZ,000019,20251209,91503170,0,239431,0,S,79100,500,
000019.SZ,000019,20251209,91503170,0,239466,0,S,79100,1000,
000019.SZ,000019,20251209,91503170,0,239607,0,B,70600,2000,
000019.SZ,000019,20251209,91503190,0,239959,0,B,68800,100,
000019.SZ,000019,20251209,91503200,0,240273,0,S,73000,3500,
000019.SZ,000019,20251209,91503310,0,242382,0,B,71200,1200,
000019.SZ,000019,20251209,91503320,0,242503,0,S,72500,3600,
000019.SZ,000019,20251209,91503490,0,246392,0,S,79100,3800,
000019.SZ,000019,20251209,91503550,0,248941,0,S,79100,1700,
000019.SZ,000019,20251209,91503560,0,249257,0,S,78600,700,
000019.SZ,000019,20251209,91503600,0,250775,0,S,76600,1800,
000019.SZ,000019,20251209,91503640,0,251614,0,S,77800,1100,
000019.SZ,000019,20251209,91503650,0,251998,0,S,74100,300,
000019.SZ,000019,20251209,91503670,0,252328,0,S,79000,500,
000019.SZ,000019,20251209,91503690,0,253135,0,S,75000,500,
000019.SZ,000019,20251209,91503690,0,253136,0,S,78000,500,
000019.SZ,000019,20251209,91503710,0,253601,0,B,70100,1000,
000019.SZ,000019,20251209,91503710,0,253602,0,B,65100,1000,
000019.SZ,000019,20251209,91503890,0,255695,0,S,73900,200,
000019.SZ,000019,20251209,91503900,0,255830,0,S,79100,1700,
000019.SZ,000019,20251209,91503920,0,256140,0,S,79100,900,
000019.SZ,000019,20251209,91504010,0,258094,0,S,72900,300,
000019.SZ,000019,20251209,91504010,0,258102,0,S,74900,3000,
000019.SZ,000019,20251209,91504010,0,258129,0,S,72900,3000,
000019.SZ,000019,20251209,91504090,0,259006,0,S,73100,5600,
000019.SZ,000019,20251209,91504090,0,259018,0,B,70700,300,
000019.SZ,000019,20251209,91504120,0,259420,0,S,79100,2000,
000019.SZ,000019,20251209,91504180,0,260235,0,S,74200,100,
000019.SZ,000019,20251209,91504180,0,260236,0,S,77700,100,
000019.SZ,000019,20251209,91504180,0,260237,0,S,79100,100,
000019.SZ,000019,20251209,91504230,0,260822,0,S,78700,100,
000019.SZ,000019,20251209,91504320,0,262034,0,S,79000,30000,
000019.SZ,000019,20251209,91504370,0,262551,0,B,70000,500,
000019.SZ,000019,20251209,91504380,0,262601,0,S,73200,500,
000019.SZ,000019,20251209,91504480,0,264063,0,S,75800,1000,
000019.SZ,000019,20251209,91504480,0,264065,0,S,77800,1000,
000019.SZ,000019,20251209,91504540,0,265135,0,S,74800,3200,
000019.SZ,000019,20251209,91504550,0,265562,0,S,72700,10000,
000019.SZ,000019,20251209,91504560,0,265738,0,S,79100,3000,
000019.SZ,000019,20251209,91504710,0,268234,0,S,79000,3000,
000019.SZ,000019,20251209,91504920,0,268993,0,B,70000,2000,
000019.SZ,000019,20251209,91504920,0,268994,0,B,69000,2000,
000019.SZ,000019,20251209,91504920,0,268995,0,B,68000,2000,
000019.SZ,000019,20251209,91504920,0,268996,0,B,67000,2000,
000019.SZ,000019,20251209,91504920,0,268997,0,B,66000,2000,
000019.SZ,000019,20251209,91504920,0,268998,0,B,65000,2000,
000019.SZ,000019,20251209,91504920,0,268999,0,S,72800,2000,
000019.SZ,000019,20251209,91504920,0,269000,0,S,73800,2000,
000019.SZ,000019,20251209,91504920,0,269001,0,S,74800,2000,
000019.SZ,000019,20251209,91504920,0,269002,0,S,75800,2000,
000019.SZ,000019,20251209,91504920,0,269003,0,S,76800,2000,
000019.SZ,000019,20251209,91504920,0,269007,0,S,77800,2000,
000019.SZ,000019,20251209,91504920,0,269008,0,S,78800,2000,
000019.SZ,000019,20251209,91505080,0,270184,0,S,74800,3600,
000019.SZ,000019,20251209,91505080,0,270185,0,S,75600,3600,
000019.SZ,000019,20251209,91505080,0,270186,0,S,76400,3600,
000019.SZ,000019,20251209,91505080,0,270187,0,S,77200,3600,
000019.SZ,000019,20251209,91505080,0,270188,0,S,78000,3600,
000019.SZ,000019,20251209,91505080,0,270190,0,S,78800,3600,
000019.SZ,000019,20251209,91505080,0,270191,0,S,75500,1600,
000019.SZ,000019,20251209,91505080,0,270192,0,S,79100,3600,
000019.SZ,000019,20251209,91505080,0,270193,0,S,77700,1700,
000019.SZ,000019,20251209,91505080,0,270196,0,S,78700,1700,
000019.SZ,000019,20251209,91505080,0,270198,0,B,69200,3600,
000019.SZ,000019,20251209,91505170,0,270713,0,S,79000,100,
000019.SZ,000019,20251209,91505170,0,270714,0,S,78900,100,
000019.SZ,000019,20251209,91505170,0,270715,0,S,78800,100,
000019.SZ,000019,20251209,91505170,0,270716,0,S,78700,100,
000019.SZ,000019,20251209,91505170,0,270717,0,S,77800,100,
000019.SZ,000019,20251209,91505170,0,270718,0,S,77600,100,
000019.SZ,000019,20251209,91505170,0,270719,0,S,76900,100,
000019.SZ,000019,20251209,91505170,0,270720,0,S,76700,100,
000019.SZ,000019,20251209,91505170,0,270721,0,S,75800,100,
000019.SZ,000019,20251209,91505170,0,270722,0,S,75600,100,
000019.SZ,000019,20251209,91505170,0,270723,0,S,74900,100,
000019.SZ,000019,20251209,91505170,0,270724,0,S,74700,100,
000019.SZ,000019,20251209,91505170,0,270725,0,S,73800,100,
000019.SZ,000019,20251209,91505170,0,270726,0,S,73600,100,
000019.SZ,000019,20251209,91505170,0,270727,0,B,69800,100,
000019.SZ,000019,20251209,91505170,0,270728,0,B,68700,100,
000019.SZ,000019,20251209,91505180,0,270926,0,S,78000,1500,
000019.SZ,000019,20251209,91505190,0,271053,0,S,78000,1000,
000019.SZ,000019,20251209,91505250,0,271606,0,S,79100,100,
000019.SZ,000019,20251209,91505530,0,273483,0,B,70200,100,
000019.SZ,000019,20251209,91505550,0,274015,0,S,77700,1300,
000019.SZ,000019,20251209,91505680,0,275886,0,S,73800,800,
000019.SZ,000019,20251209,91505930,0,276990,0,B,69100,500,
000019.SZ,000019,20251209,91505930,0,276991,0,S,72800,500,
000019.SZ,000019,20251209,91505930,0,276994,0,S,73800,500,
000019.SZ,000019,20251209,91505930,0,276999,0,S,74800,500,
000019.SZ,000019,20251209,91506550,0,280159,0,B,69000,3000,
000019.SZ,000019,20251209,91506640,0,280993,0,S,78900,1400,
000019.SZ,000019,20251209,91506660,0,281335,0,B,69000,200,
000019.SZ,000019,20251209,91507060,0,282608,0,S,79100,1000,
000019.SZ,000019,20251209,91507200,0,283400,0,B,71100,100,
000019.SZ,000019,20251209,91507200,0,283403,0,B,70600,100,
000019.SZ,000019,20251209,91507200,0,283408,0,B,70300,100,
000019.SZ,000019,20251209,91507580,0,284642,0,S,79100,500,
000019.SZ,000019,20251209,91507630,0,285091,0,B,70200,1000,
000019.SZ,000019,20251209,91507630,0,285124,0,B,69200,1000,
000019.SZ,000019,20251209,91507630,0,285125,0,B,68200,1000,
000019.SZ,000019,20251209,91507630,0,285129,0,B,67200,2000,
000019.SZ,000019,20251209,91507630,0,285130,0,S,73500,1000,
000019.SZ,000019,20251209,91507630,0,285132,0,S,74500,1000,
000019.SZ,000019,20251209,91507630,0,285135,0,S,77700,1000,
000019.SZ,000019,20251209,91508350,0,286917,0,B,70300,7000,
000019.SZ,000019,20251209,91508350,0,286922,0,B,70300,7000,
000019.SZ,000019,20251209,91508560,0,287324,0,S,79100,4000,
000019.SZ,000019,20251209,91509610,0,289642,0,S,72300,1000,
000019.SZ,000019,20251209,91509610,0,289645,0,S,75500,2000,
000019.SZ,000019,20251209,91510600,0,291402,0,S,79100,5000,
000019.SZ,000019,20251209,91512120,0,293350,0,S,79100,1000,
000019.SZ,000019,20251209,91512410,0,293576,0,S,73800,1000,
000019.SZ,000019,20251209,91512630,0,294048,0,B,70000,4000,
000019.SZ,000019,20251209,91515150,0,294942,0,B,67300,100,
000019.SZ,000019,20251209,91515150,0,294943,0,S,73300,100,
000019.SZ,000019,20251209,91521020,0,296054,0,S,79000,1200,
000019.SZ,000019,20251209,91537510,0,299616,0,B,71900,3000,
000019.SZ,000019,20251209,91540750,0,300356,0,S,75400,100,
000019.SZ,000019,20251209,91541320,0,300493,0,S,79100,500,
000019.SZ,000019,20251209,91544740,0,301298,0,B,68400,100,
000019.SZ,000019,20251209,91548950,0,302396,0,S,72300,5000,
000019.SZ,000019,20251209,91549250,0,302479,0,B,71300,13200,
000019.SZ,000019,20251209,91550910,0,302861,0,S,77700,400,
000019.SZ,000019,20251209,91559000,0,305097,0,S,72300,300,
000019.SZ,000019,20251209,91601240,0,305762,0,S,74100,400,
000019.SZ,000019,20251209,91644650,0,317344,0,S,79100,22500,
000019.SZ,000019,20251209,91709070,0,324308,0,S,79100,1000,
000019.SZ,000019,20251209,91710690,0,324762,0,S,78000,500,
000019.SZ,000019,20251209,91713690,0,325652,0,S,74800,1000,
000019.SZ,000019,20251209,91731510,0,331045,0,S,72500,500,
000019.SZ,000019,20251209,91734620,0,332067,0,S,79100,1000,
000019.SZ,000019,20251209,91740410,0,333868,0,S,79000,1500,
000019.SZ,000019,20251209,91747470,0,336140,0,S,76300,1000,
000019.SZ,000019,20251209,91759100,0,339925,0,B,65600,200,
000019.SZ,000019,20251209,91810030,0,343727,0,B,70500,10000,
000019.SZ,000019,20251209,91816910,0,346173,0,B,70000,1000,
000019.SZ,000019,20251209,91821040,0,347651,0,S,73400,300,
000019.SZ,000019,20251209,91823700,0,348609,0,S,76300,1000,
000019.SZ,000019,20251209,91829570,0,350772,0,S,76100,2000,
000019.SZ,000019,20251209,91833860,0,352290,0,S,78800,2500,
000019.SZ,000019,20251209,91836200,0,353127,0,B,70000,500,
000019.SZ,000019,20251209,91842540,0,355377,0,S,76300,1000,
000019.SZ,000019,20251209,91848940,0,357680,0,S,73700,9000,
000019.SZ,000019,20251209,91855800,0,360245,0,S,76300,1000,
000019.SZ,000019,20251209,91912470,0,366658,0,S,76300,1000,
000019.SZ,000019,20251209,91924000,0,371145,0,S,76300,1000,
000019.SZ,000019,20251209,91934980,0,375560,0,S,72300,500,
000019.SZ,000019,20251209,91936130,0,375995,0,S,78600,700,
000019.SZ,000019,20251209,91936950,0,376315,0,S,76300,200,
000019.SZ,000019,20251209,91940710,0,377787,0,S,72900,500,
000019.SZ,000019,20251209,91943730,0,379123,0,S,79100,7400,
000019.SZ,000019,20251209,92010590,0,390697,0,S,72800,7000,
000019.SZ,000019,20251209,92018940,0,393718,0,B,65400,200,
000019.SZ,000019,20251209,92022430,0,395044,0,S,79100,2800,
000019.SZ,000019,20251209,92026630,0,396593,0,B,71100,300,
000019.SZ,000019,20251209,92044880,0,403272,0,B,72400,4900,
000019.SZ,000019,20251209,92057480,0,408079,0,S,73500,100,
000019.SZ,000019,20251209,92105910,0,411498,0,S,72200,5000,
000019.SZ,000019,20251209,92111190,0,413549,0,S,72100,1000,
000019.SZ,000019,20251209,92112890,0,414270,0,S,79000,1200,
000019.SZ,000019,20251209,92116020,0,415536,0,S,76800,500,
000019.SZ,000019,20251209,92118000,0,416348,0,S,73500,2000,
000019.SZ,000019,20251209,92119580,0,416982,0,S,77800,1000,
000019.SZ,000019,20251209,92121110,0,417598,0,S,72500,200,
000019.SZ,000019,20251209,92121900,0,417929,0,S,79100,200,
000019.SZ,000019,20251209,92122890,0,418324,0,S,74800,2400,
000019.SZ,000019,20251209,92129440,0,421028,0,S,72700,10000,
000019.SZ,000019,20251209,92132310,0,422329,0,S,76500,2200,
000019.SZ,000019,20251209,92132650,0,422493,0,S,72100,100,
000019.SZ,000019,20251209,92135820,0,423825,0,S,79100,6900,
000019.SZ,000019,20251209,92136490,0,424119,0,B,70700,200,
000019.SZ,000019,20251209,92137290,0,424489,0,S,73900,10000,
000019.SZ,000019,20251209,92139300,0,425339,0,S,72200,1000,
000019.SZ,000019,20251209,92144320,0,427485,0,S,79100,25600,
000019.SZ,000019,20251209,92147500,0,428810,0,S,79100,20000,
000019.SZ,000019,20251209,92147830,0,428949,0,S,72800,10000,
000019.SZ,000019,20251209,92150140,0,430056,0,S,74600,900,
000019.SZ,000019,20251209,92152210,0,430950,0,S,72000,5000,
000019.SZ,000019,20251209,92157070,0,433110,0,S,79100,5000,
000019.SZ,000019,20251209,92157280,0,433195,0,S,75600,600,
000019.SZ,000019,20251209,92202780,0,436125,0,B,70500,10000,
000019.SZ,000019,20251209,92209100,0,439087,0,S,74000,500,
000019.SZ,000019,20251209,92210570,0,439733,0,S,78900,2000,
000019.SZ,000019,20251209,92214350,0,441637,0,S,72400,7300,
000019.SZ,000019,20251209,92218020,0,443319,0,S,72900,1000,
000019.SZ,000019,20251209,92225980,0,447020,0,S,71900,5000,
000019.SZ,000019,20251209,92228130,0,447963,0,S,73300,600,
000019.SZ,000019,20251209,92228730,0,448245,0,B,65000,4000,
000019.SZ,000019,20251209,92230090,0,448918,0,S,72100,1500,
000019.SZ,000019,20251209,92230190,0,448970,0,S,74800,1000,
000019.SZ,000019,20251209,92239090,0,453282,0,S,74900,20000,
000019.SZ,000019,20251209,92244170,0,455830,0,B,70200,1000,
000019.SZ,000019,20251209,92246350,0,456925,0,S,73900,50000,
000019.SZ,000019,20251209,92254180,0,460969,0,S,72700,7700,
000019.SZ,000019,20251209,92254290,0,461036,0,B,70000,500,
000019.SZ,000019,20251209,92258840,0,463241,0,S,72000,800,
000019.SZ,000019,20251209,92303340,0,465610,0,S,79100,2500,
000019.SZ,000019,20251209,92303850,0,465871,0,B,65200,600,
000019.SZ,000019,20251209,92305710,0,466801,0,S,73800,60000,
000019.SZ,000019,20251209,92318390,0,473712,0,S,72900,200,
000019.SZ,000019,20251209,92320130,0,474718,0,S,72800,200,
000019.SZ,000019,20251209,92324010,0,476837,0,S,77400,1500,
000019.SZ,000019,20251209,92328010,0,479079,0,S,71900,2300,
000019.SZ,000019,20251209,92329200,0,479777,0,B,70500,1000,
000019.SZ,000019,20251209,92329610,0,480013,0,S,73900,300,
000019.SZ,000019,20251209,92331480,0,481115,0,S,71900,1000,
000019.SZ,000019,20251209,92334400,0,482766,0,S,72800,3500,
000019.SZ,000019,20251209,92335320,0,483275,0,S,73500,200,
000019.SZ,000019,20251209,92353000,0,493893,0,S,73500,10000,
000019.SZ,000019,20251209,92354230,0,494615,0,S,74100,1000,
000019.SZ,000019,20251209,92356800,0,496178,0,B,71100,20000,
000019.SZ,000019,20251209,92401200,0,498965,0,S,78000,100,
000019.SZ,000019,20251209,92401730,0,499335,0,B,71100,1200,
000019.SZ,000019,20251209,92402770,0,499979,0,B,69800,1400,
000019.SZ,000019,20251209,92402980,0,500105,0,B,70200,1000,
000019.SZ,000019,20251209,92410580,0,505439,0,B,71900,2000,
000019.SZ,000019,20251209,92411210,0,505910,0,B,70900,20000,
000019.SZ,000019,20251209,92416310,0,509973,0,S,78900,100,
000019.SZ,000019,20251209,92422550,0,515114,0,S,71900,2000,
000019.SZ,000019,20251209,92430390,0,521847,0,S,71900,10000,
000019.SZ,000019,20251209,92435170,0,526189,0,S,76000,800,
000019.SZ,000019,20251209,92437180,0,528016,0,S,71900,10000,
000019.SZ,000019,20251209,92438320,0,529220,0,B,75400,500,
000019.SZ,000019,20251209,92443470,0,534559,0,S,79100,1000,
000019.SZ,000019,20251209,92443900,0,535100,0,S,71600,1100,
000019.SZ,000019,20251209,92448110,0,539404,0,S,79100,2200,
000019.SZ,000019,20251209,92450240,0,542615,0,S,71800,6800,
000019.SZ,000019,20251209,92450380,0,542974,0,S,70500,500,
000019.SZ,000019,20251209,92450560,0,543289,0,S,70600,2800,
000019.SZ,000019,20251209,92453240,0,547282,0,S,71800,100,
000019.SZ,000019,20251209,92453340,0,547455,0,S,71800,200,
000019.SZ,000019,20251209,92455590,0,551359,0,B,72900,900,
000019.SZ,000019,20251209,92455800,0,551790,0,S,75900,500,
000019.SZ,000019,20251209,92457410,0,556272,0,B,70100,2000,
000019.SZ,000019,20251209,92458520,0,560105,0,S,71600,1100,
000019.SZ,000019,20251209,92459060,0,561908,0,S,71100,1300,
000019.SZ,000019,20251209,92459530,0,564196,0,S,71600,2400,
000019.SZ,000019,20251209,92459900,0,566224,0,S,69700,1800,
000019.SZ,000019,20251209,92459910,0,566323,0,S,70500,800,
000019.SZ,000019,20251209,92459990,0,567653,0,B,72700,1300,
000019.SZ,000019,20251209,93000050,0,680043,0,B,72300,100,
000019.SZ,000019,20251209,93000050,0,680130,0,B,72300,700,
000019.SZ,000019,20251209,93000060,0,686064,0,S,71800,1700,
000019.SZ,000019,20251209,93000060,0,687472,0,B,70600,3000,
000019.SZ,000019,20251209,93000060,0,688083,0,B,71600,100,
000019.SZ,000019,20251209,93000060,0,690537,0,B,71600,300,
000019.SZ,000019,20251209,93000060,0,691749,0,S,73000,6000,
000019.SZ,000019,20251209,93000080,0,701872,0,B,71600,700,
000019.SZ,000019,20251209,93000090,0,709048,0,S,71700,12900,
000019.SZ,000019,20251209,93000100,0,713038,0,S,72700,900,
000019.SZ,000019,20251209,93000110,0,715437,0,S,79100,400,
000019.SZ,000019,20251209,93000110,0,719690,0,S,71700,700,
000019.SZ,000019,20251209,93000120,0,724857,0,S,72200,1400,
000019.SZ,000019,20251209,93000120,0,725199,0,B,71600,400,
000019.SZ,000019,20251209,93000120,0,726198,0,B,71200,1400,
000019.SZ,000019,20251209,93000130,0,729757,0,S,71700,700,
000019.SZ,000019,20251209,93000140,0,733495,0,B,70200,3000,
000019.SZ,000019,20251209,93000150,0,738909,0,S,72900,10000,
000019.SZ,000019,20251209,93000160,0,745694,0,B,70800,1600,
000019.SZ,000019,20251209,93000170,0,750177,0,B,71600,400,
000019.SZ,000019,20251209,93000180,0,754675,0,B,65100,1000,
000019.SZ,000019,20251209,93000190,0,759263,0,S,79000,1200,
000019.SZ,000019,20251209,93000200,0,763525,0,S,79100,600,
000019.SZ,000019,20251209,93000200,0,763943,0,B,71600,2000,
000019.SZ,000019,20251209,93000200,0,765545,0,B,69800,3000,
000019.SZ,000019,20251209,93000200,0,766791,0,S,73600,2600,
000019.SZ,000019,20251209,93000220,0,772704,0,S,72800,1600,
000019.SZ,000019,20251209,93000230,0,777784,0,S,71700,800,
000019.SZ,000019,20251209,93000240,0,779208,0,S,73500,3000,
000019.SZ,000019,20251209,93000240,0,780833,0,B,69800,700,
000019.SZ,000019,20251209,93000260,0,785905,0,B,71800,2900,
000019.SZ,000019,20251209,93000270,0,792063,0,B,70100,2000,
000019.SZ,000019,20251209,93000280,0,793548,0,B,70800,1000,
000019.SZ,000019,20251209,93000280,0,794859,0,S,75000,3000,
000019.SZ,000019,20251209,93000300,0,800653,0,S,79000,1000,
000019.SZ,000019,20251209,93000300,0,800784,0,B,70900,2000,
000019.SZ,000019,20251209,93000330,0,808985,0,S,72800,14200,
000019.SZ,000019,20251209,93000340,0,811322,0,B,70400,4000,
000019.SZ,000019,20251209,93000340,0,812092,0,B,71200,3000,
000019.SZ,000019,20251209,93000350,0,812611,0,B,69500,1000,
000019.SZ,000019,20251209,93000360,0,814808,0,S,72500,500,
000019.SZ,000019,20251209,93000360,0,815852,0,B,71100,5000,
000019.SZ,000019,20251209,93000360,0,816944,0,B,70700,10000,
000019.SZ,000019,20251209,93000370,0,817688,0,B,71300,5000,
000019.SZ,000019,20251209,93000380,0,819947,0,B,70000,200,
000019.SZ,000019,20251209,93000390,0,821961,0,B,70300,17100,
000019.SZ,000019,20251209,93000390,0,822491,0,B,71100,5000,
000019.SZ,000019,20251209,93000410,0,824486,0,S,73500,5000,
000019.SZ,000019,20251209,93000410,0,824535,0,S,74600,10000,
000019.SZ,000019,20251209,93000420,0,827676,0,S,71800,3000,
000019.SZ,000019,20251209,93000430,0,827853,0,S,76300,15000,
000019.SZ,000019,20251209,93000430,0,829335,0,S,77700,15000,
000019.SZ,000019,20251209,93000440,0,829874,0,B,67000,500,
000019.SZ,000019,20251209,93000470,0,836298,0,S,72000,1800,
000019.SZ,000019,20251209,93000470,0,836567,0,S,71700,700,
000019.SZ,000019,20251209,93000470,0,836916,0,S,71600,200,
000019.SZ,000019,20251209,93000530,0,847614,0,S,76300,1000,
000019.SZ,000019,20251209,93000570,0,853902,0,S,71600,100,
000019.SZ,000019,20251209,93000580,0,855784,0,S,79100,20000,
000019.SZ,000019,20251209,93000580,0,855998,0,S,71700,100,
000019.SZ,000019,20251209,93000600,0,859991,0,B,71900,700,
000019.SZ,000019,20251209,93000610,0,862044,0,S,71400,2000,
000019.SZ,000019,20251209,93000620,0,863020,0,B,70200,1500,
000019.SZ,000019,20251209,93000620,0,864214,0,S,72300,2900,
000019.SZ,000019,20251209,93000640,0,865961,0,S,73400,1200,
000019.SZ,000019,20251209,93000700,0,876809,0,B,69700,500,
000019.SZ,000019,20251209,93000760,0,886534,0,B,71200,1500,
000019.SZ,000019,20251209,93000770,0,886978,0,B,70100,23400,
000019.SZ,000019,20251209,93000790,0,891456,0,S,71900,1200,
000019.SZ,000019,20251209,93000860,0,902927,0,B,71900,700,
000019.SZ,000019,20251209,93000870,0,905513,0,S,71600,100,
000019.SZ,000019,20251209,93000890,0,907421,0,S,72700,1000,
000019.SZ,000019,20251209,93000890,0,907488,0,S,71700,100,
000019.SZ,000019,20251209,93000950,0,916686,0,S,71600,100,
000019.SZ,000019,20251209,93000950,0,916696,0,S,71600,100,
000019.SZ,000019,20251209,93000950,0,916713,0,S,71600,100,
000019.SZ,000019,20251209,93000950,0,916908,0,S,71600,100,
000019.SZ,000019,20251209,93000950,0,916915,0,S,71600,100,
000019.SZ,000019,20251209,93000970,0,920656,0,S,73500,5000,
000019.SZ,000019,20251209,93000990,0,923841,0,S,71800,10000,
000019.SZ,000019,20251209,93001030,0,930264,0,B,71700,400,
000019.SZ,000019,20251209,93001030,0,930312,0,S,77400,800,
000019.SZ,000019,20251209,93001040,0,931936,0,B,71300,9100,
000019.SZ,000019,20251209,93001050,0,933760,0,B,71400,10000,
000019.SZ,000019,20251209,93001090,0,938314,0,S,72200,5000,
000019.SZ,000019,20251209,93001110,0,941431,0,S,73200,2600,
000019.SZ,000019,20251209,93001150,0,946704,0,S,79000,2500,
000019.SZ,000019,20251209,93001150,0,946776,0,S,71700,2800,
000019.SZ,000019,20251209,93001200,0,952347,0,S,74000,500,
000019.SZ,000019,20251209,93001230,0,955555,0,B,71600,200,
000019.SZ,000019,20251209,93001260,0,958171,0,S,72400,4000,
000019.SZ,000019,20251209,93001260,0,958207,0,S,73700,900,
000019.SZ,000019,20251209,93001280,0,959366,0,S,71600,200,
000019.SZ,000019,20251209,93001520,0,979732,0,S,71600,100,
000019.SZ,000019,20251209,93001540,0,981677,0,B,71000,1500,
000019.SZ,000019,20251209,93001670,0,993196,0,B,71700,1400,
000019.SZ,000019,20251209,93001720,0,997090,0,S,72900,500,
000019.SZ,000019,20251209,93001730,0,998019,0,B,71600,100,
000019.SZ,000019,20251209,93001750,0,999745,0,B,68100,9900,
000019.SZ,000019,20251209,93001770,0,1001570,0,S,77800,600,
000019.SZ,000019,20251209,93001820,0,1005550,0,B,70700,300,
000019.SZ,000019,20251209,93001820,0,1005628,0,S,79100,10000,
000019.SZ,000019,20251209,93001900,0,1013118,0,S,79100,800,
000019.SZ,000019,20251209,93002010,0,1025248,0,B,70100,10100,
000019.SZ,000019,20251209,93002030,0,1027715,0,B,70100,28000,
000019.SZ,000019,20251209,93002040,0,1028820,0,S,71500,100,
000019.SZ,000019,20251209,93002050,0,1029557,0,S,72100,2100,
000019.SZ,000019,20251209,93002060,0,1031408,0,S,76800,500,
000019.SZ,000019,20251209,93002080,0,1033198,0,S,71800,5200,
000019.SZ,000019,20251209,93002110,0,1035788,0,S,72300,10000,
000019.SZ,000019,20251209,93002170,0,1041004,0,S,71800,10000,
000019.SZ,000019,20251209,93002210,0,1044088,0,S,79100,4500,
000019.SZ,000019,20251209,93002270,0,1047801,0,B,71600,100,
000019.SZ,000019,20251209,93002370,0,1053086,0,S,71500,1000,
000019.SZ,000019,20251209,93002440,0,1057815,0,S,71600,100,
000019.SZ,000019,20251209,93002610,0,1068368,0,S,73900,700,
000019.SZ,000019,20251209,93002670,0,1073109,0,B,71200,1500,
000019.SZ,000019,20251209,93002770,0,1078804,0,S,71800,500,
000019.SZ,000019,20251209,93002830,0,1081871,0,B,70500,1000,
000019.SZ,000019,20251209,93002850,0,1083647,0,S,72600,2000,
000019.SZ,000019,20251209,93002960,0,1090448,0,S,79000,200,
000019.SZ,000019,20251209,93003000,0,1093013,0,S,75000,2000,
000019.SZ,000019,20251209,93003000,0,1093562,0,S,71800,800,
000019.SZ,000019,20251209,93003010,0,1094494,0,B,70900,4000,
000019.SZ,000019,20251209,93003150,0,1104604,0,B,71700,2900,
000019.SZ,000019,20251209,93003150,0,1104626,0,B,71700,100,
000019.SZ,000019,20251209,93003150,0,1104630,0,B,71700,100,
000019.SZ,000019,20251209,93003150,0,1104680,0,B,71700,200,
000019.SZ,000019,20251209,93003150,0,1104736,0,B,71600,100,
000019.SZ,000019,20251209,93003150,0,1104746,0,B,71500,1100,
000019.SZ,000019,20251209,93003150,0,1104893,0,B,71600,100,
000019.SZ,000019,20251209,93003150,0,1104932,0,B,71600,1100,
000019.SZ,000019,20251209,93003190,0,1108108,0,B,71600,100,
000019.SZ,000019,20251209,93003190,0,1108113,0,B,71600,100,
000019.SZ,000019,20251209,93003190,0,1108114,0,B,71600,100,
000019.SZ,000019,20251209,93003190,0,1108115,0,B,71600,100,
000019.SZ,000019,20251209,93003240,0,1111037,0,B,71600,100,
000019.SZ,000019,20251209,93003240,0,1111056,0,B,71600,100,
000019.SZ,000019,20251209,93003250,0,1111464,0,B,71500,5000,
000019.SZ,000019,20251209,93003250,0,1111794,0,B,71600,100,
000019.SZ,000019,20251209,93003250,0,1111852,0,B,71600,1100,
000019.SZ,000019,20251209,93003260,0,1112010,0,B,71600,800,
000019.SZ,000019,20251209,93003260,0,1112367,0,B,70300,500,
000019.SZ,000019,20251209,93003310,0,1114015,0,B,67800,300,
000019.SZ,000019,20251209,93003330,0,1114589,0,S,73200,500,
000019.SZ,000019,20251209,93003330,0,1114828,0,S,72800,16800,
000019.SZ,000019,20251209,93003430,0,1120652,0,S,71700,100,
000019.SZ,000019,20251209,93003540,0,1125143,0,B,71000,900,
000019.SZ,000019,20251209,93003560,0,1126711,0,B,70600,500,
000019.SZ,000019,20251209,93003640,0,1131863,0,B,71600,200,
000019.SZ,000019,20251209,93003640,0,1131955,0,B,71600,100,
000019.SZ,000019,20251209,93003640,0,1131968,0,B,71600,100,
000019.SZ,000019,20251209,93003650,0,1132465,0,B,71600,2000,
000019.SZ,000019,20251209,93003650,0,1132598,0,B,71600,500,
000019.SZ,000019,20251209,93003660,0,1132809,0,B,71600,200,
000019.SZ,000019,20251209,93003660,0,1132845,0,B,71600,200,
000019.SZ,000019,20251209,93003660,0,1132984,0,B,71500,1900,
000019.SZ,000019,20251209,93003720,0,1137063,0,S,79000,1500,
000019.SZ,000019,20251209,93003800,0,1141194,0,S,71700,200,
000019.SZ,000019,20251209,93003880,0,1144490,0,B,73100,1000,
000019.SZ,000019,20251209,93003890,0,1144902,0,S,71900,3000,
000019.SZ,000019,20251209,93003950,0,1147421,0,S,79000,500,
000019.SZ,000019,20251209,93004020,0,1152188,0,S,74800,10000,
000019.SZ,000019,20251209,93004210,0,1161542,0,S,71700,500,
000019.SZ,000019,20251209,93004380,0,1167348,0,S,72000,2000,
000019.SZ,000019,20251209,93004470,0,1172280,0,S,72200,400,
000019.SZ,000019,20251209,93004520,0,1174436,0,B,71600,700,
000019.SZ,000019,20251209,93004550,0,1175363,0,S,76000,700,
000019.SZ,000019,20251209,93004640,0,1179975,0,S,74800,1000,
000019.SZ,000019,20251209,93004650,0,1180429,0,S,78900,3500,
000019.SZ,000019,20251209,93004670,0,1181254,0,S,71900,22600,
000019.SZ,000019,20251209,93004690,0,1182257,0,B,71600,100,
000019.SZ,000019,20251209,93004700,0,1182633,0,B,71600,100,
000019.SZ,000019,20251209,93004720,0,1183116,0,B,71600,100,
000019.SZ,000019,20251209,93004740,0,1184306,0,B,71600,100,
000019.SZ,000019,20251209,93004770,0,1185458,0,B,70500,500,
000019.SZ,000019,20251209,93004930,0,1191244,0,B,71500,700,
000019.SZ,000019,20251209,93004950,0,1192583,0,S,75000,300,
000019.SZ,000019,20251209,93004960,0,1192749,0,B,71500,200,
000019.SZ,000019,20251209,93005350,0,1206205,0,S,71600,400,
000019.SZ,000019,20251209,93005490,0,1209605,0,B,71100,10000,
000019.SZ,000019,20251209,93005520,0,1210280,0,S,71700,1000,
000019.SZ,000019,20251209,93005630,0,1212892,0,B,71100,3000,
000019.SZ,000019,20251209,93005850,0,1219697,0,S,79100,200,
000019.SZ,000019,20251209,93005870,0,1220403,0,S,75500,500,
000019.SZ,000019,20251209,93005880,0,1220690,0,S,74500,600,
000019.SZ,000019,20251209,93005950,0,1222744,0,S,78900,1000,
000019.SZ,000019,20251209,93005960,0,1223072,0,S,74000,100,
000019.SZ,000019,20251209,93005970,0,1223561,0,S,73500,100,
000019.SZ,000019,20251209,93006020,0,1225733,0,S,72300,3000,
000019.SZ,000019,20251209,93006290,0,1232810,0,B,71700,200,
000019.SZ,000019,20251209,93006290,0,1232887,0,B,71800,100,
000019.SZ,000019,20251209,93006390,0,1238357,0,B,71900,100,
000019.SZ,000019,20251209,93006590,0,1244140,0,S,71700,100,
000019.SZ,000019,20251209,93006690,0,1247700,0,B,71700,1400,
000019.SZ,000019,20251209,93006880,0,1252918,0,S,72000,100,
000019.SZ,000019,20251209,93006940,0,1254586,0,S,77700,1000,
000019.SZ,000019,20251209,93007030,0,1257241,0,S,72600,5000,
000019.SZ,000019,20251209,93007360,0,1265424,0,S,71600,800,
000019.SZ,000019,20251209,93007400,0,1266502,0,S,73900,2800,
000019.SZ,000019,20251209,93007400,0,1266512,0,B,71000,200,
000019.SZ,000019,20251209,93007430,0,1267663,0,B,71400,100,
000019.SZ,000019,20251209,93007440,0,1267960,0,S,73900,1100,
000019.SZ,000019,20251209,93007470,0,1268503,0,S,71600,100,
000019.SZ,000019,20251209,93007660,0,1273698,0,S,71800,100,
000019.SZ,000019,20251209,93007690,0,1274989,0,S,71200,100,
000019.SZ,000019,20251209,93008390,0,1288598,0,S,72500,100,
000019.SZ,000019,20251209,93008410,0,1288983,0,S,73000,100,
000019.SZ,000019,20251209,93008870,0,1295794,0,B,71600,300,
000019.SZ,000019,20251209,93008880,0,1295815,0,S,74000,1500,
000019.SZ,000019,20251209,93008920,0,1296383,0,B,71700,300,
000019.SZ,000019,20251209,93008930,0,1296539,0,B,71700,200,
000019.SZ,000019,20251209,93008940,0,1296687,0,B,71700,1200,
000019.SZ,000019,20251209,93008940,0,1296817,0,B,71700,300,
000019.SZ,000019,20251209,93009020,0,1298305,0,S,71700,200,
000019.SZ,000019,20251209,93009060,0,1299582,0,S,71700,400,
000019.SZ,000019,20251209,93009150,0,1300672,0,B,71700,1900,
000019.SZ,000019,20251209,93009150,0,1300717,0,S,71700,100,
000019.SZ,000019,20251209,93009170,0,1301105,0,B,70500,3900,
000019.SZ,000019,20251209,93009190,0,1301383,0,S,71700,100,
000019.SZ,000019,20251209,93009910,0,1318368,0,S,71700,200,
000019.SZ,000019,20251209,93009930,0,1318663,0,S,71700,100,
000019.SZ,000019,20251209,93009950,0,1319180,0,B,71500,100,
000019.SZ,000019,20251209,93010340,0,1326787,0,S,71700,1100,
000019.SZ,000019,20251209,93010390,0,1327649,0,S,71800,100,
000019.SZ,000019,20251209,93010530,0,1331299,0,S,71700,100,
000019.SZ,000019,20251209,93010840,0,1337023,0,S,71700,1100,
000019.SZ,000019,20251209,93011590,0,1346086,0,B,71700,100,
000019.SZ,000019,20251209,93011660,0,1347113,0,S,72200,5000,
000019.SZ,000019,20251209,93011740,0,1347845,0,B,71700,2500,
000019.SZ,000019,20251209,93011740,0,1347846,0,B,71700,300,
000019.SZ,000019,20251209,93011740,0,1347849,0,B,71700,200,
000019.SZ,000019,20251209,93011740,0,1347854,0,B,71700,100,
000019.SZ,000019,20251209,93011740,0,1347860,0,B,71700,300,
000019.SZ,000019,20251209,93011740,0,1347870,0,B,71700,100,
000019.SZ,000019,20251209,93011810,0,1348484,0,B,71800,100,
000019.SZ,000019,20251209,93011810,0,1348492,0,B,71800,100,
000019.SZ,000019,20251209,93011840,0,1348710,0,B,71800,100,
000019.SZ,000019,20251209,93011940,0,1349662,0,B,71800,100,
000019.SZ,000019,20251209,93011940,0,1349664,0,B,71800,200,
000019.SZ,000019,20251209,93012150,0,1352102,0,B,71700,100,
000019.SZ,000019,20251209,93012150,0,1352104,0,B,71700,200,
000019.SZ,000019,20251209,93012200,0,1352831,0,B,71800,100,
000019.SZ,000019,20251209,93012210,0,1353023,0,B,71700,100,
000019.SZ,000019,20251209,93012240,0,1353481,0,B,71700,100,
000019.SZ,000019,20251209,93012250,0,1353926,0,S,71700,100,
000019.SZ,000019,20251209,93012260,0,1354089,0,S,71700,100,
000019.SZ,000019,20251209,93012260,0,1354091,0,S,71700,100,
000019.SZ,000019,20251209,93012260,0,1354097,0,S,71700,100,
000019.SZ,000019,20251209,93012270,0,1354258,0,B,71800,200,
000019.SZ,000019,20251209,93012270,0,1354263,0,B,71800,100,
000019.SZ,000019,20251209,93012270,0,1354268,0,B,71800,100,
000019.SZ,000019,20251209,93012270,0,1354279,0,B,71800,800,
000019.SZ,000019,20251209,93012300,0,1354961,0,B,71800,100,
000019.SZ,000019,20251209,93012310,0,1354985,0,B,71800,100,
000019.SZ,000019,20251209,93012310,0,1355000,0,B,71800,200,
000019.SZ,000019,20251209,93012310,0,1355011,0,B,71800,400,
000019.SZ,000019,20251209,93012330,0,1355837,0,B,71700,700,
000019.SZ,000019,20251209,93012330,0,1355838,0,B,71700,1000,
000019.SZ,000019,20251209,93012340,0,1356294,0,B,71800,1700,
000019.SZ,000019,20251209,93012360,0,1356507,0,B,71700,100,
000019.SZ,000019,20251209,93012360,0,1356509,0,B,71700,100,
000019.SZ,000019,20251209,93012470,0,1359524,0,S,71700,100,
000019.SZ,000019,20251209,93013650,0,1382293,0,S,71700,100,
000019.SZ,000019,20251209,93013920,0,1386104,0,S,71700,200,
000019.SZ,000019,20251209,93014110,0,1389076,0,S,71700,100,
000019.SZ,000019,20251209,93014450,0,1392983,0,B,71700,1200,
000019.SZ,000019,20251209,93014450,0,1393038,0,S,71700,300,
000019.SZ,000019,20251209,93014730,0,1396166,0,B,71700,400,
000019.SZ,000019,20251209,93014730,0,1396185,0,B,71700,4200,
000019.SZ,000019,20251209,93014730,0,1396186,0,B,71600,1200,
000019.SZ,000019,20251209,93015270,0,1402888,0,S,71800,100,
000019.SZ,000019,20251209,93015280,0,1403364,0,S,71700,2800,
000019.SZ,000019,20251209,93015280,0,1403415,0,S,71700,200,
000019.SZ,000019,20251209,93015280,0,1403422,0,S,71700,300,
000019.SZ,000019,20251209,93015280,0,1403425,0,S,71700,100,
000019.SZ,000019,20251209,93015280,0,1403428,0,S,71700,600,
000019.SZ,000019,20251209,93015280,0,1403432,0,S,71700,200,
000019.SZ,000019,20251209,93015370,0,1405884,0,S,73200,200,
000019.SZ,000019,20251209,93016980,0,1441128,0,S,71700,300,
000019.SZ,000019,20251209,93017000,0,1441493,0,S,71700,200,
000019.SZ,000019,20251209,93017010,0,1441527,0,S,71700,300,
000019.SZ,000019,20251209,93017010,0,1441606,0,S,71700,1300,
000019.SZ,000019,20251209,93019260,0,1476308,0,B,71800,3300,
000019.SZ,000019,20251209,93019550,0,1481700,0,S,71700,1600,
000019.SZ,000019,20251209,93019720,0,1484739,0,S,71700,100,
000019.SZ,000019,20251209,93020420,0,1494544,0,S,72200,4000,
000019.SZ,000019,20251209,93021000,0,1501174,0,S,71800,200,
000019.SZ,000019,20251209,93021150,0,1502881,0,S,71700,200,
000019.SZ,000019,20251209,93021150,0,1502889,0,S,71700,400,
000019.SZ,000019,20251209,93021150,0,1502891,0,S,71700,400,
000019.SZ,000019,20251209,93021150,0,1502898,0,S,71700,300,
000019.SZ,000019,20251209,93021150,0,1502900,0,S,71700,100,
000019.SZ,000019,20251209,93021150,0,1502905,0,S,71700,100,
000019.SZ,000019,20251209,93021150,0,1502912,0,S,71700,400,
000019.SZ,000019,20251209,93021150,0,1502917,0,S,71700,400,
000019.SZ,000019,20251209,93021150,0,1502919,0,S,71700,400,
000019.SZ,000019,20251209,93021150,0,1502927,0,S,71700,400,
000019.SZ,000019,20251209,93021150,0,1502935,0,S,71700,200,
000019.SZ,000019,20251209,93021150,0,1503022,0,S,71800,100,
000019.SZ,000019,20251209,93021150,0,1503161,0,S,71700,900,
000019.SZ,000019,20251209,93021220,0,1505068,0,S,71700,1200,
000019.SZ,000019,20251209,93022500,0,1529747,0,S,76600,2100,
000019.SZ,000019,20251209,93022860,0,1535296,0,S,71700,100,
000019.SZ,000019,20251209,93023160,0,1539217,0,S,71700,100,
000019.SZ,000019,20251209,93023980,0,1548583,0,B,71600,1100,
000019.SZ,000019,20251209,93023980,0,1548585,0,B,71600,1000,
000019.SZ,000019,20251209,93024100,0,1550008,0,S,75000,100,
000019.SZ,000019,20251209,93024250,0,1552190,0,S,71600,100,
000019.SZ,000019,20251209,93024310,0,1553269,0,S,71600,100,
000019.SZ,000019,20251209,93025100,0,1568066,0,S,71600,100,
000019.SZ,000019,20251209,93025180,0,1569290,0,S,71600,3400,
000019.SZ,000019,20251209,93026990,0,1593639,0,S,71700,1700,
000019.SZ,000019,20251209,93027700,0,1605806,0,S,71700,100,
000019.SZ,000019,20251209,93027740,0,1606819,0,S,71600,100,
000019.SZ,000019,20251209,93028330,0,1615926,0,S,73800,2000,
000019.SZ,000019,20251209,93029140,0,1628838,0,S,71700,200,
000019.SZ,000019,20251209,93030330,0,1645981,0,S,71600,20000,
000019.SZ,000019,20251209,93030390,0,1647105,0,S,71700,100,
000019.SZ,000019,20251209,93030500,0,1649986,0,S,71700,100,
000019.SZ,000019,20251209,93030580,0,1651310,0,S,71700,200,
000019.SZ,000019,20251209,93030610,0,1651737,0,S,71700,100,
000019.SZ,000019,20251209,93030680,0,1653109,0,S,71700,100,
000019.SZ,000019,20251209,93031110,0,1660951,0,S,71700,100,
000019.SZ,000019,20251209,93031720,0,1672311,0,S,71700,200,
000019.SZ,000019,20251209,93031720,0,1672314,0,S,71700,100,
000019.SZ,000019,20251209,93032250,0,1679712,0,S,71700,1200,
000019.SZ,000019,20251209,93032360,0,1681192,0,S,71600,100,
000019.SZ,000019,20251209,93032380,0,1681503,0,S,71700,100,
000019.SZ,000019,20251209,93032760,0,1686022,0,S,72600,1500,
000019.SZ,000019,20251209,93032850,0,1686925,0,B,71500,1300,
000019.SZ,000019,20251209,93033180,0,1690801,0,B,71600,100,
000019.SZ,000019,20251209,93033200,0,1691117,0,B,71500,100,
000019.SZ,000019,20251209,93033230,0,1691673,0,B,71500,100,
000019.SZ,000019,20251209,93033290,0,1693073,0,S,71600,100,
000019.SZ,000019,20251209,93033290,0,1693121,0,S,71600,100,
000019.SZ,000019,20251209,93033510,0,1697299,0,B,71500,100,
000019.SZ,000019,20251209,93033550,0,1697908,0,B,71500,300,
000019.SZ,000019,20251209,93033850,0,1704209,0,S,71600,200,
000019.SZ,000019,20251209,93034170,0,1708893,0,S,71600,1700,
000019.SZ,000019,20251209,93034580,0,1716221,0,S,74900,10000,
000019.SZ,000019,20251209,93035230,0,1726470,0,S,71500,100,
000019.SZ,000019,20251209,93035410,0,1729214,0,S,78700,20700,
000019.SZ,000019,20251209,93035730,0,1733857,0,B,71500,100,
000019.SZ,000019,20251209,93035870,0,1735738,0,B,71400,5400,
000019.SZ,000019,20251209,93035920,0,1736462,0,S,71600,6700,
000019.SZ,000019,20251209,93036110,0,1739113,0,S,71700,1800,
000019.SZ,000019,20251209,93036150,0,1739794,0,S,79100,27000,
000019.SZ,000019,20251209,93036200,0,1740671,0,S,71500,600,
000019.SZ,000019,20251209,93037550,0,1770720,0,B,71500,6500,
000019.SZ,000019,20251209,93044730,0,1906492,0,S,71500,900,
000019.SZ,000019,20251209,93045150,0,1915508,0,B,71600,200,
000019.SZ,000019,20251209,93045150,0,1915511,0,B,71600,300,
000019.SZ,000019,20251209,93045150,0,1915514,0,B,71600,200,
000019.SZ,000019,20251209,93045150,0,1915516,0,B,71600,100,
000019.SZ,000019,20251209,93045150,0,1915519,0,B,71600,100,
000019.SZ,000019,20251209,93045150,0,1915525,0,B,71600,100,
000019.SZ,000019,20251209,93045150,0,1915527,0,B,71600,300,
000019.SZ,000019,20251209,93045150,0,1915529,0,B,71600,100,
000019.SZ,000019,20251209,93045160,0,1915813,0,B,71600,100,
000019.SZ,000019,20251209,93048040,0,1964392,0,S,71800,300,
000019.SZ,000019,20251209,93048150,0,1966071,0,B,71600,100,
000019.SZ,000019,20251209,93048240,0,1967588,0,B,71500,500,
000019.SZ,000019,20251209,93048720,0,1975243,0,B,71600,300,
000019.SZ,000019,20251209,93051000,0,2008319,0,B,71100,9300,
000019.SZ,000019,20251209,93051290,0,2013016,0,S,71700,200,
000019.SZ,000019,20251209,93051320,0,2013448,0,S,71700,400,
000019.SZ,000019,20251209,93051450,0,2015401,0,S,72700,2400,
000019.SZ,000019,20251209,93051960,0,2023081,0,B,70700,2000,
000019.SZ,000019,20251209,93052000,0,2023544,0,S,71600,100,
000019.SZ,000019,20251209,93052230,0,2026873,0,B,71000,10000,
000019.SZ,000019,20251209,93052430,0,2029863,0,B,71500,1000,
000019.SZ,000019,20251209,93052620,0,2032746,0,S,71800,100,
000019.SZ,000019,20251209,93053790,0,2047034,0,B,71200,10000,
000019.SZ,000019,20251209,93053850,0,2047624,0,B,71400,1200,
000019.SZ,000019,20251209,93054410,0,2056114,0,S,71600,100,
000019.SZ,000019,20251209,93055400,0,2072065,0,S,71600,1000,
000019.SZ,000019,20251209,93057250,0,2095245,0,S,76500,400,
000019.SZ,000019,20251209,93058250,0,2108763,0,B,70900,1300,
000019.SZ,000019,20251209,93058360,0,2110216,0,B,71500,3000,
000019.SZ,000019,20251209,93058380,0,2110363,0,B,71600,400,
000019.SZ,000019,20251209,93059240,0,2121346,0,B,71600,100,
000019.SZ,000019,20251209,93100370,0,2136862,0,S,71500,5200,
000019.SZ,000019,20251209,93100520,0,2139916,0,B,71200,13700,
000019.SZ,000019,20251209,93101120,0,2152476,0,B,71600,100,
000019.SZ,000019,20251209,93102090,0,2169457,0,S,71500,10000,
000019.SZ,000019,20251209,93102360,0,2173527,0,S,71600,100,
000019.SZ,000019,20251209,93103040,0,2182217,0,B,71500,900,
000019.SZ,000019,20251209,93104690,0,2210224,0,B,71500,200,
000019.SZ,000019,20251209,93104910,0,2213549,0,B,71500,100,
000019.SZ,000019,20251209,93104930,0,2213749,0,B,71600,100,
000019.SZ,000019,20251209,93104980,0,2214414,0,B,71500,700,
000019.SZ,000019,20251209,93106750,0,2240716,0,B,71500,100,
000019.SZ,000019,20251209,93106780,0,2241161,0,B,71500,500,
000019.SZ,000019,20251209,93107880,0,2258552,0,B,71500,100,
000019.SZ,000019,20251209,93107910,0,2258833,0,B,71500,500,
000019.SZ,000019,20251209,93108860,0,2271116,0,B,71700,500,
000019.SZ,000019,20251209,93109220,0,2275987,0,B,71500,500,
000019.SZ,000019,20251209,93109230,0,2276221,0,B,71600,100,
000019.SZ,000019,20251209,93109230,0,2276224,0,B,71600,100,
000019.SZ,000019,20251209,93109250,0,2276482,0,B,71600,100,
000019.SZ,000019,20251209,93109740,0,2283393,0,S,71900,113600,
000019.SZ,000019,20251209,93109740,0,2283521,0,B,71600,100,
000019.SZ,000019,20251209,93111580,0,2311026,0,B,71400,2000,
000019.SZ,000019,20251209,93111590,0,2311185,0,S,71500,100,
000019.SZ,000019,20251209,93111600,0,2311226,0,B,71600,100,
000019.SZ,000019,20251209,93111610,0,2311352,0,B,71600,100,
000019.SZ,000019,20251209,93111610,0,2311380,0,B,71600,100,
000019.SZ,000019,20251209,93111720,0,2312790,0,S,71200,2100,
000019.SZ,000019,20251209,93112190,0,2319014,0,B,71500,800,
000019.SZ,000019,20251209,93112200,0,2319174,0,B,71600,100,
000019.SZ,000019,20251209,93113030,0,2333469,0,S,71600,13100,
000019.SZ,000019,20251209,93114390,0,2352697,0,S,71500,3900,
000019.SZ,000019,20251209,93114600,0,2355091,0,S,74400,400,
000019.SZ,000019,20251209,93117470,0,2391530,0,S,77000,1200,
000019.SZ,000019,20251209,93118170,0,2399842,0,S,71500,1000,
000019.SZ,000019,20251209,93118900,0,2410096,0,B,71500,800,
000019.SZ,000019,20251209,93119820,0,2422524,0,S,72000,200,
000019.SZ,000019,20251209,93120310,0,2427797,0,B,71500,1000,
000019.SZ,000019,20251209,93120500,0,2430285,0,S,71400,600,
000019.SZ,000019,20251209,93121220,0,2438639,0,S,71700,500,
000019.SZ,000019,20251209,93121240,0,2438995,0,S,71700,600,
000019.SZ,000019,20251209,93121250,0,2439290,0,S,71700,1600,
000019.SZ,000019,20251209,93121460,0,2442007,0,S,71700,200,
000019.SZ,000019,20251209,93121540,0,2443034,0,S,71500,7300,
000019.SZ,000019,20251209,93121900,0,2448103,0,B,71500,1500,
000019.SZ,000019,20251209,93121910,0,2448162,0,B,71500,100,
000019.SZ,000019,20251209,93121910,0,2448177,0,B,71500,700,
000019.SZ,000019,20251209,93121910,0,2448200,0,B,71500,300,
000019.SZ,000019,20251209,93121910,0,2448233,0,S,71500,100,
000019.SZ,000019,20251209,93121960,0,2448806,0,S,71700,600,
000019.SZ,000019,20251209,93122200,0,2451919,0,S,71500,300,
000019.SZ,000019,20251209,93122340,0,2454090,0,B,71400,2000,
000019.SZ,000019,20251209,93122550,0,2457248,0,B,71500,700,
000019.SZ,000019,20251209,93122560,0,2457394,0,S,71500,100,
000019.SZ,000019,20251209,93122560,0,2457396,0,B,71500,100,
000019.SZ,000019,20251209,93122560,0,2457404,0,S,71500,100,
000019.SZ,000019,20251209,93122560,0,2457408,0,S,71500,100,
000019.SZ,000019,20251209,93122560,0,2457459,0,B,71500,100,
000019.SZ,000019,20251209,93122580,0,2457680,0,S,71500,100,
000019.SZ,000019,20251209,93122760,0,2460054,0,B,71500,200,
000019.SZ,000019,20251209,93122850,0,2461071,0,B,70600,1600,
000019.SZ,000019,20251209,93122960,0,2462211,0,S,71500,200,
000019.SZ,000019,20251209,93123800,0,2472221,0,S,71500,3500,
000019.SZ,000019,20251209,93124650,0,2484353,0,S,71500,100,
000019.SZ,000019,20251209,93125000,0,2489199,0,B,71500,100,
000019.SZ,000019,20251209,93125250,0,2493067,0,S,79000,100,
000019.SZ,000019,20251209,93125580,0,2498122,0,B,71500,100,
000019.SZ,000019,20251209,93125640,0,2498980,0,B,71400,700,
000019.SZ,000019,20251209,93125730,0,2500331,0,B,71400,200,
000019.SZ,000019,20251209,93126030,0,2503843,0,B,71300,1500,
000019.SZ,000019,20251209,93126250,0,2506879,0,B,71500,400,
000019.SZ,000019,20251209,93126260,0,2506989,0,B,71500,600,
000019.SZ,000019,20251209,93127090,0,2517280,0,S,71500,100,
000019.SZ,000019,20251209,93127110,0,2517469,0,B,71000,600,
000019.SZ,000019,20251209,93127150,0,2517976,0,B,71500,300,
000019.SZ,000019,20251209,93128210,0,2532921,0,S,71100,140000,
000019.SZ,000019,20251209,93128210,0,2533020,0,B,71200,100,
000019.SZ,000019,20251209,93128210,0,2533022,0,B,71100,2200,
000019.SZ,000019,20251209,93128210,0,2533024,0,B,71100,700,
000019.SZ,000019,20251209,93128210,0,2533025,0,B,71100,2200,
000019.SZ,000019,20251209,93128210,0,2533026,0,B,71100,2200,
000019.SZ,000019,20251209,93128210,0,2533027,0,B,71100,2200,
000019.SZ,000019,20251209,93128210,0,2533028,0,B,71100,2200,
000019.SZ,000019,20251209,93128210,0,2533029,0,B,71100,2200,
000019.SZ,000019,20251209,93128210,0,2533030,0,B,71100,2200,
000019.SZ,000019,20251209,93128210,0,2533031,0,B,71100,2200,
000019.SZ,000019,20251209,93128210,0,2533032,0,B,71100,21000,
000019.SZ,000019,20251209,93128210,0,2533033,0,B,71100,2200,
000019.SZ,000019,20251209,93128210,0,2533034,0,B,71100,2200,
000019.SZ,000019,20251209,93128210,0,2533035,0,B,71100,2200,
000019.SZ,000019,20251209,93128210,0,2533036,0,B,71100,2200,
000019.SZ,000019,20251209,93128210,0,2533037,0,B,71100,2200,
000019.SZ,000019,20251209,93128210,0,2533038,0,B,71100,2200,
000019.SZ,000019,20251209,93128210,0,2533039,0,B,71100,2200,
000019.SZ,000019,20251209,93128210,0,2533040,0,B,71100,2200,
000019.SZ,000019,20251209,93128210,0,2533041,0,B,71100,2200,
000019.SZ,000019,20251209,93128210,0,2533042,0,B,71100,2200,
000019.SZ,000019,20251209,93128210,0,2533043,0,B,71100,2200,
000019.SZ,000019,20251209,93128210,0,2533044,0,B,71100,300,
000019.SZ,000019,20251209,93128210,0,2533045,0,B,71100,2200,
000019.SZ,000019,20251209,93128210,0,2533046,0,B,71100,2200,
000019.SZ,000019,20251209,93128210,0,2533047,0,B,71100,2200,
000019.SZ,000019,20251209,93128210,0,2533048,0,B,71100,2200,
000019.SZ,000019,20251209,93128210,0,2533049,0,B,71100,500,
000019.SZ,000019,20251209,93128210,0,2533050,0,B,71100,2200,
000019.SZ,000019,20251209,93128210,0,2533051,0,B,71100,2200,
000019.SZ,000019,20251209,93128210,0,2533052,0,B,71100,2200,
000019.SZ,000019,20251209,93128210,0,2533053,0,B,71100,2200,
000019.SZ,000019,20251209,93128210,0,2533054,0,B,71100,1200,
000019.SZ,000019,20251209,93128210,0,2533055,0,B,71100,2200,
000019.SZ,000019,20251209,93128210,0,2533056,0,B,71100,800,
000019.SZ,000019,20251209,93128220,0,2533057,0,B,71100,1700,
000019.SZ,000019,20251209,93128220,0,2533058,0,B,71100,1600,
000019.SZ,000019,20251209,93128220,0,2533059,0,B,71100,1800,
000019.SZ,000019,20251209,93128220,0,2533060,0,B,71100,1300,
000019.SZ,000019,20251209,93128220,0,2533061,0,B,71100,2000,
000019.SZ,000019,20251209,93128220,0,2533062,0,B,71100,21000,
000019.SZ,000019,20251209,93128220,0,2533063,0,B,71100,1300,
000019.SZ,000019,20251209,93128220,0,2533064,0,B,71100,1500,
000019.SZ,000019,20251209,93128220,0,2533065,0,B,71100,400,
000019.SZ,000019,20251209,93128220,0,2533068,0,B,71100,2200,
000019.SZ,000019,20251209,93128220,0,2533071,0,B,71100,500,
000019.SZ,000019,20251209,93128220,0,2533072,0,B,71100,2200,
000019.SZ,000019,20251209,93128220,0,2533073,0,B,71100,500,
000019.SZ,000019,20251209,93128220,0,2533074,0,B,71100,500,
000019.SZ,000019,20251209,93128220,0,2533075,0,B,71100,900,
000019.SZ,000019,20251209,93128220,0,2533082,0,B,71100,2000,
000019.SZ,000019,20251209,93128220,0,2533083,0,B,71100,2200,
000019.SZ,000019,20251209,93128220,0,2533084,0,B,71100,100,
000019.SZ,000019,20251209,93128220,0,2533085,0,B,71100,1100,
000019.SZ,000019,20251209,93128220,0,2533086,0,B,71100,100,
000019.SZ,000019,20251209,93128220,0,2533087,0,B,71100,100,
000019.SZ,000019,20251209,93128220,0,2533088,0,B,71100,2200,
000019.SZ,000019,20251209,93128220,0,2533089,0,B,71100,1300,
000019.SZ,000019,20251209,93128220,0,2533090,0,B,71100,1300,
000019.SZ,000019,20251209,93128220,0,2533092,0,B,71100,300,
000019.SZ,000019,20251209,93128220,0,2533093,0,B,71100,900,
000019.SZ,000019,20251209,93128220,0,2533094,0,B,71100,1200,
000019.SZ,000019,20251209,93128220,0,2533095,0,B,71100,2200,
000019.SZ,000019,20251209,93128220,0,2533096,0,B,71100,2200,
000019.SZ,000019,20251209,93128220,0,2533097,0,B,71100,700,
000019.SZ,000019,20251209,93128220,0,2533098,0,B,71100,200,
000019.SZ,000019,20251209,93128220,0,2533099,0,B,71100,6000,
000019.SZ,000019,20251209,93128220,0,2533100,0,B,71100,1400,
000019.SZ,000019,20251209,93128220,0,2533106,0,B,71100,1300,
000019.SZ,000019,20251209,93128220,0,2533108,0,B,71100,2200,
000019.SZ,000019,20251209,93128220,0,2533109,0,B,71100,1100,
000019.SZ,000019,20251209,93128220,0,2533111,0,B,71000,100,
000019.SZ,000019,20251209,93128220,0,2533121,0,B,71100,100,
000019.SZ,000019,20251209,93128220,0,2533122,0,B,71100,200,
000019.SZ,000019,20251209,93128220,0,2533123,0,B,71100,2100,
000019.SZ,000019,20251209,93128220,0,2533124,0,B,71100,100,
000019.SZ,000019,20251209,93128220,0,2533125,0,B,71100,500,
000019.SZ,000019,20251209,93128220,0,2533164,0,B,71500,100,
000019.SZ,000019,20251209,93128220,0,2533173,0,B,71100,400,
000019.SZ,000019,20251209,93128220,0,2533174,0,B,71100,1100,
000019.SZ,000019,20251209,93128220,0,2533175,0,B,71100,2200,
000019.SZ,000019,20251209,93128220,0,2533179,0,B,71100,500,
000019.SZ,000019,20251209,93128220,0,2533180,0,B,71100,300,
000019.SZ,000019,20251209,93128220,0,2533183,0,B,71100,2100,
000019.SZ,000019,20251209,93128220,0,2533195,0,B,71100,1200,
000019.SZ,000019,20251209,93128220,0,2533205,0,B,71100,2000,
000019.SZ,000019,20251209,93128220,0,2533206,0,B,71100,1600,
000019.SZ,000019,20251209,93128220,0,2533207,0,B,71100,900,
000019.SZ,000019,20251209,93128220,0,2533221,0,B,71100,1900,
000019.SZ,000019,20251209,93128220,0,2533230,0,B,71100,500,
000019.SZ,000019,20251209,93128220,0,2533232,0,B,71100,100,
000019.SZ,000019,20251209,93128220,0,2533236,0,B,71100,2200,
000019.SZ,000019,20251209,93128220,0,2533247,0,B,71100,1600,
000019.SZ,000019,20251209,93128220,0,2533256,0,B,71100,1900,
000019.SZ,000019,20251209,93128220,0,2533257,0,B,71100,400,
000019.SZ,000019,20251209,93128220,0,2533283,0,B,71100,200,
000019.SZ,000019,20251209,93128230,0,2533352,0,B,71200,1300,
000019.SZ,000019,20251209,93128230,0,2533431,0,B,71100,2200,
000019.SZ,000019,20251209,93128230,0,2533450,0,B,71100,800,
000019.SZ,000019,20251209,93128240,0,2533506,0,B,71100,100,
000019.SZ,000019,20251209,93128240,0,2533582,0,B,71200,800,
000019.SZ,000019,20251209,93128240,0,2533584,0,B,71200,1200,
000019.SZ,000019,20251209,93128240,0,2533587,0,B,71200,500,
000019.SZ,000019,20251209,93128250,0,2533637,0,B,71100,900,
000019.SZ,000019,20251209,93128250,0,2533709,0,B,71200,4600,
000019.SZ,000019,20251209,93128250,0,2533717,0,B,71200,17700,
000019.SZ,000019,20251209,93128250,0,2533722,0,B,71300,1300,
000019.SZ,000019,20251209,93128250,0,2533796,0,B,71100,300,
000019.SZ,000019,20251209,93128250,0,2533798,0,B,71100,1300,
000019.SZ,000019,20251209,93128250,0,2533803,0,B,71100,1100,
000019.SZ,000019,20251209,93128250,0,2533815,0,B,71100,100,
000019.SZ,000019,20251209,93128260,0,2533844,0,B,71100,900,
000019.SZ,000019,20251209,93128260,0,2533849,0,B,71100,1000,
000019.SZ,000019,20251209,93128260,0,2533910,0,B,71100,700,
000019.SZ,000019,20251209,93128260,0,2533911,0,B,71100,100,
000019.SZ,000019,20251209,93128260,0,2533913,0,B,71100,100,
000019.SZ,000019,20251209,93128260,0,2533914,0,B,71100,100,
000019.SZ,000019,20251209,93128260,0,2533915,0,B,71100,100,
000019.SZ,000019,20251209,93128260,0,2533938,0,B,71100,300,
000019.SZ,000019,20251209,93128270,0,2533996,0,B,71200,6900,
000019.SZ,000019,20251209,93128270,0,2534060,0,B,71200,100,
000019.SZ,000019,20251209,93128270,0,2534123,0,B,71100,200,
000019.SZ,000019,20251209,93128280,0,2534191,0,B,71100,100,
000019.SZ,000019,20251209,93128280,0,2534192,0,B,71100,100,
000019.SZ,000019,20251209,93128280,0,2534250,0,B,71200,100,
000019.SZ,000019,20251209,93128290,0,2534309,0,B,71200,2000,
000019.SZ,000019,20251209,93128410,0,2536362,0,S,71500,100,
000019.SZ,000019,20251209,93128590,0,2538882,0,B,71500,1600,
000019.SZ,000019,20251209,93128590,0,2538884,0,B,71500,1700,
000019.SZ,000019,20251209,93128600,0,2539075,0,S,71500,1500,
000019.SZ,000019,20251209,93128610,0,2539266,0,S,71500,1100,
000019.SZ,000019,20251209,93129230,0,2546882,0,B,71400,1300,
000019.SZ,000019,20251209,93129240,0,2546937,0,S,71500,200,
000019.SZ,000019,20251209,93129240,0,2546945,0,S,71500,100,
000019.SZ,000019,20251209,93129240,0,2546946,0,S,71500,100,
000019.SZ,000019,20251209,93129240,0,2546947,0,S,71500,100,
000019.SZ,000019,20251209,93129240,0,2546950,0,S,71500,100,
000019.SZ,000019,20251209,93129380,0,2548628,0,B,71500,1500,
000019.SZ,000019,20251209,93129650,0,2551669,0,B,71500,2000,
000019.SZ,000019,20251209,93129660,0,2551747,0,S,71500,1200,
000019.SZ,000019,20251209,93129670,0,2551809,0,S,71500,1200,
000019.SZ,000019,20251209,93129670,0,2551845,0,S,71500,100,
000019.SZ,000019,20251209,93129670,0,2551847,0,S,71500,200,
000019.SZ,000019,20251209,93129670,0,2551852,0,S,71500,200,
000019.SZ,000019,20251209,93129680,0,2551920,0,S,71500,1400,
000019.SZ,000019,20251209,93130190,0,2557485,0,B,71300,900,
000019.SZ,000019,20251209,93130220,0,2557914,0,B,71900,300,
000019.SZ,000019,20251209,93130420,0,2560782,0,B,71300,100,
000019.SZ,000019,20251209,93130570,0,2562871,0,B,71300,100,
000019.SZ,000019,20251209,93130570,0,2562872,0,B,71300,100,
000019.SZ,000019,20251209,93130580,0,2562982,0,S,71500,1000,
000019.SZ,000019,20251209,93130890,0,2567148,0,B,71400,300,
000019.SZ,000019,20251209,93130910,0,2567374,0,B,71400,700,
000019.SZ,000019,20251209,93130950,0,2567833,0,B,71400,100,
000019.SZ,000019,20251209,93131280,0,2571964,0,S,71400,1500,
000019.SZ,000019,20251209,93131710,0,2577746,0,B,71400,700,
000019.SZ,000019,20251209,93131720,0,2577917,0,B,71400,200,
000019.SZ,000019,20251209,93132090,0,2582060,0,S,79100,300,
000019.SZ,000019,20251209,93132360,0,2585272,0,B,71400,100,
000019.SZ,000019,20251209,93133310,0,2595422,0,S,71600,600,
000019.SZ,000019,20251209,93133310,0,2595434,0,S,71600,400,
000019.SZ,000019,20251209,93133320,0,2595547,0,S,71600,1800,
000019.SZ,000019,20251209,93133320,0,2595551,0,S,71600,400,
000019.SZ,000019,20251209,93133320,0,2595576,0,S,71600,500,
000019.SZ,000019,20251209,93133340,0,2595807,0,S,71600,1000,
000019.SZ,000019,20251209,93133340,0,2595810,0,S,71600,700,
000019.SZ,000019,20251209,93133360,0,2595998,0,B,71500,7000,
000019.SZ,000019,20251209,93133370,0,2596063,0,S,71500,3900,
000019.SZ,000019,20251209,93133370,0,2596155,0,S,71500,400,
000019.SZ,000019,20251209,93133370,0,2596244,0,S,71600,600,
000019.SZ,000019,20251209,93133760,0,2601126,0,B,71400,1500,
000019.SZ,000019,20251209,93133790,0,2601565,0,B,71400,200,
000019.SZ,000019,20251209,93133800,0,2601668,0,B,71400,5400,
000019.SZ,000019,20251209,93133880,0,2602486,0,B,71400,800,
000019.SZ,000019,20251209,93133900,0,2602792,0,B,71400,5600,
000019.SZ,000019,20251209,93133990,0,2603919,0,B,71400,100,
000019.SZ,000019,20251209,93134010,0,2604153,0,B,71400,100,
000019.SZ,000019,20251209,93134110,0,2605843,0,B,71400,100,
000019.SZ,000019,20251209,93134530,0,2611404,0,B,71500,100,
000019.SZ,000019,20251209,93134530,0,2611509,0,B,71500,100,
000019.SZ,000019,20251209,93134800,0,2614879,0,B,71000,2000,
000019.SZ,000019,20251209,93134820,0,2615067,0,B,71300,2000,
000019.SZ,000019,20251209,93136060,0,2628384,0,B,71300,1000,
000019.SZ,000019,20251209,93136180,0,2629586,0,B,71500,500,
000019.SZ,000019,20251209,93136490,0,2634635,0,B,71500,700,
000019.SZ,000019,20251209,93136890,0,2639791,0,B,71500,700,
000019.SZ,000019,20251209,93136900,0,2639886,0,S,71500,100,
000019.SZ,000019,20251209,93136910,0,2640018,0,B,71500,4900,
000019.SZ,000019,20251209,93137490,0,2648186,0,S,71500,4000,
000019.SZ,000019,20251209,93137700,0,2650735,0,B,71500,500,
000019.SZ,000019,20251209,93138760,0,2662412,0,S,75000,1000,
000019.SZ,000019,20251209,93139920,0,2676870,0,B,70000,2000,
000019.SZ,000019,20251209,93139950,0,2677214,0,S,79100,10000,
000019.SZ,000019,20251209,93140330,0,2682586,0,B,71400,300,
000019.SZ,000019,20251209,93140480,0,2684817,0,B,71500,700,
000019.SZ,000019,20251209,93140500,0,2685123,0,B,71500,3500,
000019.SZ,000019,20251209,93140670,0,2687679,0,S,71500,400,
000019.SZ,000019,20251209,93141160,0,2693602,0,B,71500,900,
000019.SZ,000019,20251209,93141220,0,2694511,0,B,71400,1000,
000019.SZ,000019,20251209,93142410,0,2711196,0,S,72300,100,
000019.SZ,000019,20251209,93142720,0,2715600,0,B,71500,700,
000019.SZ,000019,20251209,93142890,0,2718039,0,B,71500,1400,
000019.SZ,000019,20251209,93143800,0,2731961,0,B,70800,10000,
000019.SZ,000019,20251209,93143910,0,2733677,0,S,71600,1500,
000019.SZ,000019,20251209,93145500,0,2753989,0,B,71400,600,
000019.SZ,000019,20251209,93145630,0,2756052,0,B,71500,100,
000019.SZ,000019,20251209,93145690,0,2756952,0,S,71500,800,
000019.SZ,000019,20251209,93145700,0,2757076,0,S,71500,100,
000019.SZ,000019,20251209,93145970,0,2761891,0,B,71500,100,
000019.SZ,000019,20251209,93148020,0,2789375,0,S,71500,2200,
000019.SZ,000019,20251209,93148300,0,2792896,0,B,71500,2900,
000019.SZ,000019,20251209,93149140,0,2804355,0,S,71700,5000,
000019.SZ,000019,20251209,93149270,0,2805957,0,B,71500,400,
000019.SZ,000019,20251209,93149430,0,2808698,0,B,71500,100,
000019.SZ,000019,20251209,93149670,0,2812090,0,B,71500,900,
000019.SZ,000019,20251209,93149690,0,2812394,0,B,71500,200,
000019.SZ,000019,20251209,93149780,0,2813633,0,B,71500,500,
000019.SZ,000019,20251209,93151210,0,2829410,0,S,71600,600,
000019.SZ,000019,20251209,93151210,0,2829414,0,S,71600,700,
000019.SZ,000019,20251209,93151210,0,2829429,0,S,71600,1000,
000019.SZ,000019,20251209,93151400,0,2832360,0,S,71600,600,
000019.SZ,000019,20251209,93151400,0,2832475,0,S,71600,1800,
000019.SZ,000019,20251209,93151400,0,2832478,0,S,71600,400,
000019.SZ,000019,20251209,93151410,0,2832557,0,S,71600,500,
000019.SZ,000019,20251209,93151420,0,2832661,0,S,71600,400,
000019.SZ,000019,20251209,93151450,0,2832999,0,S,71600,200,
000019.SZ,000019,20251209,93151490,0,2833472,0,S,71600,600,
000019.SZ,000019,20251209,93152240,0,2843039,0,B,71100,2300,
000019.SZ,000019,20251209,93152660,0,2849098,0,B,70300,4800,
000019.SZ,000019,20251209,93155960,0,2888481,0,B,71400,1500,
000019.SZ,000019,20251209,93157690,0,2909011,0,B,71400,1600,
000019.SZ,000019,20251209,93157700,0,2909059,0,B,71500,900,
000019.SZ,000019,20251209,93157900,0,2911538,0,B,71400,300,
000019.SZ,000019,20251209,93200040,0,2935461,0,S,71500,6200,
000019.SZ,000019,20251209,93200060,0,2935786,0,S,71500,200,
000019.SZ,000019,20251209,93200060,0,2935816,0,S,71500,200,
000019.SZ,000019,20251209,93200060,0,2935831,0,S,71500,200,
000019.SZ,000019,20251209,93200240,0,2938259,0,B,71500,100,
000019.SZ,000019,20251209,93200720,0,2947129,0,S,71500,1100,
000019.SZ,000019,20251209,93201030,0,2952075,0,S,71500,2500,
000019.SZ,000019,20251209,93201040,0,2952200,0,S,71500,100,
000019.SZ,000019,20251209,93201040,0,2952229,0,S,71500,100,
000019.SZ,000019,20251209,93201370,0,2956961,0,B,71100,100,
000019.SZ,000019,20251209,93201460,0,2958808,0,S,71900,20000,
000019.SZ,000019,20251209,93201900,0,2964573,0,S,71500,4500,
000019.SZ,000019,20251209,93202640,0,2973400,0,S,79100,200,
000019.SZ,000019,20251209,93204390,0,2996094,0,B,71400,1600,
000019.SZ,000019,20251209,93204770,0,3001056,0,B,71400,3000,
000019.SZ,000019,20251209,93205280,0,3007318,0,B,71300,1300,
000019.SZ,000019,20251209,93205330,0,3008021,0,S,70800,2000,
000019.SZ,000019,20251209,93205940,0,3014429,0,S,71500,100,
000019.SZ,000019,20251209,93206300,0,3019301,0,B,70800,2000,
000019.SZ,000019,20251209,93206560,0,3023107,0,S,72400,700,
000019.SZ,000019,20251209,93206640,0,3024140,0,B,71100,700,
000019.SZ,000019,20251209,93206800,0,3026054,0,S,72100,400,
000019.SZ,000019,20251209,93207140,0,3030357,0,B,71200,2900,
000019.SZ,000019,20251209,93208750,0,3049506,0,B,71100,600,
000019.SZ,000019,20251209,93209230,0,3054664,0,B,71200,1000,
000019.SZ,000019,20251209,93211010,0,3076455,0,S,79100,2000,
000019.SZ,000019,20251209,93211470,0,3081595,0,S,73500,5000,
000019.SZ,000019,20251209,93211880,0,3085522,0,S,71200,200,
000019.SZ,000019,20251209,93213640,0,3113221,0,B,69800,5000,
000019.SZ,000019,20251209,93213830,0,3116729,0,B,71300,1600,
000019.SZ,000019,20251209,93215270,0,3138296,0,S,79000,1800,
000019.SZ,000019,20251209,93215520,0,3142923,0,S,71500,5000,
000019.SZ,000019,20251209,93215540,0,3143248,0,S,71400,100,
000019.SZ,000019,20251209,93218150,0,3181568,0,S,71500,100,
000019.SZ,000019,20251209,93218150,0,3181569,0,S,71500,100,
000019.SZ,000019,20251209,93218150,0,3181587,0,B,71400,100,
000019.SZ,000019,20251209,93218150,0,3181588,0,S,71500,100,
000019.SZ,000019,20251209,93218150,0,3181591,0,S,71500,100,
000019.SZ,000019,20251209,93218150,0,3181606,0,S,71500,100,
000019.SZ,000019,20251209,93218250,0,3183020,0,B,71200,300,
000019.SZ,000019,20251209,93219120,0,3194076,0,S,73500,2000,
000019.SZ,000019,20251209,93219180,0,3194713,0,B,71400,100,
000019.SZ,000019,20251209,93221500,0,3222266,0,S,71400,7300,
000019.SZ,000019,20251209,93221530,0,3222583,0,B,71400,100,
000019.SZ,000019,20251209,93221980,0,3228534,0,B,71000,1300,
000019.SZ,000019,20251209,93222240,0,3231836,0,B,71200,1600,
000019.SZ,000019,20251209,93222460,0,3234964,0,B,72800,1000,
000019.SZ,000019,20251209,93224960,0,3266122,0,B,71200,3000,
000019.SZ,000019,20251209,93225370,0,3271722,0,B,71200,1000,
000019.SZ,000019,20251209,93226050,0,3281078,0,B,71500,200,
000019.SZ,000019,20251209,93226760,0,3289139,0,S,73200,1200,
000019.SZ,000019,20251209,93227190,0,3294361,0,B,70100,1000,
000019.SZ,000019,20251209,93227640,0,3300162,0,B,71000,3000,
000019.SZ,000019,20251209,93227790,0,3302182,0,B,71300,1200,
000019.SZ,000019,20251209,93229850,0,3326287,0,S,71500,800,
000019.SZ,000019,20251209,93230940,0,3339785,0,B,71400,200,
000019.SZ,000019,20251209,93232240,0,3356557,0,S,71500,600,
000019.SZ,000019,20251209,93232470,0,3359080,0,S,71400,9500,
000019.SZ,000019,20251209,93234040,0,3378124,0,S,71200,100,
000019.SZ,000019,20251209,93234820,0,3387720,0,S,71800,5000,
000019.SZ,000019,20251209,93234830,0,3387749,0,B,71400,3400,
000019.SZ,000019,20251209,93235380,0,3394062,0,B,71200,8500,
000019.SZ,000019,20251209,93235630,0,3396804,0,B,71400,100,
000019.SZ,000019,20251209,93236530,0,3407962,0,S,74800,3000,
000019.SZ,000019,20251209,93236660,0,3409715,0,S,71500,25700,
000019.SZ,000019,20251209,93236690,0,3410002,0,S,71700,13700,
000019.SZ,000019,20251209,93239150,0,3437842,0,S,71400,100,
000019.SZ,000019,20251209,93239760,0,3445659,0,S,71400,100,
000019.SZ,000019,20251209,93239770,0,3445792,0,S,71400,1400,
000019.SZ,000019,20251209,93239860,0,3446680,0,B,71300,3100,
000019.SZ,000019,20251209,93239920,0,3447514,0,S,71400,100,
000019.SZ,000019,20251209,93240150,0,3449912,0,B,71400,100,
000019.SZ,000019,20251209,93240150,0,3449921,0,S,71400,100,
000019.SZ,000019,20251209,93240640,0,3456359,0,S,71400,100,
000019.SZ,000019,20251209,93241070,0,3461148,0,B,71300,1000,
000019.SZ,000019,20251209,93241980,0,3470649,0,B,71100,3000,
000019.SZ,000019,20251209,93242610,0,3477903,0,B,71400,26200,
000019.SZ,000019,20251209,93243530,0,3488446,0,S,74900,500,
000019.SZ,000019,20251209,93243970,0,3493155,0,S,71700,5000,
000019.SZ,000019,20251209,93245830,0,3513289,0,B,71300,3000,
000019.SZ,000019,20251209,93246150,0,3516462,0,B,71400,50000,
000019.SZ,000019,20251209,93246150,0,3516517,0,B,71500,3600,
000019.SZ,000019,20251209,93246160,0,3516577,0,B,71500,100,
000019.SZ,000019,20251209,93246290,0,3518075,0,B,71200,13000,
000019.SZ,000019,20251209,93247970,0,3533857,0,S,71400,800,
000019.SZ,000019,20251209,93248020,0,3534322,0,B,71500,300,
000019.SZ,000019,20251209,93248300,0,3537143,0,S,71500,600,
000019.SZ,000019,20251209,93248300,0,3537154,0,S,71500,1000,
000019.SZ,000019,20251209,93248300,0,3537157,0,S,71500,700,
000019.SZ,000019,20251209,93250120,0,3557965,0,B,71400,700,
000019.SZ,000019,20251209,93250570,0,3562366,0,B,71400,5000,
000019.SZ,000019,20251209,93251430,0,3571006,0,S,71500,2500,
000019.SZ,000019,20251209,93251960,0,3577761,0,B,71400,1500,
000019.SZ,000019,20251209,93253650,0,3595405,0,S,79100,800,
000019.SZ,000019,20251209,93254010,0,3598450,0,B,70900,2000,
000019.SZ,000019,20251209,93255150,0,3610215,0,B,71200,2200,
000019.SZ,000019,20251209,93258930,0,3650380,0,B,70900,1100,
000019.SZ,000019,20251209,93259760,0,3658977,0,S,71500,700,
000019.SZ,000019,20251209,93301250,0,3677994,0,B,71100,1000,
000019.SZ,000019,20251209,93301370,0,3679714,0,S,71200,500,
000019.SZ,000019,20251209,93301860,0,3685097,0,S,71500,2300,
000019.SZ,000019,20251209,93302370,0,3690533,0,S,71600,6900,
000019.SZ,000019,20251209,93303510,0,3702407,0,B,71100,100,
000019.SZ,000019,20251209,93303520,0,3702570,0,S,71400,78600,
000019.SZ,000019,20251209,93303520,0,3702610,0,S,71600,100,
000019.SZ,000019,20251209,93303520,0,3702611,0,S,71400,4400,
000019.SZ,000019,20251209,93303520,0,3702626,0,S,71400,1900,
000019.SZ,000019,20251209,93303530,0,3702670,0,S,71400,3900,
000019.SZ,000019,20251209,93303530,0,3702672,0,S,71400,3900,
000019.SZ,000019,20251209,93303530,0,3702706,0,S,71400,100,
000019.SZ,000019,20251209,93303530,0,3702707,0,S,71400,7600,
000019.SZ,000019,20251209,93303530,0,3702708,0,S,71400,7600,
000019.SZ,000019,20251209,93303530,0,3702719,0,S,71400,7200,
000019.SZ,000019,20251209,93303530,0,3702721,0,S,71400,400,
000019.SZ,000019,20251209,93303530,0,3702869,0,S,71400,5071,
000019.SZ,000019,20251209,93303530,0,3702872,0,S,71400,5700,
000019.SZ,000019,20251209,93303530,0,3702873,0,S,71400,700,
000019.SZ,000019,20251209,93303530,0,3702875,0,S,71400,200,
000019.SZ,000019,20251209,93303530,0,3702876,0,S,71400,600,
000019.SZ,000019,20251209,93303530,0,3702879,0,S,71400,800,
000019.SZ,000019,20251209,93303530,0,3702880,0,S,71400,800,
000019.SZ,000019,20251209,93303540,0,3702882,0,S,71400,5700,
000019.SZ,000019,20251209,93303540,0,3702960,0,S,71400,2600,
000019.SZ,000019,20251209,93303540,0,3703000,0,S,71400,3500,
000019.SZ,000019,20251209,93303550,0,3703174,0,S,71400,200,
000019.SZ,000019,20251209,93303640,0,3704162,0,S,75600,3000,
000019.SZ,000019,20251209,93304720,0,3717568,0,S,71400,100,
000019.SZ,000019,20251209,93305120,0,3722266,0,B,71400,700,
000019.SZ,000019,20251209,93305290,0,3724461,0,S,70700,100,
000019.SZ,000019,20251209,93305800,0,3729803,0,B,71500,3600,
000019.SZ,000019,20251209,93305870,0,3730285,0,B,71400,6500,
000019.SZ,000019,20251209,93305870,0,3730314,0,S,71400,400,
000019.SZ,000019,20251209,93305870,0,3730316,0,S,71400,200,
000019.SZ,000019,20251209,93305870,0,3730318,0,S,71400,100,
000019.SZ,000019,20251209,93305870,0,3730320,0,S,71400,300,
000019.SZ,000019,20251209,93305870,0,3730322,0,S,71400,400,
000019.SZ,000019,20251209,93305870,0,3730324,0,S,71400,300,
000019.SZ,000019,20251209,93305870,0,3730326,0,S,71400,100,
000019.SZ,000019,20251209,93305870,0,3730328,0,S,71400,300,
000019.SZ,000019,20251209,93305870,0,3730332,0,S,71400,400,
000019.SZ,000019,20251209,93305880,0,3730369,0,S,71300,600,
000019.SZ,000019,20251209,93305900,0,3730566,0,B,71700,3000,
000019.SZ,000019,20251209,93305910,0,3730687,0,S,71400,100,
000019.SZ,000019,20251209,93306150,0,3733587,0,B,71300,200,
000019.SZ,000019,20251209,93306170,0,3733829,0,S,70700,1400,
000019.SZ,000019,20251209,93306210,0,3734364,0,S,71400,3700,
000019.SZ,000019,20251209,93308770,0,3764188,0,S,72000,500,
000019.SZ,000019,20251209,93309020,0,3767404,0,S,71300,3600,
000019.SZ,000019,20251209,93309400,0,3771805,0,S,71400,100,
000019.SZ,000019,20251209,93310050,0,3778657,0,B,71300,500,
000019.SZ,000019,20251209,93311220,0,3791119,0,S,71600,600,
000019.SZ,000019,20251209,93311220,0,3791125,0,S,71600,300,
000019.SZ,000019,20251209,93311220,0,3791129,0,S,71600,700,
000019.SZ,000019,20251209,93311220,0,3791218,0,S,71600,600,
000019.SZ,000019,20251209,93311220,0,3791226,0,S,71600,400,
000019.SZ,000019,20251209,93311230,0,3791313,0,S,71600,400,
000019.SZ,000019,20251209,93311270,0,3791662,0,S,71600,500,
000019.SZ,000019,20251209,93311300,0,3791892,0,S,71600,200,
000019.SZ,000019,20251209,93316560,0,3845990,0,B,71200,600,
000019.SZ,000019,20251209,93316580,0,3846322,0,S,71200,600,
000019.SZ,000019,20251209,93317600,0,3855857,0,S,78900,3800,
000019.SZ,000019,20251209,93319380,0,3873463,0,B,71400,400,
000019.SZ,000019,20251209,93319670,0,3876506,0,B,71300,200,
000019.SZ,000019,20251209,93321800,0,3896619,0,B,70300,400,
000019.SZ,000019,20251209,93322220,0,3901049,0,S,71600,700,
000019.SZ,000019,20251209,93322900,0,3907883,0,B,71300,100,
000019.SZ,000019,20251209,93323880,0,3916074,0,B,71300,100,
000019.SZ,000019,20251209,93325090,0,3928735,0,B,71200,1000,
000019.SZ,000019,20251209,93326230,0,3940224,0,B,71300,2800,
000019.SZ,000019,20251209,93326510,0,3942793,0,B,71400,400,
000019.SZ,000019,20251209,93326850,0,3945676,0,S,71500,900,
000019.SZ,000019,20251209,93327680,0,3953473,0,B,71300,3800,
000019.SZ,000019,20251209,93329090,0,3968063,0,S,78800,3500,
000019.SZ,000019,20251209,93329270,0,3969567,0,B,70000,700,
000019.SZ,000019,20251209,93329580,0,3972114,0,B,70500,1000,
000019.SZ,000019,20251209,93329680,0,3972958,0,B,71400,1000,
000019.SZ,000019,20251209,93331090,0,3986740,0,S,71400,3100,
000019.SZ,000019,20251209,93331210,0,3987987,0,B,71100,5000,
000019.SZ,000019,20251209,93331700,0,3993036,0,B,71100,2000,
000019.SZ,000019,20251209,93332230,0,3997673,0,S,78800,1000,
000019.SZ,000019,20251209,93332280,0,3998200,0,S,71500,700,
000019.SZ,000019,20251209,93332280,0,3998212,0,S,71500,1000,
000019.SZ,000019,20251209,93332310,0,3998404,0,S,71500,600,
000019.SZ,000019,20251209,93332340,0,3998690,0,S,71500,500,
000019.SZ,000019,20251209,93332340,0,3998691,0,S,71500,1800,
000019.SZ,000019,20251209,93332440,0,3999603,0,S,71500,600,
000019.SZ,000019,20251209,93334660,0,4020688,0,S,71400,13100,
000019.SZ,000019,20251209,93334870,0,4022630,0,S,72000,100,
000019.SZ,000019,20251209,93335310,0,4026342,0,B,70600,3000,
000019.SZ,000019,20251209,93335800,0,4030124,0,B,70200,5000,
000019.SZ,000019,20251209,93337560,0,4047250,0,B,71000,3000,
000019.SZ,000019,20251209,93337850,0,4049672,0,B,70900,1000,
000019.SZ,000019,20251209,93338650,0,4057412,0,S,73300,200,
000019.SZ,000019,20251209,93338910,0,4059438,0,B,71300,600,
000019.SZ,000019,20251209,93339330,0,4063950,0,S,74800,3000,
000019.SZ,000019,20251209,93339410,0,4064698,0,B,71300,8400,
000019.SZ,000019,20251209,93341120,0,4083576,0,S,71300,200,
000019.SZ,000019,20251209,93341880,0,4090929,0,S,71800,9300,
000019.SZ,000019,20251209,93342650,0,4099029,0,B,70300,700,
000019.SZ,000019,20251209,93344770,0,4121033,0,S,78500,5000,
000019.SZ,000019,20251209,93345420,0,4127230,0,S,71800,1500,
000019.SZ,000019,20251209,93346070,0,4134184,0,B,71300,1500,
000019.SZ,000019,20251209,93353910,0,4212778,0,B,69900,300,
000019.SZ,000019,20251209,93353990,0,4214057,0,B,70900,1000,
000019.SZ,000019,20251209,93355410,0,4228209,0,B,71300,1700,
000019.SZ,000019,20251209,93356780,0,4240255,0,S,71400,2000,
000019.SZ,000019,20251209,93356970,0,4241629,0,B,71000,1000,
000019.SZ,000019,20251209,93357150,0,4243130,0,B,71300,3100,
000019.SZ,000019,20251209,93357180,0,4243341,0,S,71300,2300,
000019.SZ,000019,20251209,93357860,0,4250279,0,S,71400,4300,
000019.SZ,000019,20251209,93400210,0,4271938,0,B,71100,7000,
000019.SZ,000019,20251209,93401410,0,4287542,0,S,71100,1500,
000019.SZ,000019,20251209,93401870,0,4292555,0,S,71300,10000,
000019.SZ,000019,20251209,93402270,0,4296221,0,B,71300,6500,
000019.SZ,000019,20251209,93402660,0,4300058,0,B,71400,700,
000019.SZ,000019,20251209,93402870,0,4301644,0,B,72700,1000,
000019.SZ,000019,20251209,93403770,0,4310877,0,S,72200,1000,
000019.SZ,000019,20251209,93404320,0,4316538,0,S,71300,1500,
000019.SZ,000019,20251209,93405490,0,4327790,0,S,70600,100,
000019.SZ,000019,20251209,93405640,0,4329147,0,B,71200,2000,
000019.SZ,000019,20251209,93406000,0,4332281,0,B,64700,100,
000019.SZ,000019,20251209,93406000,0,4332282,0,B,64700,100,
000019.SZ,000019,20251209,93406000,0,4332283,0,B,64700,100,
000019.SZ,000019,20251209,93406000,0,4332284,0,B,64700,100,
000019.SZ,000019,20251209,93406140,0,4333750,0,S,70600,4300,
000019.SZ,000019,20251209,93407330,0,4345734,0,S,71300,1700,
000019.SZ,000019,20251209,93407390,0,4346425,0,S,72400,300,
000019.SZ,000019,20251209,93407740,0,4350387,0,S,79100,200,
000019.SZ,000019,20251209,93409370,0,4365202,0,B,71300,700,
000019.SZ,000019,20251209,93411490,0,4385064,0,S,71400,300,
000019.SZ,000019,20251209,93412010,0,4389645,0,S,71400,200,
000019.SZ,000019,20251209,93412130,0,4390714,0,B,71300,200,
000019.SZ,000019,20251209,93413330,0,4401922,0,B,71300,2900,
000019.SZ,000019,20251209,93414260,0,4410671,0,S,71500,700,
000019.SZ,000019,20251209,93414260,0,4410672,0,S,71500,600,
000019.SZ,000019,20251209,93414260,0,4410674,0,S,71500,1000,
000019.SZ,000019,20251209,93414350,0,4411690,0,S,71500,600,
000019.SZ,000019,20251209,93414350,0,4411695,0,S,71500,400,
000019.SZ,000019,20251209,93414360,0,4411763,0,S,71500,500,
000019.SZ,000019,20251209,93414360,0,4411766,0,S,71500,1800,
000019.SZ,000019,20251209,93414360,0,4411772,0,S,71500,400,
000019.SZ,000019,20251209,93414410,0,4412181,0,S,71500,200,
000019.SZ,000019,20251209,93414460,0,4412632,0,S,71500,600,
000019.SZ,000019,20251209,93414890,0,4416138,0,S,71400,700,
000019.SZ,000019,20251209,93416200,0,4428884,0,B,71200,3000,
000019.SZ,000019,20251209,93418530,0,4450051,0,B,71100,4000,
000019.SZ,000019,20251209,93420470,0,4467967,0,S,71300,1100,
000019.SZ,000019,20251209,93421450,0,4477079,0,B,71300,1500,
000019.SZ,000019,20251209,93422950,0,4491246,0,B,71200,20000,
000019.SZ,000019,20251209,93423080,0,4492577,0,S,71300,2900,
000019.SZ,000019,20251209,93425740,0,4516333,0,S,71800,800,
000019.SZ,000019,20251209,93426380,0,4521416,0,B,71300,100,
000019.SZ,000019,20251209,93426380,0,4521437,0,B,71100,900,
000019.SZ,000019,20251209,93427110,0,4527259,0,B,71400,7300,
000019.SZ,000019,20251209,93430110,0,4553409,0,B,71300,3000,
000019.SZ,000019,20251209,93430120,0,4553461,0,S,71400,100,
000019.SZ,000019,20251209,93430120,0,4553465,0,S,71400,100,
000019.SZ,000019,20251209,93430120,0,4553466,0,S,71400,100,
000019.SZ,000019,20251209,93430120,0,4553474,0,S,71400,100,
000019.SZ,000019,20251209,93430120,0,4553477,0,S,71400,100,
000019.SZ,000019,20251209,93430830,0,4560127,0,B,71100,300,
000019.SZ,000019,20251209,93432960,0,4579223,0,S,78000,1000,
000019.SZ,000019,20251209,93433470,0,4583618,0,B,71100,2000,
000019.SZ,000019,20251209,93433860,0,4588023,0,S,71400,100,
000019.SZ,000019,20251209,93434360,0,4592613,0,S,71400,600,
000019.SZ,000019,20251209,93434360,0,4592617,0,S,71400,400,
000019.SZ,000019,20251209,93434370,0,4592683,0,S,71400,400,
000019.SZ,000019,20251209,93434370,0,4592687,0,S,71400,500,
000019.SZ,000019,20251209,93434370,0,4592699,0,S,71400,1800,
000019.SZ,000019,20251209,93434400,0,4592915,0,S,71400,600,
000019.SZ,000019,20251209,93434400,0,4592939,0,B,71300,200,
000019.SZ,000019,20251209,93434420,0,4593137,0,S,71400,200,
000019.SZ,000019,20251209,93434480,0,4593729,0,S,71400,1000,
000019.SZ,000019,20251209,93434480,0,4593730,0,S,71400,700,
000019.SZ,000019,20251209,93434480,0,4593761,0,S,71400,600,
000019.SZ,000019,20251209,93436640,0,4611289,0,B,71200,8600,
000019.SZ,000019,20251209,93438280,0,4625305,0,B,70900,2000,
000019.SZ,000019,20251209,93439900,0,4638204,0,B,70200,5900,
000019.SZ,000019,20251209,93440640,0,4644903,0,B,68000,10000,
000019.SZ,000019,20251209,93442130,0,4656843,0,B,71000,2000,
000019.SZ,000019,20251209,93443600,0,4669954,0,B,71400,2000,
000019.SZ,000019,20251209,93445930,0,4690208,0,S,71400,100,
000019.SZ,000019,20251209,93449560,0,4721149,0,B,71300,200,
000019.SZ,000019,20251209,93449710,0,4722248,0,B,71400,4400,
000019.SZ,000019,20251209,93450150,0,4726006,0,B,71300,700,
000019.SZ,000019,20251209,93450380,0,4727896,0,B,71600,1200,
000019.SZ,000019,20251209,93450410,0,4728339,0,S,71400,3000,
000019.SZ,000019,20251209,93450870,0,4732107,0,B,70200,700,
000019.SZ,000019,20251209,93454570,0,4763667,0,S,71400,660,
000019.SZ,000019,20251209,93454860,0,4766627,0,S,72800,900,
000019.SZ,000019,20251209,93455830,0,4776398,0,B,71400,22600,
000019.SZ,000019,20251209,93457150,0,4787742,0,S,71400,2900,
000019.SZ,000019,20251209,93457240,0,4788604,0,B,71400,500,
000019.SZ,000019,20251209,93457820,0,4794107,0,S,73000,200,
000019.SZ,000019,20251209,93458070,0,4796364,0,B,71400,3700,
000019.SZ,000019,20251209,93458140,0,4797014,0,S,71500,19000,
000019.SZ,000019,20251209,93458500,0,4801275,0,B,71700,1400,
000019.SZ,000019,20251209,93458500,0,4801277,0,B,71400,8700,
000019.SZ,000019,20251209,93458730,0,4803226,0,B,71300,300,
000019.SZ,000019,20251209,93459440,0,4809262,0,B,71400,21500,
000019.SZ,000019,20251209,93500290,0,4816473,0,B,71300,600,
000019.SZ,000019,20251209,93500340,0,4817199,0,B,71400,500,
000019.SZ,000019,20251209,93501260,0,4830699,0,S,71200,100,
000019.SZ,000019,20251209,93501710,0,4836005,0,B,71300,1500,
000019.SZ,000019,20251209,93503170,0,4849918,0,S,71400,26800,
000019.SZ,000019,20251209,93504160,0,4861334,0,B,71200,1900,
000019.SZ,000019,20251209,93504810,0,4870708,0,S,75700,1300,
000019.SZ,000019,20251209,93506130,0,4887333,0,S,70700,100,
000019.SZ,000019,20251209,93506500,0,4892289,0,S,71400,1700,
000019.SZ,000019,20251209,93507030,0,4898661,0,B,71400,4400,
000019.SZ,000019,20251209,93508550,0,4915962,0,B,71300,40000,
000019.SZ,000019,20251209,93509970,0,4931723,0,B,71400,900,
000019.SZ,000019,20251209,93513170,0,4978354,0,B,71300,5000,
000019.SZ,000019,20251209,93513380,0,4981825,0,S,71400,100,
000019.SZ,000019,20251209,93513480,0,4983196,0,S,71600,100,
000019.SZ,000019,20251209,93514820,0,5000491,0,S,74000,300,
000019.SZ,000019,20251209,93516130,0,5016195,0,B,70100,2300,
000019.SZ,000019,20251209,93516140,0,5016414,0,S,71500,100,
000019.SZ,000019,20251209,93516140,0,5016427,0,S,71500,100,
000019.SZ,000019,20251209,93516150,0,5016553,0,S,71500,100,
000019.SZ,000019,20251209,93516460,0,5019811,0,B,70200,42700,
000019.SZ,000019,20251209,93517280,0,5027601,0,B,71400,200,
000019.SZ,000019,20251209,93517440,0,5029006,0,B,69900,400,
000019.SZ,000019,20251209,93517710,0,5031522,0,B,72800,1000,
000019.SZ,000019,20251209,93518460,0,5038359,0,B,71400,100,
000019.SZ,000019,20251209,93518480,0,5038609,0,B,71400,8400,
000019.SZ,000019,20251209,93518980,0,5043008,0,B,71400,1000,
000019.SZ,000019,20251209,93522620,0,5076813,0,B,71400,13700,
000019.SZ,000019,20251209,93523480,0,5085073,0,B,71400,1800,
000019.SZ,000019,20251209,93523570,0,5085888,0,S,79100,11600,
000019.SZ,000019,20251209,93524210,0,5090780,0,B,71400,100,
000019.SZ,000019,20251209,93524320,0,5092098,0,S,71600,900,
000019.SZ,000019,20251209,93525230,0,5101001,0,B,71400,300,
000019.SZ,000019,20251209,93525590,0,5104421,0,S,71600,9000,
000019.SZ,000019,20251209,93525740,0,5105654,0,B,71100,20000,
000019.SZ,000019,20251209,93528590,0,5132758,0,S,71500,2400,
000019.SZ,000019,20251209,93528680,0,5133547,0,B,71500,500,
000019.SZ,000019,20251209,93528980,0,5135785,0,B,71400,100,
000019.SZ,000019,20251209,93528980,0,5135786,0,B,71400,200,
000019.SZ,000019,20251209,93531580,0,5159105,0,B,70300,10000,
000019.SZ,000019,20251209,93532190,0,5164402,0,B,71100,10000,
000019.SZ,000019,20251209,93532570,0,5167961,0,B,71500,100,
000019.SZ,000019,20251209,93535980,0,5199881,0,S,78800,400,
000019.SZ,000019,20251209,93537020,0,5210835,0,S,71600,100,
000019.SZ,000019,20251209,93539160,0,5234232,0,S,71300,1200,
000019.SZ,000019,20251209,93542750,0,5274671,0,B,71300,800,
000019.SZ,000019,20251209,93543200,0,5278272,0,B,71400,100,
000019.SZ,000019,20251209,93543450,0,5281061,0,B,71500,400,
000019.SZ,000019,20251209,93544800,0,5293016,0,S,72100,5000,
000019.SZ,000019,20251209,93545110,0,5295597,0,B,70600,10000,
000019.SZ,000019,20251209,93545220,0,5296594,0,B,71500,6900,
000019.SZ,000019,20251209,93545230,0,5296759,0,B,71400,100,
000019.SZ,000019,20251209,93545230,0,5296790,0,B,71400,500,
000019.SZ,000019,20251209,93545260,0,5297215,0,S,75000,500,
000019.SZ,000019,20251209,93545850,0,5302937,0,S,72800,2300,
000019.SZ,000019,20251209,93548060,0,5321935,0,S,76600,3000,
000019.SZ,000019,20251209,93548580,0,5328193,0,B,71400,2000,
000019.SZ,000019,20251209,93550320,0,5347903,0,B,71500,400,
000019.SZ,000019,20251209,93550550,0,5349704,0,B,71400,3000,
000019.SZ,000019,20251209,93551110,0,5354422,0,S,71500,800,
000019.SZ,000019,20251209,93555010,0,5393017,0,S,74800,1700,
000019.SZ,000019,20251209,93556090,0,5402636,0,S,75000,2000,
000019.SZ,000019,20251209,93556230,0,5403790,0,B,71000,600,
000019.SZ,000019,20251209,93556330,0,5404568,0,S,71500,4500,
000019.SZ,000019,20251209,93557180,0,5410760,0,S,71500,100,
000019.SZ,000019,20251209,93557370,0,5412787,0,S,73700,2300,
000019.SZ,000019,20251209,93557630,0,5414855,0,B,68000,5000,
000019.SZ,000019,20251209,93557770,0,5416225,0,S,71900,1000,
000019.SZ,000019,20251209,93558550,0,5423156,0,S,78500,3000,
000019.SZ,000019,20251209,93558900,0,5426075,0,B,71400,100,
000019.SZ,000019,20251209,93601210,0,5451388,0,B,70700,500,
000019.SZ,000019,20251209,93602740,0,5469297,0,S,71500,100,
000019.SZ,000019,20251209,93604390,0,5487854,0,B,71400,600,
000019.SZ,000019,20251209,93604450,0,5488380,0,S,72800,700,
000019.SZ,000019,20251209,93604470,0,5488530,0,S,71300,2700,
000019.SZ,000019,20251209,93605250,0,5495769,0,S,70700,500,
000019.SZ,000019,20251209,93605260,0,5495906,0,B,71500,800,
000019.SZ,000019,20251209,93605540,0,5499225,0,S,70700,400,
000019.SZ,000019,20251209,93606190,0,5505510,0,S,70700,300,
000019.SZ,000019,20251209,93606220,0,5505779,0,S,71500,100,
000019.SZ,000019,20251209,93606980,0,5513879,0,S,70700,100,
000019.SZ,000019,20251209,93607090,0,5515234,0,S,71600,800,
000019.SZ,000019,20251209,93607120,0,5515387,0,B,71400,2000,
000019.SZ,000019,20251209,93607320,0,5517504,0,S,71400,2800,
000019.SZ,000019,20251209,93609030,0,5532392,0,B,71100,1000,
000019.SZ,000019,20251209,93609350,0,5535548,0,B,71400,100,
000019.SZ,000019,20251209,93609380,0,5535847,0,S,71500,100,
000019.SZ,000019,20251209,93610670,0,5551639,0,B,70900,2000,
000019.SZ,000019,20251209,93611340,0,5558347,0,B,71400,100,
000019.SZ,000019,20251209,93611620,0,5561426,0,B,70300,3000,
000019.SZ,000019,20251209,93611740,0,5562364,0,S,70300,300,
000019.SZ,000019,20251209,93612020,0,5564839,0,S,76000,500,
000019.SZ,000019,20251209,93612180,0,5566051,0,B,71400,2000,
000019.SZ,000019,20251209,93612320,0,5567764,0,B,70100,300,
000019.SZ,000019,20251209,93613510,0,5578718,0,S,74600,2300,
000019.SZ,000019,20251209,93613780,0,5582934,0,B,69600,3000,
000019.SZ,000019,20251209,93613910,0,5584317,0,B,71400,1000,
000019.SZ,000019,20251209,93613920,0,5584352,0,B,71500,100,
000019.SZ,000019,20251209,93613920,0,5584356,0,B,71500,100,
000019.SZ,000019,20251209,93613920,0,5584360,0,B,71500,100,
000019.SZ,000019,20251209,93613920,0,5584362,0,B,71500,100,
000019.SZ,000019,20251209,93613920,0,5584366,0,B,71500,100,
000019.SZ,000019,20251209,93613920,0,5584400,0,B,71500,200,
000019.SZ,000019,20251209,93613920,0,5584403,0,B,71500,100,
000019.SZ,000019,20251209,93613920,0,5584405,0,B,71500,100,
000019.SZ,000019,20251209,93613920,0,5584408,0,B,71500,500,
000019.SZ,000019,20251209,93613920,0,5584410,0,B,71500,300,
000019.SZ,000019,20251209,93613920,0,5584412,0,B,71500,200,
000019.SZ,000019,20251209,93613920,0,5584416,0,B,71500,100,
000019.SZ,000019,20251209,93613920,0,5584418,0,B,71500,200,
000019.SZ,000019,20251209,93613920,0,5584420,0,B,71500,100,
000019.SZ,000019,20251209,93613920,0,5584424,0,B,71500,1100,
000019.SZ,000019,20251209,93613920,0,5584443,0,B,71500,14200,
000019.SZ,000019,20251209,93613930,0,5584456,0,B,71500,200,
000019.SZ,000019,20251209,93613930,0,5584458,0,B,71500,15500,
000019.SZ,000019,20251209,93613930,0,5584465,0,B,71500,15400,
000019.SZ,000019,20251209,93613930,0,5584479,0,B,71500,44800,
000019.SZ,000019,20251209,93613930,0,5584489,0,B,71500,100,
000019.SZ,000019,20251209,93613940,0,5584557,0,B,71500,5100,
000019.SZ,000019,20251209,93613940,0,5584558,0,B,71500,5800,
000019.SZ,000019,20251209,93613940,0,5584559,0,B,71500,100,
000019.SZ,000019,20251209,93613940,0,5584560,0,B,71500,100,
000019.SZ,000019,20251209,93613940,0,5584561,0,B,71500,4300,
000019.SZ,000019,20251209,93613940,0,5584562,0,B,71500,600,
000019.SZ,000019,20251209,93613940,0,5584563,0,B,71500,1200,
000019.SZ,000019,20251209,93613940,0,5584564,0,B,71500,500,
