万得代码,交易所代码,自然日,时间,委托编号,交易所委托号,委托类型,委托代码,委托价格,委托数量,
000031.SZ,000031,20251209,91500070,0,7360,0,B,30000,6000,
000031.SZ,000031,20251209,91500070,0,7874,0,B,27600,5000,
000031.SZ,000031,20251209,91500070,0,8151,0,S,33600,700,
000031.SZ,000031,20251209,91500070,0,8156,0,B,29100,800,
000031.SZ,000031,20251209,91500070,0,8282,0,S,31600,12400,
000031.SZ,000031,20251209,91500080,0,12540,0,S,31500,5000,
000031.SZ,000031,20251209,91500080,0,12663,0,S,31500,3000,
000031.SZ,000031,20251209,91500090,0,14010,0,S,31400,1000,
000031.SZ,000031,20251209,91500090,0,14973,0,S,31200,5400,
000031.SZ,000031,20251209,91500090,0,16452,0,S,33500,500,
000031.SZ,000031,20251209,91500090,0,16477,0,S,30700,900,
000031.SZ,000031,20251209,91500100,0,19250,0,B,27600,1000,
000031.SZ,000031,20251209,91500110,0,20718,0,B,30600,5000,
000031.SZ,000031,20251209,91500110,0,20719,0,B,30200,5000,
000031.SZ,000031,20251209,91500110,0,20767,0,S,31400,10000,
000031.SZ,000031,20251209,91500110,0,20768,0,S,31500,10000,
000031.SZ,000031,20251209,91500110,0,20773,0,B,30700,5000,
000031.SZ,000031,20251209,91500110,0,20775,0,S,31400,5000,
000031.SZ,000031,20251209,91500110,0,20776,0,S,31500,5000,
000031.SZ,000031,20251209,91500110,0,20777,0,B,30700,5000,
000031.SZ,000031,20251209,91500120,0,23490,0,S,33800,6600,
000031.SZ,000031,20251209,91500120,0,24495,0,S,33800,5000,
000031.SZ,000031,20251209,91500130,0,26077,0,S,31600,5000,
000031.SZ,000031,20251209,91500130,0,26078,0,S,31700,5000,
000031.SZ,000031,20251209,91500130,0,26079,0,S,31900,5000,
000031.SZ,000031,20251209,91500130,0,29188,0,S,33800,20000,
000031.SZ,000031,20251209,91500140,0,30399,0,S,33700,98600,
000031.SZ,000031,20251209,91500150,0,34538,0,S,31000,5000,
000031.SZ,000031,20251209,91500150,0,35382,0,S,31400,3000,
000031.SZ,000031,20251209,91500150,0,35383,0,B,30300,1500,
000031.SZ,000031,20251209,91500150,0,35384,0,B,30000,1500,
000031.SZ,000031,20251209,91500150,0,35545,0,S,32500,700,
000031.SZ,000031,20251209,91500150,0,36846,0,S,33200,1800,
000031.SZ,000031,20251209,91500160,0,38178,0,B,28000,1000,
000031.SZ,000031,20251209,91500160,0,38179,0,B,29000,1000,
000031.SZ,000031,20251209,91500160,0,38180,0,B,30000,1000,
000031.SZ,000031,20251209,91500160,0,38237,0,S,31700,1000,
000031.SZ,000031,20251209,91500160,0,39205,0,S,32300,1700,
000031.SZ,000031,20251209,91500170,0,40551,0,B,30000,5000,
000031.SZ,000031,20251209,91500170,0,42020,0,S,33800,10000,
000031.SZ,000031,20251209,91500170,0,42024,0,S,33700,10000,
000031.SZ,000031,20251209,91500170,0,42047,0,S,33600,4000,
000031.SZ,000031,20251209,91500170,0,42048,0,S,33500,4000,
000031.SZ,000031,20251209,91500170,0,42856,0,S,31900,9000,
000031.SZ,000031,20251209,91500180,0,43497,0,S,32200,20000,
000031.SZ,000031,20251209,91500200,0,50679,0,S,32200,500,
000031.SZ,000031,20251209,91500200,0,50680,0,S,33200,500,
000031.SZ,000031,20251209,91500200,0,50681,0,B,30200,500,
000031.SZ,000031,20251209,91500200,0,51247,0,S,33800,5000,
000031.SZ,000031,20251209,91500200,0,51248,0,S,33700,5000,
000031.SZ,000031,20251209,91500200,0,51250,0,S,33600,5000,
000031.SZ,000031,20251209,91500200,0,51251,0,S,33500,5000,
000031.SZ,000031,20251209,91500200,0,51252,0,S,33400,5000,
000031.SZ,000031,20251209,91500210,0,53542,0,B,30500,10000,
000031.SZ,000031,20251209,91500210,0,53543,0,B,30300,10000,
000031.SZ,000031,20251209,91500220,0,54269,0,S,33400,1000,
000031.SZ,000031,20251209,91500220,0,54270,0,B,30100,1000,
000031.SZ,000031,20251209,91500230,0,56318,0,B,30000,700,
000031.SZ,000031,20251209,91500250,0,60439,0,S,33800,1500,
000031.SZ,000031,20251209,91500280,0,64318,0,S,33800,200,
000031.SZ,000031,20251209,91500280,0,65289,0,S,33300,3800,
000031.SZ,000031,20251209,91500280,0,65727,0,S,33000,1000,
000031.SZ,000031,20251209,91500280,0,65739,0,S,33800,1000,
000031.SZ,000031,20251209,91500280,0,65757,0,B,29900,1000,
000031.SZ,000031,20251209,91500290,0,65957,0,S,30700,3300,
000031.SZ,000031,20251209,91500290,0,67009,0,B,29100,900,
000031.SZ,000031,20251209,91500290,0,67540,0,S,31700,1000,
000031.SZ,000031,20251209,91500300,0,68125,0,S,31500,2000,
000031.SZ,000031,20251209,91500310,0,69447,0,S,33800,2000,
000031.SZ,000031,20251209,91500310,0,70489,0,S,33800,5000,
000031.SZ,000031,20251209,91500310,0,70546,0,S,33700,19200,
000031.SZ,000031,20251209,91500310,0,71358,0,S,33800,2000,
000031.SZ,000031,20251209,91500320,0,71512,0,B,29500,900,
000031.SZ,000031,20251209,91500320,0,71518,0,S,31300,900,
000031.SZ,000031,20251209,91500320,0,71520,0,S,32200,1100,
000031.SZ,000031,20251209,91500320,0,72565,0,S,33800,30000,
000031.SZ,000031,20251209,91500320,0,72785,0,S,31500,1200,
000031.SZ,000031,20251209,91500350,0,76779,0,B,30800,2300,
000031.SZ,000031,20251209,91500360,0,78062,0,S,31000,5000,
000031.SZ,000031,20251209,91500370,0,80151,0,B,29100,1800,
000031.SZ,000031,20251209,91500380,0,81192,0,S,33800,3300,
000031.SZ,000031,20251209,91500400,0,83689,0,B,29500,5000,
000031.SZ,000031,20251209,91500410,0,84900,0,S,31700,5000,
000031.SZ,000031,20251209,91500410,0,84901,0,S,31500,5000,
000031.SZ,000031,20251209,91500410,0,84902,0,S,32000,5000,
000031.SZ,000031,20251209,91500410,0,84906,0,S,32300,5000,
000031.SZ,000031,20251209,91500410,0,84959,0,S,32500,5000,
000031.SZ,000031,20251209,91500410,0,84966,0,S,32800,5000,
000031.SZ,000031,20251209,91500410,0,84967,0,S,33000,5000,
000031.SZ,000031,20251209,91500410,0,84968,0,S,33500,5000,
000031.SZ,000031,20251209,91500410,0,84969,0,S,33800,5000,
000031.SZ,000031,20251209,91500410,0,84978,0,S,33800,600,
000031.SZ,000031,20251209,91500410,0,85045,0,B,30000,5000,
000031.SZ,000031,20251209,91500410,0,85082,0,S,31500,9900,
000031.SZ,000031,20251209,91500430,0,86857,0,S,31300,4000,
000031.SZ,000031,20251209,91500430,0,86887,0,S,31800,2000,
000031.SZ,000031,20251209,91500430,0,86920,0,S,33800,3000,
000031.SZ,000031,20251209,91500430,0,87094,0,B,30400,3000,
000031.SZ,000031,20251209,91500430,0,87517,0,B,30700,1000,
000031.SZ,000031,20251209,91500430,0,87523,0,B,30500,1000,
000031.SZ,000031,20251209,91500430,0,87525,0,B,30500,1000,
000031.SZ,000031,20251209,91500430,0,87597,0,S,31100,2000,
000031.SZ,000031,20251209,91500440,0,88648,0,S,32600,1000,
000031.SZ,000031,20251209,91500460,0,90648,0,S,31300,94300,
000031.SZ,000031,20251209,91500470,0,91527,0,S,31200,3000,
000031.SZ,000031,20251209,91500470,0,91528,0,S,31500,3000,
000031.SZ,000031,20251209,91500480,0,92103,0,S,31800,34000,
000031.SZ,000031,20251209,91500490,0,94365,0,S,31600,9100,
000031.SZ,000031,20251209,91500490,0,94369,0,S,33800,4000,
000031.SZ,000031,20251209,91500540,0,100066,0,S,31800,400,
000031.SZ,000031,20251209,91500560,0,101493,0,B,28500,6000,
000031.SZ,000031,20251209,91500570,0,103380,0,B,28600,1000,
000031.SZ,000031,20251209,91500620,0,108230,0,B,30000,1000,
000031.SZ,000031,20251209,91500740,0,119448,0,S,32800,5600,
000031.SZ,000031,20251209,91500790,0,123454,0,B,29100,500,
000031.SZ,000031,20251209,91500790,0,123624,0,S,33800,6000,
000031.SZ,000031,20251209,91500810,0,124921,0,S,33800,1700,
000031.SZ,000031,20251209,91500810,0,125030,0,S,33800,300,
000031.SZ,000031,20251209,91500820,0,126220,0,S,31600,1700,
000031.SZ,000031,20251209,91500880,0,130313,0,S,32900,23800,
000031.SZ,000031,20251209,91500890,0,131457,0,B,29800,3000,
000031.SZ,000031,20251209,91500920,0,133383,0,S,32200,1000,
000031.SZ,000031,20251209,91500930,0,133717,0,S,33800,14200,
000031.SZ,000031,20251209,91500950,0,135077,0,S,31900,20000,
000031.SZ,000031,20251209,91500950,0,135097,0,B,30200,10000,
000031.SZ,000031,20251209,91501010,0,139600,0,S,31600,4000,
000031.SZ,000031,20251209,91501020,0,139964,0,S,32500,500,
000031.SZ,000031,20251209,91501070,0,143564,0,B,30000,2200,
000031.SZ,000031,20251209,91501100,0,145106,0,B,29700,6000,
000031.SZ,000031,20251209,91501170,0,150955,0,B,28400,600,
000031.SZ,000031,20251209,91501180,0,151171,0,S,32100,500,
000031.SZ,000031,20251209,91501180,0,151172,0,S,33600,500,
000031.SZ,000031,20251209,91501210,0,152856,0,B,30400,100,
000031.SZ,000031,20251209,91501210,0,152857,0,B,30200,100,
000031.SZ,000031,20251209,91501210,0,152862,0,B,30000,100,
000031.SZ,000031,20251209,91501210,0,153381,0,S,31400,6000,
000031.SZ,000031,20251209,91501210,0,153382,0,S,31500,3000,
000031.SZ,000031,20251209,91501210,0,153383,0,S,31600,3000,
000031.SZ,000031,20251209,91501210,0,153384,0,S,31700,6000,
000031.SZ,000031,20251209,91501210,0,153385,0,S,31800,3000,
000031.SZ,000031,20251209,91501210,0,153386,0,S,32000,3000,
000031.SZ,000031,20251209,91501210,0,153387,0,B,30000,6000,
000031.SZ,000031,20251209,91501210,0,153388,0,B,30100,3000,
000031.SZ,000031,20251209,91501210,0,153389,0,B,29900,6000,
000031.SZ,000031,20251209,91501220,0,154001,0,S,33800,300,
000031.SZ,000031,20251209,91501260,0,155774,0,B,29000,2000,
000031.SZ,000031,20251209,91501290,0,156975,0,B,29600,1000,
000031.SZ,000031,20251209,91501320,0,158637,0,B,27800,500,
000031.SZ,000031,20251209,91501320,0,158803,0,S,33800,200,
000031.SZ,000031,20251209,91501340,0,160010,0,S,31300,1000,
000031.SZ,000031,20251209,91501340,0,160035,0,B,30100,1000,
000031.SZ,000031,20251209,91501370,0,161284,0,S,31300,1000,
000031.SZ,000031,20251209,91501380,0,161962,0,S,33800,20800,
000031.SZ,000031,20251209,91501400,0,163625,0,S,32600,2000,
000031.SZ,000031,20251209,91501470,0,167640,0,S,33000,10000,
000031.SZ,000031,20251209,91501470,0,167810,0,S,32000,400,
000031.SZ,000031,20251209,91501500,0,170345,0,S,31600,6000,
000031.SZ,000031,20251209,91501500,0,170346,0,S,32600,6000,
000031.SZ,000031,20251209,91501500,0,170347,0,S,33000,6000,
000031.SZ,000031,20251209,91501500,0,170348,0,S,33300,6000,
000031.SZ,000031,20251209,91501500,0,170349,0,B,30200,6000,
000031.SZ,000031,20251209,91501500,0,170350,0,B,29900,6000,
000031.SZ,000031,20251209,91501530,0,172925,0,B,30000,400,
000031.SZ,000031,20251209,91501560,0,174887,0,S,31000,6000,
000031.SZ,000031,20251209,91501560,0,174888,0,S,31300,6000,
000031.SZ,000031,20251209,91501560,0,174889,0,S,32000,6000,
000031.SZ,000031,20251209,91501560,0,174890,0,S,32300,6000,
000031.SZ,000031,20251209,91501560,0,174891,0,S,33600,6000,
000031.SZ,000031,20251209,91501560,0,175565,0,S,33700,1000,
000031.SZ,000031,20251209,91501570,0,175945,0,B,31200,400,
000031.SZ,000031,20251209,91501580,0,176312,0,B,30200,3000,
000031.SZ,000031,20251209,91501600,0,177859,0,S,33700,900,
000031.SZ,000031,20251209,91501630,0,179437,0,S,31100,4700,
000031.SZ,000031,20251209,91501630,0,179438,0,B,30300,5100,
000031.SZ,000031,20251209,91501640,0,179823,0,S,32900,5700,
000031.SZ,000031,20251209,91501670,0,182317,0,B,30700,200,
000031.SZ,000031,20251209,91501670,0,182331,0,B,30700,200,
000031.SZ,000031,20251209,91501720,0,184698,0,B,28100,1000,
000031.SZ,000031,20251209,91501720,0,184717,0,S,33800,2000,
000031.SZ,000031,20251209,91501740,0,185676,0,S,32200,2600,
000031.SZ,000031,20251209,91501800,0,188514,0,B,30300,3600,
000031.SZ,000031,20251209,91501820,0,189105,0,S,31300,2000,
000031.SZ,000031,20251209,91501850,0,190368,0,S,33600,300,
000031.SZ,000031,20251209,91501860,0,190808,0,S,32300,4000,
000031.SZ,000031,20251209,91501890,0,192035,0,S,31200,4100,
000031.SZ,000031,20251209,91501900,0,192444,0,S,33800,3500,
000031.SZ,000031,20251209,91501900,0,192589,0,S,33800,1000,
000031.SZ,000031,20251209,91501940,0,193758,0,B,29100,5000,
000031.SZ,000031,20251209,91501970,0,195194,0,B,30500,5000,
000031.SZ,000031,20251209,91501970,0,195196,0,S,31200,5000,
000031.SZ,000031,20251209,91501970,0,195197,0,S,31400,5000,
000031.SZ,000031,20251209,91501970,0,195198,0,S,31600,5000,
000031.SZ,000031,20251209,91501980,0,195984,0,S,31700,1400,
000031.SZ,000031,20251209,91502000,0,196676,0,S,33800,5000,
000031.SZ,000031,20251209,91502000,0,196843,0,S,31100,10000,
000031.SZ,000031,20251209,91502000,0,196845,0,S,31300,10000,
000031.SZ,000031,20251209,91502000,0,197087,0,B,30500,5000,
000031.SZ,000031,20251209,91502000,0,197100,0,S,30800,5000,
000031.SZ,000031,20251209,91502000,0,197106,0,B,30400,5000,
000031.SZ,000031,20251209,91502000,0,197128,0,B,30300,5000,
000031.SZ,000031,20251209,91502010,0,197303,0,S,32000,100,
000031.SZ,000031,20251209,91502070,0,200522,0,B,30300,3000,
000031.SZ,000031,20251209,91502110,0,202123,0,S,31800,3000,
000031.SZ,000031,20251209,91502120,0,202331,0,S,32000,4200,
000031.SZ,000031,20251209,91502160,0,204402,0,S,31600,3000,
000031.SZ,000031,20251209,91502170,0,204465,0,S,33700,1000,
000031.SZ,000031,20251209,91502170,0,204661,0,S,33700,1000,
000031.SZ,000031,20251209,91502270,0,208891,0,S,32700,100,
000031.SZ,000031,20251209,91502280,0,209418,0,B,29400,1500,
000031.SZ,000031,20251209,91502320,0,210818,0,B,30100,10000,
000031.SZ,000031,20251209,91502320,0,210913,0,S,32300,2600,
000031.SZ,000031,20251209,91502330,0,211377,0,B,30000,1000,
000031.SZ,000031,20251209,91502340,0,211734,0,S,33100,300,
000031.SZ,000031,20251209,91502360,0,212426,0,S,33000,600,
000031.SZ,000031,20251209,91502370,0,212580,0,B,30200,1000,
000031.SZ,000031,20251209,91502370,0,212593,0,B,30100,1000,
000031.SZ,000031,20251209,91502370,0,212605,0,B,29200,1000,
000031.SZ,000031,20251209,91502370,0,212628,0,B,29100,1000,
000031.SZ,000031,20251209,91502400,0,213745,0,B,29500,3900,
000031.SZ,000031,20251209,91502410,0,214150,0,S,31400,1200,
000031.SZ,000031,20251209,91502410,0,214292,0,B,30100,1500,
000031.SZ,000031,20251209,91502410,0,214293,0,B,29700,1500,
000031.SZ,000031,20251209,91502410,0,214294,0,S,31400,900,
000031.SZ,000031,20251209,91502410,0,214296,0,S,32000,1500,
000031.SZ,000031,20251209,91502410,0,214297,0,S,32200,1500,
000031.SZ,000031,20251209,91502420,0,214471,0,B,28200,1000,
000031.SZ,000031,20251209,91502420,0,214486,0,B,28100,1000,
000031.SZ,000031,20251209,91502420,0,214493,0,B,27600,1000,
000031.SZ,000031,20251209,91502430,0,214873,0,S,33700,10000,
000031.SZ,000031,20251209,91502430,0,214910,0,S,32100,2000,
000031.SZ,000031,20251209,91502440,0,215212,0,B,30100,400,
000031.SZ,000031,20251209,91502460,0,215806,0,B,30000,1000,
000031.SZ,000031,20251209,91502460,0,215807,0,S,32000,1000,
000031.SZ,000031,20251209,91502470,0,216429,0,S,31800,1000,
000031.SZ,000031,20251209,91502470,0,216440,0,S,31900,1000,
000031.SZ,000031,20251209,91502470,0,216508,0,S,32800,1000,
000031.SZ,000031,20251209,91502490,0,217631,0,S,31400,5000,
000031.SZ,000031,20251209,91502500,0,217914,0,S,31000,2000,
000031.SZ,000031,20251209,91502510,0,218637,0,B,27600,300,
000031.SZ,000031,20251209,91502510,0,218638,0,B,28400,300,
000031.SZ,000031,20251209,91502530,0,219031,0,S,32900,1000,
000031.SZ,000031,20251209,91502530,0,219033,0,S,33800,1000,
000031.SZ,000031,20251209,91502540,0,219539,0,S,32800,500,
000031.SZ,000031,20251209,91502540,0,219742,0,S,33800,800,
000031.SZ,000031,20251209,91502550,0,220569,0,B,29900,1500,
000031.SZ,000031,20251209,91502550,0,220570,0,S,31600,1500,
000031.SZ,000031,20251209,91502550,0,220571,0,S,31800,1500,
000031.SZ,000031,20251209,91502650,0,224582,0,S,33800,3000,
000031.SZ,000031,20251209,91502650,0,224594,0,S,32500,3800,
000031.SZ,000031,20251209,91502660,0,225119,0,S,33700,100,
000031.SZ,000031,20251209,91502670,0,225589,0,B,29700,1500,
000031.SZ,000031,20251209,91502700,0,226767,0,B,29600,3700,
000031.SZ,000031,20251209,91502740,0,227874,0,S,31600,2900,
000031.SZ,000031,20251209,91502740,0,227876,0,S,32000,2900,
000031.SZ,000031,20251209,91502740,0,227877,0,S,32900,2800,
000031.SZ,000031,20251209,91502810,0,229301,0,S,33800,26300,
000031.SZ,000031,20251209,91502850,0,230259,0,B,27700,15000,
000031.SZ,000031,20251209,91502900,0,231233,0,S,33800,1000,
000031.SZ,000031,20251209,91502930,0,231844,0,B,29800,1000,
000031.SZ,000031,20251209,91503020,0,235318,0,S,31300,600,
000031.SZ,000031,20251209,91503210,0,240490,0,S,31400,1100,
000031.SZ,000031,20251209,91503210,0,240491,0,S,32100,1200,
000031.SZ,000031,20251209,91503210,0,240494,0,S,32700,1200,
000031.SZ,000031,20251209,91503210,0,240495,0,S,33300,1300,
000031.SZ,000031,20251209,91503210,0,240497,0,B,30500,2000,
000031.SZ,000031,20251209,91503210,0,240498,0,S,33800,1400,
000031.SZ,000031,20251209,91503210,0,240499,0,B,30000,1200,
000031.SZ,000031,20251209,91503210,0,240500,0,B,29300,1300,
000031.SZ,000031,20251209,91503320,0,242697,0,B,30500,8000,
000031.SZ,000031,20251209,91503510,0,247421,0,S,33700,700,
000031.SZ,000031,20251209,91503550,0,248828,0,S,31600,5000,
000031.SZ,000031,20251209,91503550,0,248830,0,S,32300,7000,
000031.SZ,000031,20251209,91503550,0,248831,0,S,32900,10000,
000031.SZ,000031,20251209,91503550,0,248834,0,S,33800,21000,
000031.SZ,000031,20251209,91503560,0,249355,0,B,30500,500,
000031.SZ,000031,20251209,91503590,0,250486,0,S,31200,18000,
000031.SZ,000031,20251209,91503600,0,250501,0,B,29200,600,
000031.SZ,000031,20251209,91503600,0,250537,0,S,31800,400,
000031.SZ,000031,20251209,91503660,0,252262,0,S,32000,700,
000031.SZ,000031,20251209,91503660,0,252277,0,S,33000,700,
000031.SZ,000031,20251209,91503700,0,253492,0,B,29500,100,
000031.SZ,000031,20251209,91503930,0,256675,0,B,29600,10000,
000031.SZ,000031,20251209,91503930,0,256679,0,B,30300,5000,
000031.SZ,000031,20251209,91503930,0,256683,0,B,30400,5000,
000031.SZ,000031,20251209,91503930,0,256688,0,S,31500,5800,
000031.SZ,000031,20251209,91503930,0,256689,0,S,31700,5800,
000031.SZ,000031,20251209,91503960,0,257227,0,B,30000,10000,
000031.SZ,000031,20251209,91503980,0,257620,0,B,30200,1200,
000031.SZ,000031,20251209,91504300,0,261892,0,B,30400,1000,
000031.SZ,000031,20251209,91504360,0,262408,0,S,33800,41600,
000031.SZ,000031,20251209,91504500,0,264451,0,B,29900,7000,
000031.SZ,000031,20251209,91504500,0,264454,0,B,29200,10000,
000031.SZ,000031,20251209,91504530,0,265008,0,S,31900,1000,
000031.SZ,000031,20251209,91504690,0,268070,0,B,29300,500,
000031.SZ,000031,20251209,91505180,0,270954,0,B,30000,2000,
000031.SZ,000031,20251209,91505290,0,271788,0,B,30300,1500,
000031.SZ,000031,20251209,91505290,0,271790,0,S,31300,1500,
000031.SZ,000031,20251209,91505510,0,273336,0,S,33800,2000,
000031.SZ,000031,20251209,91505610,0,275071,0,B,30800,500,
000031.SZ,000031,20251209,91506530,0,279949,0,S,31200,10000,
000031.SZ,000031,20251209,91506540,0,280005,0,S,33800,100,
000031.SZ,000031,20251209,91506620,0,280913,0,S,33700,400,
000031.SZ,000031,20251209,91507280,0,283615,0,B,30100,25000,
000031.SZ,000031,20251209,91507560,0,284502,0,S,33000,1400,
000031.SZ,000031,20251209,91507630,0,285103,0,B,30200,10000,
000031.SZ,000031,20251209,91507630,0,285105,0,B,29900,10000,
000031.SZ,000031,20251209,91507630,0,285109,0,B,30100,5000,
000031.SZ,000031,20251209,91507630,0,285110,0,B,30000,5000,
000031.SZ,000031,20251209,91507630,0,285112,0,S,31300,5800,
000031.SZ,000031,20251209,91507630,0,285114,0,S,31900,5800,
000031.SZ,000031,20251209,91507630,0,285117,0,S,31200,5800,
000031.SZ,000031,20251209,91507650,0,285292,0,B,30400,500,
000031.SZ,000031,20251209,91507660,0,285439,0,S,33800,200,
000031.SZ,000031,20251209,91507660,0,285460,0,S,33800,2200,
000031.SZ,000031,20251209,91507940,0,286268,0,S,33500,600,
000031.SZ,000031,20251209,91508550,0,287227,0,B,29100,1000,
000031.SZ,000031,20251209,91508650,0,287964,0,B,29500,5000,
000031.SZ,000031,20251209,91509760,0,290213,0,S,31600,20000,
000031.SZ,000031,20251209,91510200,0,290778,0,S,30800,2700,
000031.SZ,000031,20251209,91510200,0,290779,0,B,30600,2700,
000031.SZ,000031,20251209,91510350,0,290862,0,B,27600,500,
000031.SZ,000031,20251209,91510930,0,291886,0,S,30700,500,
000031.SZ,000031,20251209,91513100,0,294216,0,B,29600,100,
000031.SZ,000031,20251209,91513100,0,294217,0,S,32800,100,
000031.SZ,000031,20251209,91513330,0,294306,0,B,30500,100,
000031.SZ,000031,20251209,91513330,0,294307,0,S,31900,100,
000031.SZ,000031,20251209,91522150,0,296313,0,B,28900,2200,
000031.SZ,000031,20251209,91528130,0,297555,0,B,30400,2000,
000031.SZ,000031,20251209,91528430,0,297621,0,S,31000,2000,
000031.SZ,000031,20251209,91534060,0,298791,0,S,31500,2000,
000031.SZ,000031,20251209,91534100,0,298801,0,B,30500,2000,
000031.SZ,000031,20251209,91535990,0,299259,0,S,33800,2000,
000031.SZ,000031,20251209,91542200,0,300675,0,S,30800,600,
000031.SZ,000031,20251209,91542200,0,300676,0,B,30600,600,
000031.SZ,000031,20251209,91547380,0,301992,0,B,30100,1000,
000031.SZ,000031,20251209,91550670,0,302820,0,S,33800,2000,
000031.SZ,000031,20251209,91550900,0,302860,0,S,32200,100,
000031.SZ,000031,20251209,91551620,0,303051,0,S,33800,13800,
000031.SZ,000031,20251209,91554450,0,303783,0,B,29200,100,
000031.SZ,000031,20251209,91602920,0,306191,0,S,33700,5000,
000031.SZ,000031,20251209,91617720,0,310123,0,S,33800,1000,
000031.SZ,000031,20251209,91630370,0,313308,0,S,33700,2400,
000031.SZ,000031,20251209,91637900,0,315487,0,S,33800,1000,
000031.SZ,000031,20251209,91700080,0,321706,0,S,31800,2400,
000031.SZ,000031,20251209,91717390,0,326758,0,S,33600,2000,
000031.SZ,000031,20251209,91723440,0,328574,0,B,30300,900,
000031.SZ,000031,20251209,91725750,0,329283,0,S,33800,500,
000031.SZ,000031,20251209,91727110,0,329697,0,S,31200,2300,
000031.SZ,000031,20251209,91728230,0,330025,0,S,32600,1000,
000031.SZ,000031,20251209,91731820,0,331134,0,S,32400,1700,
000031.SZ,000031,20251209,91732090,0,331234,0,S,33800,31000,
000031.SZ,000031,20251209,91754590,0,338467,0,S,32200,1000,
000031.SZ,000031,20251209,91756930,0,339270,0,S,31300,200,
000031.SZ,000031,20251209,91805750,0,342188,0,B,29800,45000,
000031.SZ,000031,20251209,91809730,0,343614,0,B,30600,5000,
000031.SZ,000031,20251209,91812500,0,344649,0,S,31600,12000,
000031.SZ,000031,20251209,91814350,0,345267,0,S,33700,3000,
000031.SZ,000031,20251209,91825370,0,349191,0,B,30300,1000,
000031.SZ,000031,20251209,91826830,0,349735,0,B,27600,1000,
000031.SZ,000031,20251209,91827940,0,350173,0,S,31400,200,
000031.SZ,000031,20251209,91834780,0,352623,0,S,31700,1000,
000031.SZ,000031,20251209,91840090,0,354503,0,B,30500,1000,
000031.SZ,000031,20251209,91846400,0,356794,0,B,30300,1000,
000031.SZ,000031,20251209,91916690,0,368223,0,B,30300,30000,
000031.SZ,000031,20251209,91924480,0,371356,0,S,30700,1700,
000031.SZ,000031,20251209,91928680,0,373046,0,S,31000,100,
000031.SZ,000031,20251209,91929450,0,373366,0,B,30100,700,
000031.SZ,000031,20251209,91952300,0,382731,0,S,31100,100,
000031.SZ,000031,20251209,91952990,0,383035,0,S,31300,2200,
000031.SZ,000031,20251209,92019710,0,394021,0,B,30400,600,
000031.SZ,000031,20251209,92021670,0,394777,0,S,31500,6000,
000031.SZ,000031,20251209,92033450,0,399032,0,B,30000,10600,
000031.SZ,000031,20251209,92039070,0,401136,0,S,33800,30000,
000031.SZ,000031,20251209,92044100,0,402972,0,S,31900,800,
000031.SZ,000031,20251209,92053700,0,406656,0,S,32900,200,
000031.SZ,000031,20251209,92057200,0,407969,0,S,31500,1000,
000031.SZ,000031,20251209,92057750,0,408198,0,S,33800,37100,
000031.SZ,000031,20251209,92105890,0,411491,0,S,30800,20000,
000031.SZ,000031,20251209,92106730,0,411800,0,B,28500,200,
000031.SZ,000031,20251209,92108990,0,412671,0,S,30900,15200,
000031.SZ,000031,20251209,92110350,0,413215,0,B,30200,2900,
000031.SZ,000031,20251209,92111180,0,413548,0,S,31500,14700,
000031.SZ,000031,20251209,92118250,0,416452,0,S,31900,1100,
000031.SZ,000031,20251209,92118650,0,416611,0,B,27600,2000,
000031.SZ,000031,20251209,92125760,0,419540,0,S,33800,1000,
000031.SZ,000031,20251209,92127760,0,420372,0,S,31600,3000,
000031.SZ,000031,20251209,92130130,0,421317,0,S,33800,200,
000031.SZ,000031,20251209,92134940,0,423467,0,S,33600,4000,
000031.SZ,000031,20251209,92135850,0,423846,0,S,33500,87300,
000031.SZ,000031,20251209,92139070,0,425223,0,S,31400,12500,
000031.SZ,000031,20251209,92139490,0,425425,0,B,30400,5000,
000031.SZ,000031,20251209,92140660,0,425923,0,S,32300,3000,
000031.SZ,000031,20251209,92149300,0,429653,0,B,30500,900,
000031.SZ,000031,20251209,92152120,0,430915,0,B,29200,3000,
000031.SZ,000031,20251209,92154960,0,432118,0,S,31100,5000,
000031.SZ,000031,20251209,92155780,0,432538,0,B,30300,1500,
000031.SZ,000031,20251209,92200720,0,434848,0,S,33000,3000,
000031.SZ,000031,20251209,92205460,0,437342,0,S,33800,1000,
000031.SZ,000031,20251209,92212850,0,440953,0,B,30300,8000,
000031.SZ,000031,20251209,92214180,0,441536,0,S,33800,3000,
000031.SZ,000031,20251209,92222190,0,445222,0,B,29300,1000,
000031.SZ,000031,20251209,92224840,0,446512,0,B,30300,3000,
000031.SZ,000031,20251209,92230830,0,449253,0,B,29800,3000,
000031.SZ,000031,20251209,92235610,0,451601,0,B,30400,1000,
000031.SZ,000031,20251209,92248970,0,458253,0,B,30300,1500,
000031.SZ,000031,20251209,92254280,0,461027,0,B,30200,3000,
000031.SZ,000031,20251209,92256500,0,462123,0,B,30200,3000,
000031.SZ,000031,20251209,92256970,0,462345,0,B,30000,300,
000031.SZ,000031,20251209,92300610,0,464145,0,B,31600,400,
000031.SZ,000031,20251209,92302760,0,465334,0,B,31600,500,
000031.SZ,000031,20251209,92309040,0,468593,0,B,30400,6000,
000031.SZ,000031,20251209,92311070,0,469722,0,B,30000,5000,
000031.SZ,000031,20251209,92311170,0,469777,0,B,30700,200,
000031.SZ,000031,20251209,92322920,0,476254,0,B,29800,5000,
000031.SZ,000031,20251209,92340380,0,486226,0,B,30200,2000,
000031.SZ,000031,20251209,92346660,0,489995,0,S,33700,7100,
000031.SZ,000031,20251209,92349560,0,491816,0,S,31800,3000,
000031.SZ,000031,20251209,92405810,0,501991,0,S,31600,200,
000031.SZ,000031,20251209,92414140,0,508288,0,B,30000,5000,
000031.SZ,000031,20251209,92433420,0,524650,0,B,30600,2000,
000031.SZ,000031,20251209,92435110,0,526142,0,S,31800,3100,
000031.SZ,000031,20251209,92438580,0,529481,0,B,30300,4000,
000031.SZ,000031,20251209,92445290,0,536477,0,B,30900,500,
000031.SZ,000031,20251209,92446170,0,537408,0,S,31800,10000,
000031.SZ,000031,20251209,92449080,0,540658,0,S,33500,200,
000031.SZ,000031,20251209,92455800,0,551782,0,B,30200,10000,
000031.SZ,000031,20251209,92457200,0,555738,0,S,31600,2500,
000031.SZ,000031,20251209,92458000,0,558156,0,S,30700,10200,
000031.SZ,000031,20251209,92459650,0,564927,0,S,33800,20000,
000031.SZ,000031,20251209,92459700,0,565269,0,S,29900,800,
000031.SZ,000031,20251209,92459800,0,565588,0,B,30900,1200,
000031.SZ,000031,20251209,92459930,0,566557,0,B,33700,500,
000031.SZ,000031,20251209,92459990,0,567447,0,B,33700,100,
000031.SZ,000031,20251209,92459990,0,567486,0,B,33600,100,
000031.SZ,000031,20251209,92459990,0,567506,0,B,33500,100,
000031.SZ,000031,20251209,92459990,0,567554,0,B,33400,100,
000031.SZ,000031,20251209,92459990,0,567651,0,B,33300,100,
000031.SZ,000031,20251209,93000050,0,677795,0,B,30700,100,
000031.SZ,000031,20251209,93000050,0,677798,0,S,30600,300,
000031.SZ,000031,20251209,93000060,0,687386,0,S,33800,5500,
000031.SZ,000031,20251209,93000060,0,688084,0,S,30700,700,
000031.SZ,000031,20251209,93000060,0,690138,0,B,29900,500,
000031.SZ,000031,20251209,93000060,0,692274,0,S,33800,2000,
000031.SZ,000031,20251209,93000070,0,693260,0,B,30100,5000,
000031.SZ,000031,20251209,93000070,0,698032,0,B,30700,100,
000031.SZ,000031,20251209,93000080,0,700726,0,S,31100,5000,
000031.SZ,000031,20251209,93000080,0,702294,0,S,31300,5100,
000031.SZ,000031,20251209,93000080,0,703773,0,S,30700,100,
000031.SZ,000031,20251209,93000090,0,709006,0,S,30700,1000,
000031.SZ,000031,20251209,93000100,0,714282,0,S,31200,20000,
000031.SZ,000031,20251209,93000130,0,728606,0,S,33800,2500,
000031.SZ,000031,20251209,93000140,0,733114,0,B,30100,20000,
000031.SZ,000031,20251209,93000150,0,738751,0,S,30900,1500,
000031.SZ,000031,20251209,93000160,0,747576,0,B,30300,2000,
000031.SZ,000031,20251209,93000170,0,750178,0,B,30600,100,
000031.SZ,000031,20251209,93000170,0,752996,0,B,30600,10000,
000031.SZ,000031,20251209,93000170,0,753331,0,S,31500,5000,
000031.SZ,000031,20251209,93000170,0,753550,0,S,31800,5000,
000031.SZ,000031,20251209,93000180,0,755508,0,S,31800,20000,
000031.SZ,000031,20251209,93000190,0,761354,0,S,33500,182900,
000031.SZ,000031,20251209,93000200,0,765420,0,S,30600,100,
000031.SZ,000031,20251209,93000230,0,777095,0,S,33800,2700,
000031.SZ,000031,20251209,93000240,0,781193,0,B,30300,1900,
000031.SZ,000031,20251209,93000270,0,791177,0,S,30900,700,
000031.SZ,000031,20251209,93000270,0,791382,0,S,31100,700,
000031.SZ,000031,20251209,93000270,0,791564,0,S,31300,700,
000031.SZ,000031,20251209,93000270,0,792010,0,S,31400,700,
000031.SZ,000031,20251209,93000270,0,792020,0,S,31700,700,
000031.SZ,000031,20251209,93000270,0,792149,0,S,31900,700,
000031.SZ,000031,20251209,93000270,0,792178,0,S,32100,700,
000031.SZ,000031,20251209,93000280,0,792630,0,S,32400,700,
000031.SZ,000031,20251209,93000280,0,792635,0,S,32700,700,
000031.SZ,000031,20251209,93000290,0,796936,0,B,30700,300,
000031.SZ,000031,20251209,93000310,0,802209,0,B,29600,400,
000031.SZ,000031,20251209,93000310,0,804542,0,S,32900,700,
000031.SZ,000031,20251209,93000330,0,808560,0,S,31000,5000,
000031.SZ,000031,20251209,93000340,0,810484,0,B,30700,1000,
000031.SZ,000031,20251209,93000360,0,815936,0,S,30900,20000,
000031.SZ,000031,20251209,93000370,0,817992,0,S,33800,1000,
000031.SZ,000031,20251209,93000370,0,818092,0,B,30300,1500,
000031.SZ,000031,20251209,93000400,0,824113,0,S,33800,3100,
000031.SZ,000031,20251209,93000420,0,826597,0,S,30700,3900,
000031.SZ,000031,20251209,93000430,0,828192,0,B,30100,20000,
000031.SZ,000031,20251209,93000470,0,836459,0,B,29700,2400,
000031.SZ,000031,20251209,93000470,0,836469,0,B,29700,2300,
000031.SZ,000031,20251209,93000470,0,836470,0,B,29700,2700,
000031.SZ,000031,20251209,93000470,0,836471,0,B,29700,1000,
000031.SZ,000031,20251209,93000470,0,836473,0,B,29700,1100,
000031.SZ,000031,20251209,93000470,0,836477,0,B,29700,1300,
000031.SZ,000031,20251209,93000470,0,836480,0,B,29700,2500,
000031.SZ,000031,20251209,93000470,0,836482,0,B,29700,1600,
000031.SZ,000031,20251209,93000470,0,836483,0,B,29700,3900,
000031.SZ,000031,20251209,93000470,0,836484,0,B,29700,4100,
000031.SZ,000031,20251209,93000470,0,836485,0,B,29700,1700,
000031.SZ,000031,20251209,93000470,0,836506,0,S,31600,2000,
000031.SZ,000031,20251209,93000470,0,836552,0,B,29700,600,
000031.SZ,000031,20251209,93000470,0,836597,0,B,29700,3200,
000031.SZ,000031,20251209,93000470,0,836598,0,B,29700,500,
000031.SZ,000031,20251209,93000470,0,836625,0,B,29700,900,
000031.SZ,000031,20251209,93000470,0,836661,0,B,29700,2800,
000031.SZ,000031,20251209,93000470,0,836662,0,B,29700,100,
000031.SZ,000031,20251209,93000470,0,836681,0,B,29700,4000,
000031.SZ,000031,20251209,93000470,0,836697,0,B,29700,2600,
000031.SZ,000031,20251209,93000470,0,836717,0,B,29700,2000,
000031.SZ,000031,20251209,93000470,0,836719,0,B,29700,1500,
000031.SZ,000031,20251209,93000470,0,836722,0,B,29700,400,
000031.SZ,000031,20251209,93000470,0,836769,0,B,29700,3100,
000031.SZ,000031,20251209,93000470,0,836846,0,B,29700,3600,
000031.SZ,000031,20251209,93000470,0,836872,0,B,29700,1200,
000031.SZ,000031,20251209,93000470,0,836887,0,B,29700,3500,
000031.SZ,000031,20251209,93000470,0,836889,0,B,29700,800,
000031.SZ,000031,20251209,93000470,0,836926,0,B,29700,2100,
000031.SZ,000031,20251209,93000470,0,836970,0,B,29700,1800,
000031.SZ,000031,20251209,93000470,0,836994,0,B,29700,1900,
000031.SZ,000031,20251209,93000470,0,836996,0,B,29700,3800,
000031.SZ,000031,20251209,93000470,0,837002,0,B,29700,300,
000031.SZ,000031,20251209,93000470,0,837338,0,B,29700,3000,
000031.SZ,000031,20251209,93000470,0,837412,0,B,29700,1400,
000031.SZ,000031,20251209,93000480,0,838233,0,B,30700,1800,
000031.SZ,000031,20251209,93000480,0,838403,0,B,30700,1800,
000031.SZ,000031,20251209,93000490,0,839347,0,B,29700,2200,
000031.SZ,000031,20251209,93000490,0,840930,0,B,29700,3700,
000031.SZ,000031,20251209,93000510,0,842653,0,B,29700,700,
000031.SZ,000031,20251209,93000510,0,844145,0,B,29700,200,
000031.SZ,000031,20251209,93000520,0,845275,0,S,33300,1000,
000031.SZ,000031,20251209,93000570,0,855052,0,B,30700,300,
000031.SZ,000031,20251209,93000570,0,855145,0,S,30700,100,
000031.SZ,000031,20251209,93000610,0,861045,0,S,31300,5000,
000031.SZ,000031,20251209,93000620,0,862465,0,S,31400,5000,
000031.SZ,000031,20251209,93000620,0,863469,0,S,31300,20000,
000031.SZ,000031,20251209,93000650,0,869402,0,S,31100,1000,
000031.SZ,000031,20251209,93000680,0,874044,0,S,31500,8000,
000031.SZ,000031,20251209,93000700,0,877365,0,S,32300,5700,
000031.SZ,000031,20251209,93000720,0,879214,0,B,30400,2000,
000031.SZ,000031,20251209,93000730,0,880532,0,S,30900,4600,
000031.SZ,000031,20251209,93000740,0,882368,0,B,30600,100,
000031.SZ,000031,20251209,93000740,0,882369,0,S,30700,100,
000031.SZ,000031,20251209,93000740,0,883996,0,B,30400,10000,
000031.SZ,000031,20251209,93000800,0,892941,0,B,29900,1000,
000031.SZ,000031,20251209,93000810,0,895725,0,B,28800,100,
000031.SZ,000031,20251209,93000810,0,896159,0,B,30700,3000,
000031.SZ,000031,20251209,93000840,0,900797,0,S,31000,3100,
000031.SZ,000031,20251209,93000850,0,902320,0,B,30800,100,
000031.SZ,000031,20251209,93000880,0,906014,0,B,30500,1000,
000031.SZ,000031,20251209,93000880,0,906625,0,S,30700,200,
000031.SZ,000031,20251209,93000890,0,907190,0,S,31600,4400,
000031.SZ,000031,20251209,93000890,0,907198,0,S,30700,700,
000031.SZ,000031,20251209,93000910,0,910554,0,B,29800,1000,
000031.SZ,000031,20251209,93000920,0,911595,0,S,33800,1100,
000031.SZ,000031,20251209,93000930,0,913235,0,S,30700,200,
000031.SZ,000031,20251209,93000960,0,918402,0,S,30700,100,
000031.SZ,000031,20251209,93000970,0,920852,0,B,30000,3000,
000031.SZ,000031,20251209,93001030,0,930385,0,B,30600,200,
000031.SZ,000031,20251209,93001040,0,932570,0,B,30600,100,
000031.SZ,000031,20251209,93001050,0,933628,0,S,30700,1500,
000031.SZ,000031,20251209,93001050,0,933726,0,B,30600,100,
000031.SZ,000031,20251209,93001050,0,934349,0,B,30600,1600,
000031.SZ,000031,20251209,93001060,0,934711,0,B,30500,10000,
000031.SZ,000031,20251209,93001120,0,941864,0,S,31300,12300,
000031.SZ,000031,20251209,93001140,0,945380,0,S,31000,5000,
000031.SZ,000031,20251209,93001150,0,946491,0,S,30700,1700,
000031.SZ,000031,20251209,93001160,0,948374,0,B,30200,1000,
000031.SZ,000031,20251209,93001230,0,955437,0,S,30700,1500,
000031.SZ,000031,20251209,93001240,0,956613,0,S,30700,200,
000031.SZ,000031,20251209,93001240,0,956653,0,B,30600,1800,
000031.SZ,000031,20251209,93001250,0,956954,0,S,33100,700,
000031.SZ,000031,20251209,93001250,0,956984,0,S,33400,700,
000031.SZ,000031,20251209,93001260,0,957635,0,S,33700,800,
000031.SZ,000031,20251209,93001260,0,957658,0,S,33800,800,
000031.SZ,000031,20251209,93001260,0,957671,0,S,33600,700,
000031.SZ,000031,20251209,93001260,0,958490,0,B,30100,1000,
000031.SZ,000031,20251209,93001290,0,960127,0,S,31300,3500,
000031.SZ,000031,20251209,93001300,0,961117,0,S,30700,700,
000031.SZ,000031,20251209,93001310,0,962757,0,S,30700,700,
000031.SZ,000031,20251209,93001340,0,964226,0,S,30700,900,
000031.SZ,000031,20251209,93001350,0,965502,0,S,31900,5700,
000031.SZ,000031,20251209,93001350,0,965666,0,S,30700,100,
000031.SZ,000031,20251209,93001380,0,967469,0,S,30700,100,
000031.SZ,000031,20251209,93001410,0,969915,0,B,30600,200,
000031.SZ,000031,20251209,93001410,0,969916,0,B,30600,200,
000031.SZ,000031,20251209,93001410,0,969919,0,B,30600,100,
000031.SZ,000031,20251209,93001430,0,972494,0,S,31300,10000,
000031.SZ,000031,20251209,93001450,0,973758,0,S,30700,100,
000031.SZ,000031,20251209,93001470,0,975372,0,B,30600,7500,
000031.SZ,000031,20251209,93001470,0,975947,0,B,30600,2300,
000031.SZ,000031,20251209,93001510,0,978670,0,B,30500,10000,
000031.SZ,000031,20251209,93001530,0,980253,0,S,31300,2000,
000031.SZ,000031,20251209,93001530,0,980734,0,B,30600,100,
000031.SZ,000031,20251209,93001560,0,982873,0,S,30700,300,
000031.SZ,000031,20251209,93001590,0,985648,0,B,30700,5400,
000031.SZ,000031,20251209,93001590,0,985932,0,B,30400,1000,
000031.SZ,000031,20251209,93001610,0,987370,0,B,30200,5000,
000031.SZ,000031,20251209,93001620,0,987587,0,B,30100,5000,
000031.SZ,000031,20251209,93001620,0,988521,0,B,30600,800,
000031.SZ,000031,20251209,93001660,0,992174,0,S,31200,9500,
000031.SZ,000031,20251209,93001680,0,993649,0,S,30700,700,
000031.SZ,000031,20251209,93001700,0,994853,0,S,30700,100,
000031.SZ,000031,20251209,93001700,0,994872,0,S,30700,300,
000031.SZ,000031,20251209,93001700,0,994907,0,S,30700,100,
000031.SZ,000031,20251209,93001710,0,996473,0,S,31000,64000,
000031.SZ,000031,20251209,93001760,0,1000725,0,S,31600,10000,
000031.SZ,000031,20251209,93001770,0,1001721,0,S,31800,8100,
000031.SZ,000031,20251209,93001770,0,1001860,0,B,30600,1900,
000031.SZ,000031,20251209,93001770,0,1002011,0,B,30600,3200,
000031.SZ,000031,20251209,93001790,0,1003866,0,B,30600,200,
000031.SZ,000031,20251209,93001860,0,1008762,0,S,32400,1000,
000031.SZ,000031,20251209,93001880,0,1010279,0,S,31800,1000,
000031.SZ,000031,20251209,93001900,0,1012879,0,S,30800,4700,
000031.SZ,000031,20251209,93001960,0,1019209,0,B,30600,100,
000031.SZ,000031,20251209,93002040,0,1029424,0,S,31500,20000,
000031.SZ,000031,20251209,93002050,0,1029890,0,S,31100,6300,
000031.SZ,000031,20251209,93002190,0,1041810,0,S,32500,5000,
000031.SZ,000031,20251209,93002190,0,1042063,0,B,30600,400,
000031.SZ,000031,20251209,93002230,0,1045209,0,B,30600,100,
000031.SZ,000031,20251209,93002270,0,1047974,0,S,30700,100,
000031.SZ,000031,20251209,93002270,0,1047981,0,S,30700,200,
000031.SZ,000031,20251209,93002270,0,1047986,0,S,30700,300,
000031.SZ,000031,20251209,93002300,0,1049645,0,S,30700,100,
000031.SZ,000031,20251209,93002360,0,1052882,0,B,30300,1000,
000031.SZ,000031,20251209,93002360,0,1052998,0,S,30700,2500,
000031.SZ,000031,20251209,93002390,0,1054276,0,B,29400,300,
000031.SZ,000031,20251209,93002410,0,1055620,0,S,31000,2000,
000031.SZ,000031,20251209,93002420,0,1055975,0,B,30600,100,
000031.SZ,000031,20251209,93002420,0,1055994,0,B,30600,200,
000031.SZ,000031,20251209,93002420,0,1055998,0,B,30600,100,
000031.SZ,000031,20251209,93002420,0,1056010,0,B,30600,200,
000031.SZ,000031,20251209,93002420,0,1056174,0,B,30600,100,
000031.SZ,000031,20251209,93002430,0,1056706,0,B,30600,100,
000031.SZ,000031,20251209,93002430,0,1056815,0,B,30600,200,
000031.SZ,000031,20251209,93002460,0,1058900,0,S,33800,1300,
000031.SZ,000031,20251209,93002500,0,1061171,0,B,30400,6000,
000031.SZ,000031,20251209,93002560,0,1064578,0,B,29300,3000,
000031.SZ,000031,20251209,93002590,0,1067264,0,S,33800,25600,
000031.SZ,000031,20251209,93002600,0,1067522,0,S,30700,8900,
000031.SZ,000031,20251209,93002620,0,1069042,0,B,30600,800,
000031.SZ,000031,20251209,93002630,0,1070281,0,B,30200,17400,
000031.SZ,000031,20251209,93002650,0,1071312,0,B,30500,100,
000031.SZ,000031,20251209,93002710,0,1075412,0,S,31800,5200,
000031.SZ,000031,20251209,93002750,0,1077407,0,B,28800,15000,
000031.SZ,000031,20251209,93002790,0,1080387,0,S,30900,5000,
000031.SZ,000031,20251209,93002830,0,1081757,0,S,31600,1500,
000031.SZ,000031,20251209,93002870,0,1085198,0,S,33000,300,
000031.SZ,000031,20251209,93003030,0,1096629,0,S,31900,10000,
000031.SZ,000031,20251209,93003110,0,1102115,0,S,33800,300,
000031.SZ,000031,20251209,93003160,0,1105313,0,S,33300,2500,
000031.SZ,000031,20251209,93003320,0,1114468,0,S,30700,100,
000031.SZ,000031,20251209,93003330,0,1114712,0,S,30700,100,
000031.SZ,000031,20251209,93003420,0,1120093,0,S,30700,100,
000031.SZ,000031,20251209,93003560,0,1126341,0,S,30700,300,
000031.SZ,000031,20251209,93003560,0,1126367,0,S,30700,300,
000031.SZ,000031,20251209,93003560,0,1126458,0,S,30700,200,
000031.SZ,000031,20251209,93003560,0,1126644,0,S,30700,200,
000031.SZ,000031,20251209,93003750,0,1138677,0,S,30700,100,
000031.SZ,000031,20251209,93003810,0,1141397,0,S,30700,1200,
000031.SZ,000031,20251209,93003890,0,1145331,0,B,29900,900,
000031.SZ,000031,20251209,93003970,0,1148988,0,S,30700,4800,
000031.SZ,000031,20251209,93003980,0,1149484,0,S,33700,74200,
000031.SZ,000031,20251209,93004020,0,1151498,0,S,31900,55600,
000031.SZ,000031,20251209,93004030,0,1152720,0,S,31400,13700,
000031.SZ,000031,20251209,93004040,0,1153803,0,S,30700,400,
000031.SZ,000031,20251209,93004060,0,1154906,0,S,30700,1100,
000031.SZ,000031,20251209,93004080,0,1155548,0,S,30700,200,
000031.SZ,000031,20251209,93004080,0,1155609,0,S,30700,300,
000031.SZ,000031,20251209,93004080,0,1155618,0,B,30100,10000,
000031.SZ,000031,20251209,93004100,0,1156537,0,S,30700,100,
000031.SZ,000031,20251209,93004180,0,1159796,0,B,30600,200,
000031.SZ,000031,20251209,93004180,0,1160115,0,S,30700,600,
000031.SZ,000031,20251209,93004190,0,1160155,0,S,33700,55600,
000031.SZ,000031,20251209,93004220,0,1161975,0,B,30200,14000,
000031.SZ,000031,20251209,93004230,0,1162254,0,S,30700,100,
000031.SZ,000031,20251209,93004270,0,1163796,0,B,30600,500,
000031.SZ,000031,20251209,93004340,0,1165789,0,S,30700,100,
000031.SZ,000031,20251209,93004390,0,1168216,0,S,30700,400,
000031.SZ,000031,20251209,93004390,0,1168222,0,S,30700,200,
000031.SZ,000031,20251209,93004430,0,1170139,0,S,30700,100,
000031.SZ,000031,20251209,93004460,0,1171590,0,S,30700,200,
000031.SZ,000031,20251209,93004530,0,1174683,0,S,30700,100,
000031.SZ,000031,20251209,93004560,0,1175775,0,S,30700,2100,
000031.SZ,000031,20251209,93004620,0,1179063,0,S,31600,2000,
000031.SZ,000031,20251209,93004680,0,1181786,0,S,30700,1200,
000031.SZ,000031,20251209,93004710,0,1182945,0,B,30400,10100,
000031.SZ,000031,20251209,93004760,0,1185177,0,B,30600,2400,
000031.SZ,000031,20251209,93004810,0,1186812,0,B,30300,30000,
000031.SZ,000031,20251209,93004980,0,1193494,0,S,31800,27400,
000031.SZ,000031,20251209,93005000,0,1194632,0,S,32500,10100,
000031.SZ,000031,20251209,93005120,0,1201201,0,S,31500,37100,
000031.SZ,000031,20251209,93005870,0,1220404,0,S,30700,1900,
000031.SZ,000031,20251209,93005890,0,1220901,0,S,30800,16300,
000031.SZ,000031,20251209,93005970,0,1223570,0,S,30700,100,
000031.SZ,000031,20251209,93006220,0,1231596,0,B,30700,400,
000031.SZ,000031,20251209,93006270,0,1232241,0,S,30700,1000,
000031.SZ,000031,20251209,93006290,0,1232762,0,S,30600,200,
000031.SZ,000031,20251209,93006330,0,1234955,0,B,30500,100,
000031.SZ,000031,20251209,93006340,0,1235347,0,B,30500,300,
000031.SZ,000031,20251209,93006340,0,1235373,0,B,30500,100,
000031.SZ,000031,20251209,93006350,0,1235578,0,S,30700,100,
000031.SZ,000031,20251209,93006370,0,1236640,0,B,30500,100,
000031.SZ,000031,20251209,93006440,0,1239954,0,S,30600,400,
000031.SZ,000031,20251209,93006460,0,1240313,0,B,30500,100,
000031.SZ,000031,20251209,93006460,0,1240337,0,B,30500,700,
000031.SZ,000031,20251209,93006550,0,1242142,0,S,30700,200,
000031.SZ,000031,20251209,93006550,0,1242302,0,B,30500,100,
000031.SZ,000031,20251209,93006560,0,1242375,0,B,30500,400,
000031.SZ,000031,20251209,93006950,0,1254917,0,S,30700,1700,
000031.SZ,000031,20251209,93006950,0,1254922,0,S,30700,1700,
000031.SZ,000031,20251209,93007070,0,1259141,0,B,30600,100,
000031.SZ,000031,20251209,93007120,0,1260429,0,S,30600,200,
000031.SZ,000031,20251209,93007120,0,1260457,0,S,30600,100,
000031.SZ,000031,20251209,93007120,0,1260467,0,S,30600,400,
000031.SZ,000031,20251209,93007210,0,1261858,0,B,30500,100,
000031.SZ,000031,20251209,93007220,0,1262104,0,S,30700,1700,
000031.SZ,000031,20251209,93007280,0,1263273,0,S,30700,1600,
000031.SZ,000031,20251209,93007280,0,1263277,0,S,30700,1000,
000031.SZ,000031,20251209,93007330,0,1264757,0,B,30600,4100,
000031.SZ,000031,20251209,93007360,0,1265331,0,S,30700,1600,
000031.SZ,000031,20251209,93007540,0,1270258,0,S,30600,100,
000031.SZ,000031,20251209,93007570,0,1271051,0,B,30500,100,
000031.SZ,000031,20251209,93007650,0,1273594,0,B,30600,100,
000031.SZ,000031,20251209,93007860,0,1278859,0,B,30600,100,
000031.SZ,000031,20251209,93008000,0,1281978,0,B,30500,100,
000031.SZ,000031,20251209,93008030,0,1282908,0,B,30400,5000,
000031.SZ,000031,20251209,93008030,0,1283231,0,S,30600,100,
000031.SZ,000031,20251209,93008030,0,1283233,0,S,30600,100,
000031.SZ,000031,20251209,93008030,0,1283264,0,S,30600,100,
000031.SZ,000031,20251209,93008030,0,1283268,0,S,30600,100,
000031.SZ,000031,20251209,93008030,0,1283274,0,S,30600,100,
000031.SZ,000031,20251209,93008030,0,1283278,0,S,30600,100,
000031.SZ,000031,20251209,93008030,0,1283281,0,S,30600,100,
000031.SZ,000031,20251209,93008030,0,1283291,0,S,30600,100,
000031.SZ,000031,20251209,93008040,0,1283395,0,S,30600,100,
000031.SZ,000031,20251209,93008040,0,1283483,0,S,30600,100,
000031.SZ,000031,20251209,93008250,0,1286747,0,B,30700,100,
000031.SZ,000031,20251209,93008290,0,1287155,0,B,30600,100,
000031.SZ,000031,20251209,93008430,0,1289290,0,S,30700,100,
000031.SZ,000031,20251209,93008700,0,1293183,0,B,30500,100,
000031.SZ,000031,20251209,93008700,0,1293197,0,B,30500,100,
000031.SZ,000031,20251209,93008880,0,1295803,0,S,30700,1000,
000031.SZ,000031,20251209,93008950,0,1296911,0,S,30600,200,
000031.SZ,000031,20251209,93008950,0,1296972,0,S,30600,100,
000031.SZ,000031,20251209,93008950,0,1296995,0,S,30700,1700,
000031.SZ,000031,20251209,93009070,0,1299714,0,S,30700,2300,
000031.SZ,000031,20251209,93009150,0,1300646,0,B,30500,100,
000031.SZ,000031,20251209,93009180,0,1301247,0,B,30400,600,
000031.SZ,000031,20251209,93009180,0,1301292,0,B,30400,100,
000031.SZ,000031,20251209,93009180,0,1301298,0,B,30400,100,
000031.SZ,000031,20251209,93009180,0,1301333,0,B,30700,300,
000031.SZ,000031,20251209,93009200,0,1301592,0,S,30600,100,
000031.SZ,000031,20251209,93009200,0,1301619,0,B,30500,300,
000031.SZ,000031,20251209,93009270,0,1303504,0,S,30700,1400,
000031.SZ,000031,20251209,93009280,0,1303585,0,B,30400,300,
000031.SZ,000031,20251209,93009340,0,1304608,0,B,30600,1100,
000031.SZ,000031,20251209,93009430,0,1308024,0,S,30700,1300,
000031.SZ,000031,20251209,93009500,0,1309486,0,S,30700,3300,
000031.SZ,000031,20251209,93009540,0,1310247,0,B,30900,500,
000031.SZ,000031,20251209,93009710,0,1314609,0,S,30600,100,
000031.SZ,000031,20251209,93009820,0,1316767,0,S,30600,100,
000031.SZ,000031,20251209,93009820,0,1316770,0,S,30600,100,
000031.SZ,000031,20251209,93009820,0,1316783,0,S,30600,100,
000031.SZ,000031,20251209,93009820,0,1316993,0,S,30600,100,
000031.SZ,000031,20251209,93009830,0,1317237,0,S,30600,1800,
000031.SZ,000031,20251209,93010000,0,1320036,0,B,30500,300,
000031.SZ,000031,20251209,93010000,0,1320040,0,B,30500,100,
000031.SZ,000031,20251209,93010010,0,1320151,0,S,33800,3000,
000031.SZ,000031,20251209,93010040,0,1320818,0,B,30500,100,
000031.SZ,000031,20251209,93010390,0,1327594,0,S,30700,1000,
000031.SZ,000031,20251209,93010510,0,1330719,0,S,30700,100,
000031.SZ,000031,20251209,93010610,0,1332771,0,S,30700,1700,
000031.SZ,000031,20251209,93011610,0,1346408,0,S,30700,100,
000031.SZ,000031,20251209,93011620,0,1346478,0,S,30700,100,
000031.SZ,000031,20251209,93011650,0,1346967,0,B,30200,500,
000031.SZ,000031,20251209,93012180,0,1352517,0,B,30500,100,
000031.SZ,000031,20251209,93012200,0,1352827,0,B,30500,600,
000031.SZ,000031,20251209,93012230,0,1353246,0,S,30600,200,
000031.SZ,000031,20251209,93012230,0,1353341,0,S,30500,200,
000031.SZ,000031,20251209,93012280,0,1354423,0,S,30600,2000,
000031.SZ,000031,20251209,93012290,0,1354619,0,S,30600,3200,
000031.SZ,000031,20251209,93012290,0,1354626,0,B,30600,1000,
000031.SZ,000031,20251209,93012290,0,1354757,0,S,30600,1000,
000031.SZ,000031,20251209,93012290,0,1354761,0,S,30600,4700,
000031.SZ,000031,20251209,93012290,0,1354766,0,S,30600,3700,
000031.SZ,000031,20251209,93012310,0,1355066,0,S,30600,1000,
000031.SZ,000031,20251209,93012990,0,1369627,0,B,30500,100,
000031.SZ,000031,20251209,93013220,0,1372926,0,B,30500,100,
000031.SZ,000031,20251209,93013380,0,1376036,0,B,30500,100,
000031.SZ,000031,20251209,93013460,0,1378107,0,B,30500,500,
000031.SZ,000031,20251209,93013560,0,1380230,0,S,30700,2700,
000031.SZ,000031,20251209,93013560,0,1380231,0,S,30700,600,
000031.SZ,000031,20251209,93013560,0,1380237,0,B,30500,2700,
000031.SZ,000031,20251209,93013590,0,1380891,0,B,30500,600,
000031.SZ,000031,20251209,93013860,0,1385361,0,B,30600,3400,
000031.SZ,000031,20251209,93014510,0,1393701,0,B,30600,2200,
000031.SZ,000031,20251209,93014540,0,1393976,0,S,30700,3200,
000031.SZ,000031,20251209,93014590,0,1394544,0,B,30600,100,
000031.SZ,000031,20251209,93014720,0,1396095,0,B,30600,4300,
000031.SZ,000031,20251209,93014960,0,1398581,0,B,30700,100,
000031.SZ,000031,20251209,93015220,0,1402085,0,S,30600,100,
000031.SZ,000031,20251209,93015220,0,1402126,0,S,30700,100,
000031.SZ,000031,20251209,93015220,0,1402172,0,S,30700,100,
000031.SZ,000031,20251209,93015230,0,1402184,0,S,30700,100,
000031.SZ,000031,20251209,93015270,0,1402902,0,S,30700,1400,
000031.SZ,000031,20251209,93015800,0,1418513,0,S,31300,11900,
000031.SZ,000031,20251209,93016610,0,1435287,0,B,28500,200,
000031.SZ,000031,20251209,93017150,0,1443245,0,S,30700,3200,
000031.SZ,000031,20251209,93017200,0,1443918,0,S,30600,2500,
000031.SZ,000031,20251209,93017260,0,1444583,0,B,30600,6300,
000031.SZ,000031,20251209,93017430,0,1446966,0,S,30700,100,
000031.SZ,000031,20251209,93017970,0,1452611,0,S,30600,3100,
000031.SZ,000031,20251209,93018150,0,1454865,0,S,30700,100,
000031.SZ,000031,20251209,93018150,0,1454868,0,S,30600,200,
000031.SZ,000031,20251209,93018180,0,1455974,0,B,30000,1900,
000031.SZ,000031,20251209,93018190,0,1456289,0,S,30600,200,
000031.SZ,000031,20251209,93018190,0,1456296,0,S,30600,300,
000031.SZ,000031,20251209,93018190,0,1456298,0,S,30600,200,
000031.SZ,000031,20251209,93018190,0,1456300,0,S,30600,200,
000031.SZ,000031,20251209,93018190,0,1456304,0,S,30600,200,
000031.SZ,000031,20251209,93018190,0,1456368,0,S,30600,200,
000031.SZ,000031,20251209,93018200,0,1456870,0,S,30600,4300,
000031.SZ,000031,20251209,93018210,0,1456946,0,S,30600,900,
000031.SZ,000031,20251209,93018280,0,1458244,0,S,30700,200,
000031.SZ,000031,20251209,93018520,0,1463285,0,S,30600,1400,
000031.SZ,000031,20251209,93018520,0,1463300,0,S,30600,4000,
000031.SZ,000031,20251209,93018540,0,1463591,0,S,30600,29900,
000031.SZ,000031,20251209,93018730,0,1467702,0,S,30600,3500,
000031.SZ,000031,20251209,93019050,0,1473005,0,S,30700,200,
000031.SZ,000031,20251209,93020030,0,1489478,0,S,30600,100,
000031.SZ,000031,20251209,93020820,0,1499160,0,S,30700,800,
000031.SZ,000031,20251209,93021040,0,1501609,0,B,30600,3000,
000031.SZ,000031,20251209,93021150,0,1503140,0,S,30600,700,
000031.SZ,000031,20251209,93021150,0,1503150,0,S,30600,4400,
000031.SZ,000031,20251209,93021150,0,1503164,0,S,30600,4400,
000031.SZ,000031,20251209,93021160,0,1503320,0,S,30600,200,
000031.SZ,000031,20251209,93021430,0,1508266,0,S,30600,100,
000031.SZ,000031,20251209,93021430,0,1508281,0,S,30600,100,
000031.SZ,000031,20251209,93022280,0,1525727,0,S,30500,200,
000031.SZ,000031,20251209,93022280,0,1525730,0,S,30500,200,
000031.SZ,000031,20251209,93022280,0,1525732,0,S,30500,100,
000031.SZ,000031,20251209,93022280,0,1525737,0,S,30500,200,
000031.SZ,000031,20251209,93022280,0,1525739,0,S,30500,200,
000031.SZ,000031,20251209,93023850,0,1547181,0,S,31400,29500,
000031.SZ,000031,20251209,93024090,0,1549846,0,S,30600,2800,
000031.SZ,000031,20251209,93024170,0,1551048,0,B,30600,900,
000031.SZ,000031,20251209,93024200,0,1551388,0,B,30600,1800,
000031.SZ,000031,20251209,93024250,0,1552188,0,S,30500,2900,
000031.SZ,000031,20251209,93024260,0,1552467,0,S,30600,100,
000031.SZ,000031,20251209,93024310,0,1553275,0,S,30500,100,
000031.SZ,000031,20251209,93024390,0,1554884,0,B,30500,10000,
000031.SZ,000031,20251209,93024550,0,1558433,0,S,30600,100,
000031.SZ,000031,20251209,93024550,0,1558478,0,S,30600,200,
000031.SZ,000031,20251209,93024630,0,1559560,0,S,30700,300,
000031.SZ,000031,20251209,93024660,0,1560692,0,S,30700,400,
000031.SZ,000031,20251209,93024870,0,1564946,0,S,30500,2000,
000031.SZ,000031,20251209,93024970,0,1566208,0,S,30600,1700,
000031.SZ,000031,20251209,93024980,0,1566505,0,S,30600,2000,
000031.SZ,000031,20251209,93024990,0,1566519,0,S,30600,2900,
000031.SZ,000031,20251209,93024990,0,1566520,0,S,30600,2200,
000031.SZ,000031,20251209,93025690,0,1579370,0,S,30600,100,
000031.SZ,000031,20251209,93025690,0,1579372,0,S,30600,100,
000031.SZ,000031,20251209,93025690,0,1579379,0,S,30600,300,
000031.SZ,000031,20251209,93026020,0,1583004,0,S,30500,8900,
000031.SZ,000031,20251209,93026190,0,1585077,0,S,30600,400,
000031.SZ,000031,20251209,93026210,0,1585204,0,S,30600,300,
000031.SZ,000031,20251209,93026210,0,1585210,0,S,30600,100,
000031.SZ,000031,20251209,93026210,0,1585212,0,S,30600,200,
000031.SZ,000031,20251209,93026210,0,1585218,0,S,30600,100,
000031.SZ,000031,20251209,93026360,0,1586985,0,S,30600,40000,
000031.SZ,000031,20251209,93026930,0,1592832,0,B,30500,300,
000031.SZ,000031,20251209,93027240,0,1596535,0,S,30500,800,
000031.SZ,000031,20251209,93027800,0,1607837,0,B,30500,3700,
000031.SZ,000031,20251209,93027870,0,1608801,0,S,30900,5000,
000031.SZ,000031,20251209,93028420,0,1617657,0,B,30300,600,
000031.SZ,000031,20251209,93029470,0,1633284,0,S,30600,2700,
000031.SZ,000031,20251209,93029660,0,1635577,0,S,30600,3500,
000031.SZ,000031,20251209,93030060,0,1641196,0,B,30500,100,
000031.SZ,000031,20251209,93030450,0,1648439,0,S,30500,300,
000031.SZ,000031,20251209,93030540,0,1650679,0,S,30600,900,
000031.SZ,000031,20251209,93030690,0,1653527,0,B,30400,5000,
000031.SZ,000031,20251209,93030820,0,1656026,0,S,30500,2500,
000031.SZ,000031,20251209,93033200,0,1691119,0,S,30500,100,
000031.SZ,000031,20251209,93033210,0,1691320,0,S,30500,300,
000031.SZ,000031,20251209,93033380,0,1694537,0,S,32000,1500,
000031.SZ,000031,20251209,93033480,0,1696724,0,S,30600,3400,
000031.SZ,000031,20251209,93034460,0,1714380,0,B,30500,3400,
000031.SZ,000031,20251209,93034770,0,1719491,0,S,33800,100,
000031.SZ,000031,20251209,93034950,0,1722126,0,S,30600,200,
000031.SZ,000031,20251209,93035090,0,1724250,0,S,31200,5000,
000031.SZ,000031,20251209,93035230,0,1726558,0,S,30500,400,
000031.SZ,000031,20251209,93035230,0,1726561,0,S,30500,500,
000031.SZ,000031,20251209,93035250,0,1726830,0,B,30600,100,
000031.SZ,000031,20251209,93035550,0,1731518,0,B,30500,20000,
000031.SZ,000031,20251209,93035850,0,1735407,0,S,30500,100,
000031.SZ,000031,20251209,93035850,0,1735410,0,S,30500,100,
000031.SZ,000031,20251209,93036060,0,1738476,0,S,31100,2000,
000031.SZ,000031,20251209,93036180,0,1740425,0,B,30500,3100,
000031.SZ,000031,20251209,93036200,0,1740697,0,S,30500,100,
000031.SZ,000031,20251209,93036200,0,1740718,0,S,30500,200,
000031.SZ,000031,20251209,93036260,0,1741743,0,S,30500,100,
000031.SZ,000031,20251209,93036260,0,1741750,0,S,30500,200,
000031.SZ,000031,20251209,93036260,0,1741775,0,S,30500,100,
000031.SZ,000031,20251209,93036260,0,1741777,0,S,30500,200,
000031.SZ,000031,20251209,93036260,0,1741786,0,S,30500,100,
000031.SZ,000031,20251209,93036260,0,1741790,0,S,30500,100,
000031.SZ,000031,20251209,93036260,0,1741794,0,S,30500,100,
000031.SZ,000031,20251209,93036270,0,1741861,0,S,30500,200,
000031.SZ,000031,20251209,93036270,0,1741867,0,S,30500,100,
000031.SZ,000031,20251209,93036490,0,1748080,0,B,30300,200,
000031.SZ,000031,20251209,93036940,0,1757603,0,B,30100,500,
000031.SZ,000031,20251209,93036950,0,1757843,0,S,30600,1700,
000031.SZ,000031,20251209,93036950,0,1757844,0,S,30600,1700,
000031.SZ,000031,20251209,93036970,0,1758121,0,S,30600,100,
000031.SZ,000031,20251209,93036970,0,1758202,0,S,30600,1900,
000031.SZ,000031,20251209,93037150,0,1762041,0,S,30500,10200,
000031.SZ,000031,20251209,93037470,0,1769051,0,S,30500,100,
000031.SZ,000031,20251209,93037480,0,1769062,0,S,30500,100,
000031.SZ,000031,20251209,93037480,0,1769069,0,S,30500,100,
000031.SZ,000031,20251209,93037480,0,1769078,0,S,30500,200,
000031.SZ,000031,20251209,93037480,0,1769086,0,S,30500,200,
000031.SZ,000031,20251209,93037480,0,1769089,0,S,30500,200,
000031.SZ,000031,20251209,93037480,0,1769093,0,S,30500,200,
000031.SZ,000031,20251209,93037490,0,1769256,0,S,30500,300,
000031.SZ,000031,20251209,93037510,0,1769710,0,S,30500,100,
000031.SZ,000031,20251209,93037510,0,1769718,0,S,30500,100,
000031.SZ,000031,20251209,93037510,0,1769748,0,S,30500,100,
000031.SZ,000031,20251209,93037840,0,1775620,0,S,31200,100,
000031.SZ,000031,20251209,93037840,0,1775622,0,B,29800,100,
000031.SZ,000031,20251209,93038490,0,1784148,0,B,30400,28200,
000031.SZ,000031,20251209,93039120,0,1794036,0,S,31500,22700,
000031.SZ,000031,20251209,93039150,0,1794898,0,S,30500,300,
000031.SZ,000031,20251209,93039490,0,1802657,0,S,30500,100,
000031.SZ,000031,20251209,93039490,0,1802682,0,S,30500,100,
000031.SZ,000031,20251209,93039490,0,1802708,0,S,30500,100,
000031.SZ,000031,20251209,93039490,0,1802797,0,S,30500,200,
000031.SZ,000031,20251209,93039490,0,1802810,0,S,30500,100,
000031.SZ,000031,20251209,93039490,0,1802858,0,S,30500,100,
000031.SZ,000031,20251209,93039500,0,1802992,0,S,30500,200,
000031.SZ,000031,20251209,93039500,0,1803041,0,S,30500,100,
000031.SZ,000031,20251209,93039500,0,1803122,0,S,30500,100,
000031.SZ,000031,20251209,93039500,0,1803128,0,S,30500,100,
000031.SZ,000031,20251209,93039500,0,1803133,0,S,30500,100,
000031.SZ,000031,20251209,93039500,0,1803154,0,S,30500,200,
000031.SZ,000031,20251209,93039500,0,1803183,0,S,30500,100,
000031.SZ,000031,20251209,93039500,0,1803219,0,S,30500,200,
000031.SZ,000031,20251209,93039510,0,1803247,0,S,30500,100,
000031.SZ,000031,20251209,93039510,0,1803252,0,S,30500,100,
000031.SZ,000031,20251209,93039510,0,1803256,0,S,30500,100,
000031.SZ,000031,20251209,93039510,0,1803266,0,S,30500,100,
000031.SZ,000031,20251209,93039510,0,1803289,0,S,30500,100,
000031.SZ,000031,20251209,93039510,0,1803324,0,S,30500,100,
000031.SZ,000031,20251209,93039630,0,1806128,0,S,30600,800,
000031.SZ,000031,20251209,93039700,0,1807939,0,S,30600,300,
000031.SZ,000031,20251209,93039700,0,1807973,0,S,30600,600,
000031.SZ,000031,20251209,93039700,0,1808003,0,S,30600,800,
000031.SZ,000031,20251209,93039830,0,1811169,0,B,30100,2000,
000031.SZ,000031,20251209,93039830,0,1811170,0,S,31000,2000,
000031.SZ,000031,20251209,93039920,0,1813010,0,S,30500,8400,
000031.SZ,000031,20251209,93039980,0,1814153,0,S,30600,200,
000031.SZ,000031,20251209,93040260,0,1819669,0,S,30600,100,
000031.SZ,000031,20251209,93040770,0,1828721,0,B,30500,3900,
000031.SZ,000031,20251209,93040810,0,1829364,0,S,30500,500,
000031.SZ,000031,20251209,93040810,0,1829415,0,S,30500,200,
000031.SZ,000031,20251209,93041420,0,1841062,0,B,29600,1000,
000031.SZ,000031,20251209,93041580,0,1843740,0,B,30600,500,
000031.SZ,000031,20251209,93042430,0,1860460,0,S,30500,1200,
000031.SZ,000031,20251209,93042430,0,1860469,0,S,30500,2100,
000031.SZ,000031,20251209,93042430,0,1860481,0,S,30500,200,
000031.SZ,000031,20251209,93042430,0,1860488,0,S,30500,400,
000031.SZ,000031,20251209,93042460,0,1861310,0,S,31300,73200,
000031.SZ,000031,20251209,93042730,0,1867533,0,B,30400,5800,
000031.SZ,000031,20251209,93042880,0,1870067,0,S,30600,1000,
000031.SZ,000031,20251209,93042880,0,1870082,0,S,30600,1900,
000031.SZ,000031,20251209,93042900,0,1870444,0,S,30600,100,
000031.SZ,000031,20251209,93042900,0,1870454,0,S,30600,100,
000031.SZ,000031,20251209,93042910,0,1870625,0,S,30600,100,
000031.SZ,000031,20251209,93043500,0,1882642,0,S,30600,400,
000031.SZ,000031,20251209,93043670,0,1885559,0,S,30600,300,
000031.SZ,000031,20251209,93044190,0,1895101,0,B,30400,20000,
000031.SZ,000031,20251209,93044650,0,1904835,0,S,30600,1000,
000031.SZ,000031,20251209,93044660,0,1904965,0,B,29800,600,
000031.SZ,000031,20251209,93044960,0,1911170,0,B,30600,100,
000031.SZ,000031,20251209,93045040,0,1913033,0,B,30500,4000,
000031.SZ,000031,20251209,93045640,0,1925754,0,S,31300,1600,
000031.SZ,000031,20251209,93045830,0,1929267,0,B,30100,500,
000031.SZ,000031,20251209,93046290,0,1938378,0,S,33800,200,
000031.SZ,000031,20251209,93046490,0,1942211,0,B,30500,1000,
000031.SZ,000031,20251209,93046730,0,1946080,0,B,30200,20000,
000031.SZ,000031,20251209,93047200,0,1953232,0,S,30700,5000,
000031.SZ,000031,20251209,93047760,0,1960812,0,B,30500,1000,
000031.SZ,000031,20251209,93048240,0,1967538,0,B,30500,100,
000031.SZ,000031,20251209,93048340,0,1968972,0,B,30500,10000,
000031.SZ,000031,20251209,93050500,0,2002474,0,B,30500,3300,
000031.SZ,000031,20251209,93050590,0,2003635,0,B,30600,1000,
000031.SZ,000031,20251209,93050590,0,2003640,0,B,30600,900,
000031.SZ,000031,20251209,93050590,0,2003649,0,B,30600,1300,
000031.SZ,000031,20251209,93050870,0,2006810,0,B,30300,100,
000031.SZ,000031,20251209,93050910,0,2007233,0,B,30500,16300,
000031.SZ,000031,20251209,93051020,0,2008505,0,B,30500,1000,
000031.SZ,000031,20251209,93051040,0,2008778,0,B,30500,500,
000031.SZ,000031,20251209,93051150,0,2010529,0,B,30600,2300,
000031.SZ,000031,20251209,93051150,0,2010532,0,B,30600,800,
000031.SZ,000031,20251209,93051150,0,2010534,0,B,30600,1300,
000031.SZ,000031,20251209,93051150,0,2010539,0,B,30600,300,
000031.SZ,000031,20251209,93051170,0,2010844,0,B,30600,1500,
000031.SZ,000031,20251209,93051190,0,2011187,0,B,30100,20000,
000031.SZ,000031,20251209,93051630,0,2018211,0,B,30500,500,
000031.SZ,000031,20251209,93051690,0,2019285,0,B,30500,1300,
000031.SZ,000031,20251209,93051910,0,2022467,0,B,30500,100,
000031.SZ,000031,20251209,93051960,0,2022982,0,B,30500,100,
000031.SZ,000031,20251209,93051970,0,2023152,0,S,30600,300,
000031.SZ,000031,20251209,93052010,0,2023737,0,B,30500,100,
000031.SZ,000031,20251209,93052020,0,2023874,0,B,30500,300,
000031.SZ,000031,20251209,93052240,0,2027037,0,B,30500,1400,
000031.SZ,000031,20251209,93052270,0,2027460,0,B,30500,1000,
000031.SZ,000031,20251209,93052280,0,2027647,0,B,30500,1000,
000031.SZ,000031,20251209,93052280,0,2027668,0,B,30500,100,
000031.SZ,000031,20251209,93052280,0,2027671,0,B,30500,100,
000031.SZ,000031,20251209,93052310,0,2028142,0,B,30500,200,
000031.SZ,000031,20251209,93052310,0,2028143,0,B,30500,200,
000031.SZ,000031,20251209,93052360,0,2028690,0,B,30500,100,
000031.SZ,000031,20251209,93052360,0,2028774,0,B,30500,200,
000031.SZ,000031,20251209,93052520,0,2031204,0,B,30500,300,
000031.SZ,000031,20251209,93052520,0,2031212,0,B,30500,100,
000031.SZ,000031,20251209,93052640,0,2033042,0,B,30100,10000,
000031.SZ,000031,20251209,93053430,0,2042611,0,S,30500,1600,
000031.SZ,000031,20251209,93053710,0,2045968,0,B,30500,100,
000031.SZ,000031,20251209,93054140,0,2051407,1,S,0,900,
000031.SZ,000031,20251209,93054150,0,2051732,0,B,30600,100,
000031.SZ,000031,20251209,93054160,0,2051821,0,B,30600,300,
000031.SZ,000031,20251209,93055260,0,2069516,0,B,28500,5000,
000031.SZ,000031,20251209,93057140,0,2093526,0,B,30000,1000,
000031.SZ,000031,20251209,93057140,0,2093582,0,S,30700,4100,
000031.SZ,000031,20251209,93057160,0,2093823,0,B,30600,400,
000031.SZ,000031,20251209,93057170,0,2093953,0,B,30600,4000,
000031.SZ,000031,20251209,93057230,0,2094806,0,S,31300,1100,
000031.SZ,000031,20251209,93057690,0,2101465,0,B,30500,1700,
000031.SZ,000031,20251209,93057930,0,2104509,0,B,30500,100,
000031.SZ,000031,20251209,93057930,0,2104528,0,B,30700,200,
000031.SZ,000031,20251209,93057930,0,2104531,0,B,30500,200,
000031.SZ,000031,20251209,93057930,0,2104539,0,B,30500,500,
000031.SZ,000031,20251209,93057940,0,2104647,0,B,30500,100,
000031.SZ,000031,20251209,93057960,0,2104798,0,B,30500,600,
000031.SZ,000031,20251209,93058030,0,2105851,0,S,31800,10000,
000031.SZ,000031,20251209,93058650,0,2114257,0,B,30600,100,
000031.SZ,000031,20251209,93058780,0,2115892,0,B,30500,3300,
000031.SZ,000031,20251209,93059460,0,2123785,0,S,30500,1500,
000031.SZ,000031,20251209,93059500,0,2124243,0,B,30500,4200,
000031.SZ,000031,20251209,93059770,0,2127078,0,S,30700,20000,
000031.SZ,000031,20251209,93059960,0,2129079,0,B,30600,100,
000031.SZ,000031,20251209,93100270,0,2134343,0,S,30600,100,
000031.SZ,000031,20251209,93100570,0,2140967,0,B,30500,20000,
000031.SZ,000031,20251209,93100800,0,2146367,0,S,30600,2700,
000031.SZ,000031,20251209,93100810,0,2146483,0,S,30600,2700,
000031.SZ,000031,20251209,93100810,0,2146584,0,S,30600,2700,
000031.SZ,000031,20251209,93100930,0,2148842,0,S,30600,200,
000031.SZ,000031,20251209,93100970,0,2149623,0,S,30600,300,
000031.SZ,000031,20251209,93100980,0,2149883,0,S,30600,300,
000031.SZ,000031,20251209,93101020,0,2150488,0,S,30600,1800,
000031.SZ,000031,20251209,93101180,0,2153664,0,S,30600,2800,
000031.SZ,000031,20251209,93101370,0,2157604,0,B,30600,100,
000031.SZ,000031,20251209,93101970,0,2167647,0,S,30600,800,
000031.SZ,000031,20251209,93102120,0,2169837,0,S,30800,16500,
000031.SZ,000031,20251209,93103260,0,2186116,0,B,30600,1000,
000031.SZ,000031,20251209,93104020,0,2199274,0,S,30600,1700,
000031.SZ,000031,20251209,93104200,0,2201974,0,S,32000,10000,
000031.SZ,000031,20251209,93104230,0,2202438,0,S,30700,5000,
000031.SZ,000031,20251209,93104930,0,2213704,0,B,30500,800,
000031.SZ,000031,20251209,93105030,0,2215031,0,B,30000,2800,
000031.SZ,000031,20251209,93105180,0,2217275,0,S,31500,6000,
000031.SZ,000031,20251209,93105990,0,2227681,0,B,30500,400,
000031.SZ,000031,20251209,93106800,0,2241648,0,B,30600,4500,
000031.SZ,000031,20251209,93106810,0,2241734,0,S,30600,2600,
000031.SZ,000031,20251209,93106890,0,2242998,0,S,30600,1800,
000031.SZ,000031,20251209,93106890,0,2243020,0,S,30600,1800,
000031.SZ,000031,20251209,93106920,0,2243424,0,S,30600,2700,
000031.SZ,000031,20251209,93107200,0,2247622,0,S,30600,2600,
000031.SZ,000031,20251209,93107210,0,2247672,0,S,30600,2500,
000031.SZ,000031,20251209,93107240,0,2248532,0,B,30500,1900,
000031.SZ,000031,20251209,93107480,0,2252845,0,B,30500,6000,
000031.SZ,000031,20251209,93108310,0,2264602,0,B,30500,2600,
000031.SZ,000031,20251209,93108640,0,2268598,0,B,30400,59300,
000031.SZ,000031,20251209,93108790,0,2270353,0,B,29900,6600,
000031.SZ,000031,20251209,93109150,0,2274874,0,S,30600,200,
000031.SZ,000031,20251209,93109210,0,2275800,0,B,28800,10500,
000031.SZ,000031,20251209,93109240,0,2276247,0,B,30500,1200,
000031.SZ,000031,20251209,93109570,0,2281135,0,B,30500,200,
000031.SZ,000031,20251209,93109890,0,2285701,0,B,29000,200,
000031.SZ,000031,20251209,93109960,0,2286529,0,S,30600,300,
000031.SZ,000031,20251209,93110280,0,2291650,0,B,30500,1400,
000031.SZ,000031,20251209,93110280,0,2291651,0,B,30500,1200,
000031.SZ,000031,20251209,93111000,0,2303540,0,B,30500,5800,
000031.SZ,000031,20251209,93111300,0,2307298,0,S,31100,6000,
000031.SZ,000031,20251209,93111800,0,2313827,0,S,30700,10000,
000031.SZ,000031,20251209,93112690,0,2328186,0,B,30500,2400,
000031.SZ,000031,20251209,93112970,0,2332491,0,S,30600,100,
000031.SZ,000031,20251209,93113180,0,2335558,0,B,30500,200,
000031.SZ,000031,20251209,93113820,0,2345738,0,B,30500,20000,
000031.SZ,000031,20251209,93114970,0,2358862,0,B,30400,4600,
000031.SZ,000031,20251209,93115000,0,2359162,0,B,30500,3500,
000031.SZ,000031,20251209,93115160,0,2360980,0,S,30600,100,
000031.SZ,000031,20251209,93115600,0,2367136,0,B,30500,200,
000031.SZ,000031,20251209,93115600,0,2367226,0,S,30500,2000,
000031.SZ,000031,20251209,93115630,0,2367743,0,B,30200,5000,
000031.SZ,000031,20251209,93117020,0,2386005,0,B,30500,5000,
000031.SZ,000031,20251209,93117110,0,2387202,0,S,31200,12200,
000031.SZ,000031,20251209,93117290,0,2389329,0,B,29800,1000,
000031.SZ,000031,20251209,93117840,0,2395454,0,S,30900,20000,
000031.SZ,000031,20251209,93118170,0,2400005,0,S,30700,5000,
000031.SZ,000031,20251209,93118450,0,2403974,0,B,30500,5900,
000031.SZ,000031,20251209,93118910,0,2410248,0,B,30500,14100,
000031.SZ,000031,20251209,93119690,0,2420812,0,S,31500,1700,
000031.SZ,000031,20251209,93121470,0,2442082,0,B,30500,200,
000031.SZ,000031,20251209,93121700,0,2445351,0,S,30500,17000,
000031.SZ,000031,20251209,93122080,0,2450330,0,S,30600,600,
000031.SZ,000031,20251209,93122080,0,2450331,0,B,30400,600,
000031.SZ,000031,20251209,93122080,0,2450332,0,B,30400,2700,
000031.SZ,000031,20251209,93122080,0,2450333,0,S,30600,2700,
000031.SZ,000031,20251209,93124560,0,2482927,0,S,30600,2900,
000031.SZ,000031,20251209,93125190,0,2491655,0,B,30500,200,
000031.SZ,000031,20251209,93125200,0,2492076,0,S,30600,200,
000031.SZ,000031,20251209,93125650,0,2499186,0,B,30300,3500,
000031.SZ,000031,20251209,93126070,0,2504446,0,S,31000,11900,
000031.SZ,000031,20251209,93126150,0,2505499,0,S,33800,200,
000031.SZ,000031,20251209,93126240,0,2506855,0,B,30000,1600,
000031.SZ,000031,20251209,93127120,0,2517555,0,S,33800,1000,
000031.SZ,000031,20251209,93127240,0,2519147,0,B,30500,1000,
000031.SZ,000031,20251209,93127380,0,2521602,0,B,30500,200,
000031.SZ,000031,20251209,93128900,0,2543270,0,S,31300,2000,
000031.SZ,000031,20251209,93129390,0,2548851,0,B,30200,1900,
000031.SZ,000031,20251209,93130040,0,2555689,0,B,30500,100,
000031.SZ,000031,20251209,93130370,0,2560042,0,S,30500,1300,
000031.SZ,000031,20251209,93130370,0,2560044,0,S,30500,1400,
000031.SZ,000031,20251209,93130390,0,2560317,0,B,30600,100,
000031.SZ,000031,20251209,93130560,0,2562618,0,B,30500,100,
000031.SZ,000031,20251209,93130730,0,2565210,0,B,30500,2100,
000031.SZ,000031,20251209,93130880,0,2567042,0,B,30500,100,
000031.SZ,000031,20251209,93130920,0,2567439,0,S,31600,10000,
000031.SZ,000031,20251209,93131040,0,2568922,0,S,33800,2000,
000031.SZ,000031,20251209,93131360,0,2573218,0,S,30600,1600,
000031.SZ,000031,20251209,93132300,0,2584606,0,S,30800,5000,
000031.SZ,000031,20251209,93132310,0,2584719,0,S,30600,100,
000031.SZ,000031,20251209,93132570,0,2587430,0,B,30000,5000,
000031.SZ,000031,20251209,93133030,0,2591808,0,B,30100,3000,
000031.SZ,000031,20251209,93133270,0,2594961,0,S,30600,2200,
000031.SZ,000031,20251209,93133650,0,2599709,0,B,29500,1000,
000031.SZ,000031,20251209,93133660,0,2599806,0,B,30600,14900,
000031.SZ,000031,20251209,93135590,0,2623543,0,B,30600,6000,
000031.SZ,000031,20251209,93136180,0,2629583,0,S,30500,300,
000031.SZ,000031,20251209,93136250,0,2630563,0,B,30500,900,
000031.SZ,000031,20251209,93136350,0,2632297,0,B,30100,1000,
000031.SZ,000031,20251209,93136680,0,2637186,0,B,30600,11500,
000031.SZ,000031,20251209,93136680,0,2637196,0,B,30600,2000,
000031.SZ,000031,20251209,93136680,0,2637255,0,B,30500,200,
000031.SZ,000031,20251209,93136690,0,2637383,0,B,30600,13500,
000031.SZ,000031,20251209,93136710,0,2637516,0,B,30600,7600,
000031.SZ,000031,20251209,93136760,0,2638154,0,B,30200,3900,
000031.SZ,000031,20251209,93136830,0,2638910,0,S,30500,800,
000031.SZ,000031,20251209,93136840,0,2639116,0,S,30700,10000,
000031.SZ,000031,20251209,93137550,0,2648781,0,S,30600,100,
000031.SZ,000031,20251209,93137640,0,2650027,0,B,30500,2100,
000031.SZ,000031,20251209,93137710,0,2650860,0,S,30700,2700,
000031.SZ,000031,20251209,93137710,0,2650864,0,B,30500,600,
000031.SZ,000031,20251209,93137710,0,2650865,0,B,30500,2700,
000031.SZ,000031,20251209,93137710,0,2650869,0,S,30700,600,
000031.SZ,000031,20251209,93138110,0,2655802,0,S,30600,3300,
000031.SZ,000031,20251209,93138130,0,2655911,0,B,30600,3400,
000031.SZ,000031,20251209,93138720,0,2662017,0,B,30500,100,
000031.SZ,000031,20251209,93139280,0,2668499,0,B,30500,2100,
000031.SZ,000031,20251209,93139390,0,2670119,0,B,29900,73000,
000031.SZ,000031,20251209,93139460,0,2670870,0,B,30500,8000,
000031.SZ,000031,20251209,93139460,0,2670937,0,B,30600,100,
000031.SZ,000031,20251209,93139480,0,2671055,0,S,30500,100,
000031.SZ,000031,20251209,93139970,0,2677547,0,B,30600,100,
000031.SZ,000031,20251209,93139990,0,2677748,0,B,30500,2800,
000031.SZ,000031,20251209,93139990,0,2677765,0,B,31000,1400,
000031.SZ,000031,20251209,93139990,0,2677772,0,S,30500,100,
000031.SZ,000031,20251209,93140030,0,2678273,0,B,30500,1500,
000031.SZ,000031,20251209,93140030,0,2678299,0,S,31600,83600,
000031.SZ,000031,20251209,93140120,0,2679578,0,B,30600,2100,
000031.SZ,000031,20251209,93140140,0,2679866,0,S,30500,1400,
000031.SZ,000031,20251209,93140770,0,2688894,0,B,30500,200,
000031.SZ,000031,20251209,93141630,0,2700288,0,B,30500,1000,
000031.SZ,000031,20251209,93142300,0,2708830,0,S,30600,200,
000031.SZ,000031,20251209,93142300,0,2708832,0,S,30600,200,
000031.SZ,000031,20251209,93142340,0,2709506,0,B,30600,300,
000031.SZ,000031,20251209,93142360,0,2710042,0,B,30600,100,
000031.SZ,000031,20251209,93142390,0,2710663,0,B,30600,700,
000031.SZ,000031,20251209,93142390,0,2710675,0,B,30600,100,
000031.SZ,000031,20251209,93142390,0,2710771,0,B,30600,100,
000031.SZ,000031,20251209,93142440,0,2711728,0,B,30600,300,
000031.SZ,000031,20251209,93142460,0,2712145,0,B,30600,200,
000031.SZ,000031,20251209,93142460,0,2712149,0,B,30600,100,
000031.SZ,000031,20251209,93142460,0,2712153,0,B,30600,100,
000031.SZ,000031,20251209,93142470,0,2712165,0,B,30600,100,
000031.SZ,000031,20251209,93142470,0,2712167,0,B,30600,200,
000031.SZ,000031,20251209,93142640,0,2714300,0,B,30600,100,
000031.SZ,000031,20251209,93142640,0,2714301,0,B,30600,100,
000031.SZ,000031,20251209,93142690,0,2714949,0,B,30600,200,
000031.SZ,000031,20251209,93142940,0,2718759,0,B,30600,200,
000031.SZ,000031,20251209,93142940,0,2718762,0,B,30600,200,
000031.SZ,000031,20251209,93142940,0,2718763,0,B,30600,800,
000031.SZ,000031,20251209,93142940,0,2718803,0,B,30600,1100,
000031.SZ,000031,20251209,93142940,0,2718812,0,B,30600,800,
000031.SZ,000031,20251209,93142950,0,2718828,0,B,30600,2200,
000031.SZ,000031,20251209,93143180,0,2722376,0,S,30700,100,
000031.SZ,000031,20251209,93143210,0,2722938,0,B,30600,2100,
000031.SZ,000031,20251209,93143230,0,2723184,0,B,30600,800,
000031.SZ,000031,20251209,93143230,0,2723198,0,B,30600,100,
000031.SZ,000031,20251209,93143240,0,2723338,0,B,30600,300,
000031.SZ,000031,20251209,93143250,0,2723539,0,B,30600,100,
000031.SZ,000031,20251209,93143270,0,2723769,0,B,30600,700,
000031.SZ,000031,20251209,93143270,0,2723770,0,B,30600,500,
000031.SZ,000031,20251209,93143460,0,2726599,0,S,30700,200,
000031.SZ,000031,20251209,93143460,0,2726605,0,S,30700,700,
000031.SZ,000031,20251209,93143460,0,2726608,0,S,30700,800,
000031.SZ,000031,20251209,93145340,0,2751714,U,B,0,200,
000031.SZ,000031,20251209,93146700,0,2773284,0,B,29000,500,
000031.SZ,000031,20251209,93146840,0,2775528,0,S,30500,5000,
000031.SZ,000031,20251209,93146850,0,2775663,0,S,30600,8100,
000031.SZ,000031,20251209,93146900,0,2776379,0,S,30600,9100,
000031.SZ,000031,20251209,93146950,0,2776926,0,B,30600,20000,
000031.SZ,000031,20251209,93146960,0,2777046,0,B,30600,3300,
000031.SZ,000031,20251209,93147000,0,2777497,0,B,30300,2000,
000031.SZ,000031,20251209,93147330,0,2781815,0,S,30700,5000,
000031.SZ,000031,20251209,93147720,0,2786118,0,B,27600,5000,
000031.SZ,000031,20251209,93148290,0,2792749,0,S,30600,300,
000031.SZ,000031,20251209,93148290,0,2792752,0,S,30600,300,
000031.SZ,000031,20251209,93148290,0,2792754,0,S,30600,600,
000031.SZ,000031,20251209,93148290,0,2792762,0,S,30600,100,
000031.SZ,000031,20251209,93148660,0,2798453,0,B,30500,500,
000031.SZ,000031,20251209,93149210,0,2805106,0,B,31000,700,
000031.SZ,000031,20251209,93149220,0,2805253,0,S,30700,100,
000031.SZ,000031,20251209,93149480,0,2809413,0,B,30500,3800,
000031.SZ,000031,20251209,93152100,0,2841264,0,B,30600,300,
000031.SZ,000031,20251209,93152770,0,2850434,0,B,30600,3900,
000031.SZ,000031,20251209,93153350,0,2856786,0,B,30500,1200,
000031.SZ,000031,20251209,93153550,0,2859086,0,B,30000,600,
000031.SZ,000031,20251209,93154250,0,2866958,0,B,30600,100,
000031.SZ,000031,20251209,93155420,0,2881440,0,B,30600,800,
000031.SZ,000031,20251209,93155680,0,2884732,0,S,31500,10000,
000031.SZ,000031,20251209,93156940,0,2899976,0,B,30600,300,
000031.SZ,000031,20251209,93158460,0,2918799,0,B,30500,1000,
000031.SZ,000031,20251209,93159030,0,2924765,0,S,30700,100,
000031.SZ,000031,20251209,93159050,0,2924989,0,S,30600,4800,
000031.SZ,000031,20251209,93159800,0,2932726,0,B,30600,20000,
000031.SZ,000031,20251209,93159810,0,2932798,0,B,30600,9900,
000031.SZ,000031,20251209,93200060,0,2935701,0,B,30700,100,
000031.SZ,000031,20251209,93200150,0,2937011,0,B,29700,1600,
000031.SZ,000031,20251209,93200150,0,2937012,0,B,29700,2400,
000031.SZ,000031,20251209,93200150,0,2937013,0,B,29700,300,
000031.SZ,000031,20251209,93200150,0,2937014,0,B,29700,100,
000031.SZ,000031,20251209,93200150,0,2937015,0,B,29700,2300,
000031.SZ,000031,20251209,93200150,0,2937016,0,B,29700,4100,
000031.SZ,000031,20251209,93200150,0,2937017,0,B,29700,1000,
000031.SZ,000031,20251209,93200150,0,2937018,0,B,29700,1100,
000031.SZ,000031,20251209,93200150,0,2937019,0,B,29700,1700,
000031.SZ,000031,20251209,93200150,0,2937021,0,B,29700,2700,
000031.SZ,000031,20251209,93200150,0,2937022,0,B,29700,3900,
000031.SZ,000031,20251209,93200150,0,2937023,0,B,29700,2500,
000031.SZ,000031,20251209,93200150,0,2937024,0,B,29700,600,
000031.SZ,000031,20251209,93200150,0,2937026,0,B,29700,3800,
000031.SZ,000031,20251209,93200150,0,2937027,0,B,29700,500,
000031.SZ,000031,20251209,93200150,0,2937028,0,B,29700,3200,
000031.SZ,000031,20251209,93200150,0,2937029,0,B,29700,400,
000031.SZ,000031,20251209,93200150,0,2937030,0,B,29700,900,
000031.SZ,000031,20251209,93200150,0,2937031,0,B,29700,1500,
000031.SZ,000031,20251209,93200150,0,2937032,0,B,29700,200,
000031.SZ,000031,20251209,93200150,0,2937033,0,B,29700,1300,
000031.SZ,000031,20251209,93200150,0,2937034,0,B,29700,2600,
000031.SZ,000031,20251209,93200150,0,2937035,0,B,29700,2800,
000031.SZ,000031,20251209,93200150,0,2937036,0,B,29700,2000,
000031.SZ,000031,20251209,93200150,0,2937037,0,B,29700,1400,
000031.SZ,000031,20251209,93200150,0,2937042,0,B,29700,700,
000031.SZ,000031,20251209,93200150,0,2937043,0,B,29700,800,
000031.SZ,000031,20251209,93200150,0,2937044,0,B,29700,1200,
000031.SZ,000031,20251209,93200150,0,2937045,0,B,29700,3000,
000031.SZ,000031,20251209,93200150,0,2937051,0,B,29700,3600,
000031.SZ,000031,20251209,93200150,0,2937057,0,B,29700,2100,
000031.SZ,000031,20251209,93200150,0,2937058,0,B,29700,1900,
000031.SZ,000031,20251209,93200150,0,2937060,0,B,29700,3500,
000031.SZ,000031,20251209,93200150,0,2937061,0,B,29700,2200,
000031.SZ,000031,20251209,93200150,0,2937062,0,B,29700,1800,
000031.SZ,000031,20251209,93200150,0,2937068,0,B,29700,3100,
000031.SZ,000031,20251209,93200160,0,2937242,0,B,29700,4000,
000031.SZ,000031,20251209,93200170,0,2937404,0,B,29700,3700,
000031.SZ,000031,20251209,93200230,0,2938222,0,B,31000,200,
000031.SZ,000031,20251209,93200410,0,2940926,0,B,30700,100,
000031.SZ,000031,20251209,93200870,0,2950184,0,B,30600,1200,
000031.SZ,000031,20251209,93201730,0,2962445,0,B,30500,1000,
000031.SZ,000031,20251209,93201860,0,2964205,0,B,30600,2000,
000031.SZ,000031,20251209,93202110,0,2966945,0,S,31400,20000,
000031.SZ,000031,20251209,93202860,0,2975537,0,S,33800,2500,
000031.SZ,000031,20251209,93203040,0,2977823,0,B,29200,700,
000031.SZ,000031,20251209,93203260,0,2980347,0,S,31000,7100,
000031.SZ,000031,20251209,93203510,0,2983690,0,S,30700,100,
000031.SZ,000031,20251209,93206150,0,3017336,0,S,30600,200,
000031.SZ,000031,20251209,93206570,0,3023337,0,B,30600,400,
000031.SZ,000031,20251209,93207540,0,3035443,0,S,30600,100,
000031.SZ,000031,20251209,93207550,0,3035503,0,S,30600,200,
000031.SZ,000031,20251209,93207550,0,3035511,0,S,30600,300,
000031.SZ,000031,20251209,93207560,0,3035739,0,S,30600,300,
000031.SZ,000031,20251209,93207590,0,3036137,0,S,30600,1400,
000031.SZ,000031,20251209,93207610,0,3036378,0,S,30600,400,
000031.SZ,000031,20251209,93207610,0,3036382,0,S,30600,100,
000031.SZ,000031,20251209,93207620,0,3036496,0,S,30600,21,
000031.SZ,000031,20251209,93207640,0,3036748,0,S,30700,1400,
000031.SZ,000031,20251209,93207650,0,3036817,0,S,30600,200,
000031.SZ,000031,20251209,93209150,0,3053793,0,S,30600,300,
000031.SZ,000031,20251209,93209150,0,3053795,0,S,30600,200,
000031.SZ,000031,20251209,93209150,0,3053797,0,S,30600,400,
000031.SZ,000031,20251209,93209150,0,3053814,0,S,30600,400,
000031.SZ,000031,20251209,93209150,0,3053816,0,S,30600,200,
000031.SZ,000031,20251209,93209150,0,3053818,0,S,30600,200,
000031.SZ,000031,20251209,93209150,0,3053821,0,S,30600,200,
000031.SZ,000031,20251209,93209150,0,3053831,0,S,30600,600,
000031.SZ,000031,20251209,93209150,0,3053833,0,S,30600,3300,
000031.SZ,000031,20251209,93209150,0,3053839,0,S,30600,100,
000031.SZ,000031,20251209,93209160,0,3053919,0,S,30600,900,
000031.SZ,000031,20251209,93209160,0,3053957,0,S,30600,1700,
000031.SZ,000031,20251209,93209180,0,3054126,0,S,30700,100,
000031.SZ,000031,20251209,93209280,0,3055197,0,S,30600,1500,
000031.SZ,000031,20251209,93209370,0,3056192,0,S,30600,1500,
000031.SZ,000031,20251209,93209450,0,3057062,0,S,30600,1600,
000031.SZ,000031,20251209,93209540,0,3058251,0,S,30600,1600,
000031.SZ,000031,20251209,93209550,0,3058472,0,S,30600,200,
000031.SZ,000031,20251209,93209550,0,3058475,0,S,30600,300,
000031.SZ,000031,20251209,93209550,0,3058479,0,S,30600,100,
000031.SZ,000031,20251209,93209600,0,3059298,0,S,30600,1600,
000031.SZ,000031,20251209,93209660,0,3060233,0,S,30600,1600,
000031.SZ,000031,20251209,93209840,0,3062038,0,S,30600,1600,
000031.SZ,000031,20251209,93209840,0,3062137,0,S,30600,13300,
000031.SZ,000031,20251209,93209850,0,3062198,0,S,30600,500,
000031.SZ,000031,20251209,93209850,0,3062206,0,S,30600,400,
000031.SZ,000031,20251209,93209850,0,3062225,0,S,30600,400,
000031.SZ,000031,20251209,93209850,0,3062229,0,S,30600,400,
000031.SZ,000031,20251209,93209850,0,3062231,0,S,30600,500,
000031.SZ,000031,20251209,93209870,0,3062391,0,S,30600,2700,
000031.SZ,000031,20251209,93209920,0,3062908,0,S,30600,3800,
000031.SZ,000031,20251209,93209930,0,3063011,0,S,30600,100,
000031.SZ,000031,20251209,93209940,0,3063103,0,S,30600,500,
000031.SZ,000031,20251209,93209940,0,3063128,0,B,30600,300,
000031.SZ,000031,20251209,93209940,0,3063164,0,B,30700,1500,
000031.SZ,000031,20251209,93209950,0,3063299,0,S,30600,100,
000031.SZ,000031,20251209,93209950,0,3063303,0,S,30600,100,
000031.SZ,000031,20251209,93210080,0,3064895,0,S,30600,2500,
000031.SZ,000031,20251209,93210090,0,3064956,0,S,30600,2100,
000031.SZ,000031,20251209,93211140,0,3078061,0,B,30700,300,
000031.SZ,000031,20251209,93211660,0,3083319,0,S,30700,1000,
000031.SZ,000031,20251209,93212000,0,3086744,0,B,30500,2000,
000031.SZ,000031,20251209,93212150,0,3088694,0,B,30600,300,
000031.SZ,000031,20251209,93212720,0,3096921,0,S,30600,3500,
000031.SZ,000031,20251209,93212890,0,3099459,0,S,31500,2000,
000031.SZ,000031,20251209,93212920,0,3099945,0,S,30600,2400,
000031.SZ,000031,20251209,93212970,0,3100760,0,S,30600,2100,
000031.SZ,000031,20251209,93212990,0,3101143,0,S,30600,100,
000031.SZ,000031,20251209,93213010,0,3101577,0,B,30500,100,
000031.SZ,000031,20251209,93213020,0,3101780,0,B,30500,2500,
000031.SZ,000031,20251209,93213200,0,3104969,0,S,30600,2700,
000031.SZ,000031,20251209,93213290,0,3106533,0,B,30500,100,
000031.SZ,000031,20251209,93213290,0,3106544,0,B,30500,100,
000031.SZ,000031,20251209,93213320,0,3107165,0,S,30600,1700,
000031.SZ,000031,20251209,93213360,0,3107940,0,B,30500,100,
000031.SZ,000031,20251209,93213420,0,3109048,0,S,30600,1700,
000031.SZ,000031,20251209,93213460,0,3109774,0,B,30500,100,
000031.SZ,000031,20251209,93213460,0,3109780,0,B,30500,500,
000031.SZ,000031,20251209,93213460,0,3109888,0,B,30500,100,
000031.SZ,000031,20251209,93213510,0,3110815,0,B,29800,200,
000031.SZ,000031,20251209,93213610,0,3112582,0,S,30600,2700,
000031.SZ,000031,20251209,93213700,0,3114263,0,B,30500,100,
000031.SZ,000031,20251209,93214230,0,3123188,0,B,30900,1700,
000031.SZ,000031,20251209,93214240,0,3123387,0,S,30600,100,
000031.SZ,000031,20251209,93214670,0,3129994,0,S,31000,2200,
000031.SZ,000031,20251209,93214690,0,3130216,0,S,30400,1500,
000031.SZ,000031,20251209,93214700,0,3130327,0,S,30600,10000,
000031.SZ,000031,20251209,93215200,0,3137189,0,S,30600,100,
000031.SZ,000031,20251209,93215890,0,3148578,0,S,30600,1800,
000031.SZ,000031,20251209,93215920,0,3149208,0,S,30600,2300,
000031.SZ,000031,20251209,93215920,0,3149273,0,S,30600,100,
000031.SZ,000031,20251209,93216120,0,3152089,0,S,30600,1800,
000031.SZ,000031,20251209,93216190,0,3153004,0,S,30600,600,
000031.SZ,000031,20251209,93216690,0,3161314,0,B,29800,2000,
000031.SZ,000031,20251209,93216690,0,3161487,0,S,30600,100,
000031.SZ,000031,20251209,93216820,0,3163955,0,B,27600,2200,
000031.SZ,000031,20251209,93216900,0,3165658,0,S,30600,100,
000031.SZ,000031,20251209,93218450,0,3185367,0,S,30600,1500,
000031.SZ,000031,20251209,93218450,0,3185371,0,S,30600,1500,
000031.SZ,000031,20251209,93218720,0,3189292,0,S,30600,3500,
000031.SZ,000031,20251209,93218810,0,3190446,0,S,30600,5000,
000031.SZ,000031,20251209,93218890,0,3191442,0,S,30600,1700,
000031.SZ,000031,20251209,93218890,0,3191461,0,S,30600,6900,
000031.SZ,000031,20251209,93218920,0,3191787,0,S,30600,1800,
000031.SZ,000031,20251209,93218920,0,3191834,0,S,30600,200,
000031.SZ,000031,20251209,93218990,0,3192555,0,S,30600,2700,
000031.SZ,000031,20251209,93221110,0,3217529,0,B,30500,5000,
000031.SZ,000031,20251209,93222960,0,3241282,0,S,30600,1700,
000031.SZ,000031,20251209,93223760,0,3250937,0,S,31000,1500,
000031.SZ,000031,20251209,93226590,0,3287272,0,S,31100,10000,
000031.SZ,000031,20251209,93226600,0,3287378,0,S,30600,100,
000031.SZ,000031,20251209,93228940,0,3316350,0,B,30500,20000,
000031.SZ,000031,20251209,93228950,0,3316451,0,B,30500,100,
000031.SZ,000031,20251209,93229840,0,3326156,0,B,30500,800,
000031.SZ,000031,20251209,93230040,0,3328393,0,B,30500,100,
000031.SZ,000031,20251209,93230060,0,3328545,0,B,30700,3200,
000031.SZ,000031,20251209,93230450,0,3333456,0,S,30600,100,
000031.SZ,000031,20251209,93230780,0,3337988,0,S,33000,1000,
000031.SZ,000031,20251209,93230810,0,3338390,0,S,30700,16500,
000031.SZ,000031,20251209,93231760,0,3350816,0,B,30900,200,
000031.SZ,000031,20251209,93233150,0,3366283,0,S,30500,1000,
000031.SZ,000031,20251209,93234590,0,3385090,0,S,30600,9600,
000031.SZ,000031,20251209,93234940,0,3389118,0,S,30600,2100,
000031.SZ,000031,20251209,93235110,0,3390913,0,B,30000,5000,
000031.SZ,000031,20251209,93235110,0,3391000,0,S,30600,100,
000031.SZ,000031,20251209,93237340,0,3418242,0,S,30600,700,
000031.SZ,000031,20251209,93237590,0,3421396,0,B,30500,5000,
000031.SZ,000031,20251209,93238160,0,3427493,0,S,30700,20000,
000031.SZ,000031,20251209,93239890,0,3447094,0,B,30600,100,
000031.SZ,000031,20251209,93240210,0,3450573,0,B,30500,1000,
000031.SZ,000031,20251209,93240260,0,3451269,0,B,30500,1000,
000031.SZ,000031,20251209,93242980,0,3482041,0,S,30600,7200,
000031.SZ,000031,20251209,93245060,0,3504150,0,B,30600,100,
000031.SZ,000031,20251209,93245070,0,3504270,0,B,30700,3400,
000031.SZ,000031,20251209,93245520,0,3509262,0,S,30600,100,
000031.SZ,000031,20251209,93245960,0,3514594,0,B,30900,200,
000031.SZ,000031,20251209,93246940,0,3524726,0,B,30500,300,
000031.SZ,000031,20251209,93247360,0,3528193,0,B,30300,200,
000031.SZ,000031,20251209,93249360,0,3549670,0,S,32600,3500,
000031.SZ,000031,20251209,93250070,0,3557529,0,B,30400,2000,
000031.SZ,000031,20251209,93250610,0,3562710,0,S,30700,3200,
000031.SZ,000031,20251209,93250820,0,3564225,0,S,32300,3600,
000031.SZ,000031,20251209,93251770,0,3574979,0,S,33500,1000,
000031.SZ,000031,20251209,93254060,0,3598877,0,B,30400,300,
000031.SZ,000031,20251209,93254280,0,3601212,0,B,30500,600,
000031.SZ,000031,20251209,93254870,0,3607628,0,S,30600,1900,
000031.SZ,000031,20251209,93254910,0,3608041,0,B,30500,6800,
000031.SZ,000031,20251209,93254980,0,3608680,0,S,30500,1300,
000031.SZ,000031,20251209,93256060,0,3619888,0,B,30500,5000,
000031.SZ,000031,20251209,93256560,0,3625294,0,B,30200,400,
000031.SZ,000031,20251209,93256610,0,3625800,0,B,30100,3200,
000031.SZ,000031,20251209,93256790,0,3627562,0,S,30700,1200,
000031.SZ,000031,20251209,93257580,0,3636048,0,B,30200,2000,
000031.SZ,000031,20251209,93258770,0,3648964,0,B,30500,3800,
000031.SZ,000031,20251209,93258930,0,3650410,0,B,30000,3000,
000031.SZ,000031,20251209,93300450,0,3666562,0,B,30600,100,
000031.SZ,000031,20251209,93302060,0,3687233,0,S,30600,500,
000031.SZ,000031,20251209,93303270,0,3699580,0,S,30600,100,
000031.SZ,000031,20251209,93304800,0,3718443,0,B,29700,2000,
000031.SZ,000031,20251209,93304830,0,3718810,0,S,30500,1100,
000031.SZ,000031,20251209,93304850,0,3718969,0,S,30500,2900,
000031.SZ,000031,20251209,93304860,0,3719007,0,S,30500,400,
000031.SZ,000031,20251209,93304900,0,3719591,0,B,30400,10000,
000031.SZ,000031,20251209,93305300,0,3724559,0,B,30000,3300,
000031.SZ,000031,20251209,93306140,0,3733469,0,B,30100,600,
000031.SZ,000031,20251209,93306150,0,3733610,0,S,30600,100,
000031.SZ,000031,20251209,93306160,0,3733669,0,S,30600,100,
000031.SZ,000031,20251209,93306700,0,3740742,0,B,30500,500,
000031.SZ,000031,20251209,93307030,0,3744625,0,B,30700,3500,
000031.SZ,000031,20251209,93307040,0,3744771,0,S,30500,200,
000031.SZ,000031,20251209,93307650,0,3751803,0,S,30600,100,
000031.SZ,000031,20251209,93307900,0,3754763,0,B,30900,200,
000031.SZ,000031,20251209,93308770,0,3764217,0,B,30200,5000,
000031.SZ,000031,20251209,93309350,0,3771253,0,B,30500,500,
000031.SZ,000031,20251209,93309550,0,3773474,0,B,30000,200,
000031.SZ,000031,20251209,93310900,0,3788113,0,B,29300,500,
000031.SZ,000031,20251209,93311510,0,3794086,0,B,30900,200,
000031.SZ,000031,20251209,93312370,0,3801821,0,B,30500,6000,
000031.SZ,000031,20251209,93312700,0,3805478,0,S,30600,1800,
000031.SZ,000031,20251209,93312820,0,3806760,0,B,30700,3400,
000031.SZ,000031,20251209,93315020,0,3829029,0,B,30600,200,
000031.SZ,000031,20251209,93315030,0,3829131,0,S,30600,100,
000031.SZ,000031,20251209,93315030,0,3829133,0,S,30600,100,
000031.SZ,000031,20251209,93315030,0,3829136,0,S,30600,100,
000031.SZ,000031,20251209,93315030,0,3829168,0,S,30400,1500,
000031.SZ,000031,20251209,93316950,0,3849656,0,B,30500,100,
000031.SZ,000031,20251209,93317270,0,3852628,0,B,30900,200,
000031.SZ,000031,20251209,93318690,0,3866142,0,S,30600,1700,
000031.SZ,000031,20251209,93318810,0,3867117,0,S,30600,2600,
000031.SZ,000031,20251209,93318810,0,3867131,0,S,30600,2900,
000031.SZ,000031,20251209,93318920,0,3868205,0,S,30600,2500,
000031.SZ,000031,20251209,93319130,0,3870493,0,B,30500,20000,
000031.SZ,000031,20251209,93320430,0,3884176,0,B,30500,300,
000031.SZ,000031,20251209,93320500,0,3884649,0,S,31000,3000,
000031.SZ,000031,20251209,93320720,0,3886679,0,B,30400,100,
000031.SZ,000031,20251209,93320920,0,3888318,0,B,30600,1600,
000031.SZ,000031,20251209,93321260,0,3891382,0,S,30600,100,
000031.SZ,000031,20251209,93321420,0,3892930,0,B,30000,600,
000031.SZ,000031,20251209,93321640,0,3895258,0,B,30500,5000,
000031.SZ,000031,20251209,93323500,0,3913060,0,S,30500,700,
000031.SZ,000031,20251209,93324280,0,3919864,0,S,30600,800,
000031.SZ,000031,20251209,93326400,0,3941959,0,S,30600,500,
000031.SZ,000031,20251209,93326810,0,3945375,0,B,30700,3300,
000031.SZ,000031,20251209,93328490,0,3962679,0,S,30700,20000,
000031.SZ,000031,20251209,93328610,0,3963812,0,S,30500,2200,
000031.SZ,000031,20251209,93330210,0,3977742,0,B,30900,200,
000031.SZ,000031,20251209,93330550,0,3981530,0,B,30500,1000,
000031.SZ,000031,20251209,93330620,0,3982224,0,B,30200,5000,
000031.SZ,000031,20251209,93330840,0,3984341,0,B,30500,3400,
000031.SZ,000031,20251209,93331240,0,3988229,0,S,30800,5000,
000031.SZ,000031,20251209,93331330,0,3989160,0,S,31600,2800,
000031.SZ,000031,20251209,93331710,0,3993110,0,S,32500,3000,
000031.SZ,000031,20251209,93332200,0,3997488,0,S,30600,2600,
000031.SZ,000031,20251209,93333120,0,4005485,0,B,30400,800,
000031.SZ,000031,20251209,93333890,0,4012972,0,S,30600,1800,
000031.SZ,000031,20251209,93335600,0,4028598,0,B,30400,2700,
000031.SZ,000031,20251209,93338190,0,4052921,0,S,31300,1100,
000031.SZ,000031,20251209,93340410,0,4075767,0,B,29200,5000,
000031.SZ,000031,20251209,93340510,0,4077160,0,B,30300,2000,
000031.SZ,000031,20251209,93340740,0,4079948,0,B,30500,1000,
000031.SZ,000031,20251209,93341020,0,4082493,0,S,30600,500,
000031.SZ,000031,20251209,93341990,0,4091810,0,S,33000,10000,
000031.SZ,000031,20251209,93342930,0,4101982,0,S,30600,200,
000031.SZ,000031,20251209,93345710,0,4130078,0,B,30400,300,
000031.SZ,000031,20251209,93345720,0,4130279,0,S,30600,100,
000031.SZ,000031,20251209,93345720,0,4130297,0,S,30600,500,
000031.SZ,000031,20251209,93347260,0,4146483,0,S,31200,1800,
000031.SZ,000031,20251209,93347870,0,4152685,0,S,30600,1800,
000031.SZ,000031,20251209,93348350,0,4157606,0,B,30000,6000,
000031.SZ,000031,20251209,93348390,0,4158298,0,B,30400,1000,
000031.SZ,000031,20251209,93348690,0,4161299,0,S,30600,1800,
000031.SZ,000031,20251209,93348690,0,4161300,0,S,30600,1700,
000031.SZ,000031,20251209,93348810,0,4162667,0,S,30600,800,
000031.SZ,000031,20251209,93348810,0,4162794,0,S,30600,2500,
000031.SZ,000031,20251209,93348920,0,4163811,0,S,30600,2500,
000031.SZ,000031,20251209,93348970,0,4164268,0,S,30400,200,
000031.SZ,000031,20251209,93351240,0,4186751,0,S,30600,100,
000031.SZ,000031,20251209,93351260,0,4186907,0,S,30600,100,
000031.SZ,000031,20251209,93351660,0,4191019,0,B,30300,1000,
000031.SZ,000031,20251209,93351700,0,4191342,0,B,30500,2000,
000031.SZ,000031,20251209,93351930,0,4193554,0,B,30500,5000,
000031.SZ,000031,20251209,93352740,0,4202085,0,B,30500,2000,
000031.SZ,000031,20251209,93353760,0,4211536,0,B,30100,5000,
000031.SZ,000031,20251209,93354280,0,4217024,0,B,30500,200,
000031.SZ,000031,20251209,93355380,0,4227832,0,B,30900,200,
000031.SZ,000031,20251209,93355700,0,4230902,0,B,30600,3400,
000031.SZ,000031,20251209,93356280,0,4236155,0,B,30500,1500,
000031.SZ,000031,20251209,93357230,0,4243676,0,B,30500,4000,
000031.SZ,000031,20251209,93357300,0,4244540,0,B,30500,200,
000031.SZ,000031,20251209,93359030,0,4262138,0,B,30500,300,
000031.SZ,000031,20251209,93359470,0,4266090,0,B,30500,800,
000031.SZ,000031,20251209,93400040,0,4270460,0,B,30600,100,
000031.SZ,000031,20251209,93400060,0,4270697,0,B,30600,100,
000031.SZ,000031,20251209,93400080,0,4270808,0,B,30500,1400,
000031.SZ,000031,20251209,93400220,0,4271987,0,B,29600,2400,
000031.SZ,000031,20251209,93400220,0,4271990,0,B,29600,1600,
000031.SZ,000031,20251209,93400220,0,4271991,0,B,29600,3900,
000031.SZ,000031,20251209,93400220,0,4271992,0,B,29600,600,
000031.SZ,000031,20251209,93400220,0,4271993,0,B,29600,1000,
000031.SZ,000031,20251209,93400220,0,4271994,0,B,29600,4000,
000031.SZ,000031,20251209,93400220,0,4271995,0,B,29600,1700,
000031.SZ,000031,20251209,93400220,0,4271996,0,B,29600,3200,
000031.SZ,000031,20251209,93400220,0,4271997,0,B,29600,1100,
000031.SZ,000031,20251209,93400220,0,4271998,0,B,29600,300,
000031.SZ,000031,20251209,93400220,0,4271999,0,B,29600,500,
000031.SZ,000031,20251209,93400220,0,4272000,0,B,29600,2300,
000031.SZ,000031,20251209,93400220,0,4272001,0,B,29600,400,
000031.SZ,000031,20251209,93400220,0,4272002,0,B,29600,900,
000031.SZ,000031,20251209,93400220,0,4272003,0,B,29600,4100,
000031.SZ,000031,20251209,93400220,0,4272004,0,B,29600,1300,
000031.SZ,000031,20251209,93400220,0,4272005,0,B,29600,100,
000031.SZ,000031,20251209,93400220,0,4272006,0,B,29600,2500,
000031.SZ,000031,20251209,93400220,0,4272007,0,B,29600,2600,
000031.SZ,000031,20251209,93400220,0,4272008,0,B,29600,1400,
000031.SZ,000031,20251209,93400220,0,4272009,0,B,29600,3800,
000031.SZ,000031,20251209,93400220,0,4272010,0,B,29600,2700,
000031.SZ,000031,20251209,93400220,0,4272011,0,B,29600,800,
000031.SZ,000031,20251209,93400220,0,4272012,0,B,29600,200,
000031.SZ,000031,20251209,93400220,0,4272013,0,B,29600,3100,
000031.SZ,000031,20251209,93400220,0,4272014,0,B,29600,1500,
000031.SZ,000031,20251209,93400220,0,4272015,0,B,29600,1900,
000031.SZ,000031,20251209,93400220,0,4272016,0,B,29600,2000,
000031.SZ,000031,20251209,93400220,0,4272019,0,B,29600,2100,
000031.SZ,000031,20251209,93400220,0,4272020,0,B,29600,2800,
000031.SZ,000031,20251209,93400220,0,4272021,0,B,29600,1200,
000031.SZ,000031,20251209,93400220,0,4272022,0,B,29600,3600,
000031.SZ,000031,20251209,93400220,0,4272024,0,B,29600,1800,
000031.SZ,000031,20251209,93400220,0,4272025,0,B,29600,3500,
000031.SZ,000031,20251209,93400220,0,4272027,0,B,29600,700,
000031.SZ,000031,20251209,93400220,0,4272046,0,B,29600,2200,
000031.SZ,000031,20251209,93400230,0,4272117,0,B,29600,3000,
000031.SZ,000031,20251209,93400250,0,4272299,0,B,29600,3700,
000031.SZ,000031,20251209,93400300,0,4273168,0,B,30500,200,
000031.SZ,000031,20251209,93400380,0,4274236,0,S,30600,100,
000031.SZ,000031,20251209,93401150,0,4284719,0,B,30600,1900,
000031.SZ,000031,20251209,93401570,0,4289476,0,B,30600,600,
000031.SZ,000031,20251209,93401660,0,4290348,0,B,30300,900,
000031.SZ,000031,20251209,93403000,0,4302832,0,B,30300,5000,
000031.SZ,000031,20251209,93403020,0,4303019,0,S,30500,100,
000031.SZ,000031,20251209,93403020,0,4303021,0,S,30500,1200,
000031.SZ,000031,20251209,93403200,0,4304469,0,S,30500,200,
000031.SZ,000031,20251209,93403350,0,4306097,0,B,30500,200,
000031.SZ,000031,20251209,93403460,0,4307443,0,B,30500,200,
000031.SZ,000031,20251209,93404090,0,4314235,0,B,30500,10000,
000031.SZ,000031,20251209,93404130,0,4314566,0,S,30500,600,
000031.SZ,000031,20251209,93404140,0,4314624,0,S,30500,1600,
000031.SZ,000031,20251209,93404210,0,4315338,0,S,30500,200,
000031.SZ,000031,20251209,93405830,0,4330891,0,B,30200,16800,
000031.SZ,000031,20251209,93406250,0,4334897,0,B,30900,400,
000031.SZ,000031,20251209,93406270,0,4335187,0,B,29900,2000,
000031.SZ,000031,20251209,93406270,0,4335313,0,S,30500,100,
000031.SZ,000031,20251209,93406280,0,4335413,0,B,30500,1700,
000031.SZ,000031,20251209,93406310,0,4335755,0,S,30500,100,
000031.SZ,000031,20251209,93406660,0,4339197,0,B,30500,1900,
000031.SZ,000031,20251209,93408310,0,4355466,0,S,33800,300,
000031.SZ,000031,20251209,93408740,0,4359216,0,B,30400,200,
000031.SZ,000031,20251209,93411400,0,4384110,0,B,30200,900,
000031.SZ,000031,20251209,93411420,0,4384363,0,S,30500,300,
000031.SZ,000031,20251209,93411580,0,4385903,0,B,30500,1900,
000031.SZ,000031,20251209,93413190,0,4400525,0,S,31000,5000,
000031.SZ,000031,20251209,93414580,0,4413638,0,S,30500,200,
000031.SZ,000031,20251209,93415490,0,4421668,0,S,32000,10200,
000031.SZ,000031,20251209,93415980,0,4426629,0,B,29600,1000,
000031.SZ,000031,20251209,93419130,0,4455832,0,B,30400,10000,
000031.SZ,000031,20251209,93419680,0,4461195,0,S,30500,100,
000031.SZ,000031,20251209,93420680,0,4470009,0,B,29800,9300,
000031.SZ,000031,20251209,93420700,0,4470138,0,S,30400,1600,
000031.SZ,000031,20251209,93422050,0,4482972,0,B,30600,500,
000031.SZ,000031,20251209,93422520,0,4487805,0,B,30500,10000,
000031.SZ,000031,20251209,93422970,0,4491416,0,B,27900,1000,
000031.SZ,000031,20251209,93423150,0,4493171,0,B,30500,100,
000031.SZ,000031,20251209,93423550,0,4496488,0,S,31100,10000,
000031.SZ,000031,20251209,93426850,0,4525046,0,S,32200,1000,
000031.SZ,000031,20251209,93427430,0,4530068,0,S,30700,20000,
000031.SZ,000031,20251209,93427470,0,4530438,0,B,30500,5000,
000031.SZ,000031,20251209,93428240,0,4537767,0,B,30500,300,
000031.SZ,000031,20251209,93429720,0,4550050,0,B,30500,10000,
000031.SZ,000031,20251209,93430890,0,4560727,0,S,30600,1800,
000031.SZ,000031,20251209,93430890,0,4560738,0,S,30600,3500,
000031.SZ,000031,20251209,93430960,0,4561316,0,B,30100,23000,
000031.SZ,000031,20251209,93431560,0,4567494,0,S,30600,200,
000031.SZ,000031,20251209,93431640,0,4568329,0,S,30600,5600,
000031.SZ,000031,20251209,93431930,0,4570926,0,S,30500,100,
000031.SZ,000031,20251209,93432000,0,4571512,0,S,30600,100,
000031.SZ,000031,20251209,93432160,0,4572816,0,S,30600,6500,
000031.SZ,000031,20251209,93432750,0,4577478,0,B,30600,500,
000031.SZ,000031,20251209,93434370,0,4592641,0,B,30600,200,
000031.SZ,000031,20251209,93434470,0,4593659,0,B,30700,4700,
000031.SZ,000031,20251209,93434540,0,4594335,0,B,30600,300,
000031.SZ,000031,20251209,93434540,0,4594345,0,B,30600,100,
000031.SZ,000031,20251209,93435510,0,4601838,0,B,30300,400,
000031.SZ,000031,20251209,93435760,0,4603599,0,B,30600,200,
000031.SZ,000031,20251209,93435940,0,4604749,0,B,30600,100,
000031.SZ,000031,20251209,93435960,0,4604937,0,B,30600,100,
000031.SZ,000031,20251209,93436640,0,4611292,0,B,30500,2000,
000031.SZ,000031,20251209,93436860,0,4613209,0,S,30600,2000,
000031.SZ,000031,20251209,93437520,0,4619274,0,B,30600,100,
000031.SZ,000031,20251209,93440000,0,4639004,0,B,30900,400,
000031.SZ,000031,20251209,93440000,0,4639020,0,S,30600,200,
000031.SZ,000031,20251209,93441770,0,4654043,0,B,30700,3500,
000031.SZ,000031,20251209,93441810,0,4654372,0,S,30500,600,
000031.SZ,000031,20251209,93443060,0,4665054,0,B,30400,34800,
000031.SZ,000031,20251209,93443110,0,4665519,0,B,30500,5000,
000031.SZ,000031,20251209,93443350,0,4667711,0,S,33800,7600,
000031.SZ,000031,20251209,93444250,0,4675550,0,B,30900,200,
000031.SZ,000031,20251209,93444570,0,4678226,0,S,30500,5600,
000031.SZ,000031,20251209,93444580,0,4678267,0,S,30600,100,
000031.SZ,000031,20251209,93444660,0,4678965,0,B,30200,4000,
000031.SZ,000031,20251209,93445560,0,4686696,0,S,30500,200,
000031.SZ,000031,20251209,93446000,0,4690680,0,S,30500,100,
000031.SZ,000031,20251209,93446010,0,4690797,0,S,30500,200,
000031.SZ,000031,20251209,93446010,0,4690825,0,B,30500,100,
000031.SZ,000031,20251209,93446020,0,4690882,0,S,30600,8700,
000031.SZ,000031,20251209,93447160,0,4700676,0,B,29700,10000,
000031.SZ,000031,20251209,93447650,0,4704547,0,B,30900,200,
