万得代码,交易所代码,自然日,时间,成交编号,成交代码,委托代码,BS标志,成交价格,成交数量,叫卖序号,叫买序号,
000031.SZ,000031,20251209,91500430,87524,C,0, ,0,1000,0,87517,
000031.SZ,000031,20251209,91501670,182335,C,0, ,0,200,0,182317,
000031.SZ,000031,20251209,91741190,334138,C,0, ,0,1000,0,301992,
000031.SZ,000031,20251209,91938040,376734,C,0, ,0,100,373046,0,
000031.SZ,000031,20251209,92500000,568373,0,0,B,30700,500,565269,566557,
000031.SZ,000031,20251209,92500000,568374,0,0,B,30700,100,565269,567447,
000031.SZ,000031,20251209,92500000,568375,0,0,B,30700,100,565269,567486,
000031.SZ,000031,20251209,92500000,568376,0,0,B,30700,100,565269,567506,
000031.SZ,000031,20251209,92500000,568377,0,0,B,30700,100,16477,567554,
000031.SZ,000031,20251209,92500000,568378,0,0,B,30700,100,16477,567651,
000031.SZ,000031,20251209,92500000,568379,0,0,B,30700,400,16477,464145,
000031.SZ,000031,20251209,92500000,568380,0,0,B,30700,300,16477,465334,
000031.SZ,000031,20251209,92500000,568381,0,0,B,30700,200,65957,465334,
000031.SZ,000031,20251209,92500000,568382,0,0,B,30700,400,65957,175945,
000031.SZ,000031,20251209,92500000,568383,0,0,B,30700,500,65957,536477,
000031.SZ,000031,20251209,92500000,568384,0,0,B,30700,1200,65957,565588,
000031.SZ,000031,20251209,92500000,568385,0,0,B,30700,1000,65957,76779,
000031.SZ,000031,20251209,92500000,568386,0,0,S,30700,500,291886,76779,
000031.SZ,000031,20251209,92500000,568387,0,0,S,30700,800,371356,76779,
000031.SZ,000031,20251209,92500000,568388,0,0,S,30700,500,371356,275071,
000031.SZ,000031,20251209,92500000,568389,0,0,S,30700,400,371356,20773,
000031.SZ,000031,20251209,92500000,568390,0,0,S,30700,4600,558156,20773,
000031.SZ,000031,20251209,92500000,568391,0,0,S,30700,5000,558156,20777,
000031.SZ,000031,20251209,92500000,568392,0,0,S,30700,200,558156,182331,
000031.SZ,000031,20251209,92500000,568393,0,0,S,30700,200,558156,469777,
000031.SZ,000031,20251209,93000050,677796,0,0,B,30700,100,558156,677795,
000031.SZ,000031,20251209,93000050,677799,0,0,S,30600,300,677798,20718,
000031.SZ,000031,20251209,93000070,698033,0,0,B,30700,100,558156,698032,
000031.SZ,000031,20251209,93000150,738755,C,0, ,0,1000,14010,0,
000031.SZ,000031,20251209,93000200,765421,0,0,S,30600,100,765420,20718,
000031.SZ,000031,20251209,93000290,796937,0,0,B,30700,300,688084,796936,
000031.SZ,000031,20251209,93000340,810485,0,0,B,30700,400,688084,810484,
000031.SZ,000031,20251209,93000340,810486,0,0,B,30700,100,703773,810484,
000031.SZ,000031,20251209,93000340,810487,0,0,B,30700,500,709006,810484,
000031.SZ,000031,20251209,93000480,838234,0,0,B,30700,500,709006,838233,
000031.SZ,000031,20251209,93000480,838235,0,0,B,30700,1300,826597,838233,
000031.SZ,000031,20251209,93000480,838404,0,0,B,30700,1800,826597,838403,
000031.SZ,000031,20251209,93000570,855053,0,0,B,30700,300,826597,855052,
000031.SZ,000031,20251209,93000810,896160,0,0,B,30700,500,826597,896159,
000031.SZ,000031,20251209,93000810,896161,0,0,B,30700,100,855145,896159,
000031.SZ,000031,20251209,93000810,896162,0,0,B,30700,100,882369,896159,
000031.SZ,000031,20251209,93000850,902321,0,0,B,30800,100,197100,902320,
000031.SZ,000031,20251209,93000880,906626,0,0,S,30700,200,906625,896159,
000031.SZ,000031,20251209,93000890,907199,0,0,S,30700,700,907198,896159,
000031.SZ,000031,20251209,93000930,913236,0,0,S,30700,200,913235,896159,
000031.SZ,000031,20251209,93000960,918403,0,0,S,30700,100,918402,896159,
000031.SZ,000031,20251209,93001050,933629,0,0,S,30700,1100,933628,896159,
000031.SZ,000031,20251209,93001430,971494,C,0, ,0,900,0,328574,
000031.SZ,000031,20251209,93001590,985649,0,0,B,30700,400,933628,985648,
000031.SZ,000031,20251209,93001590,985650,0,0,B,30700,1700,946491,985648,
000031.SZ,000031,20251209,93001590,985651,0,0,B,30700,1500,955437,985648,
000031.SZ,000031,20251209,93001590,985652,0,0,B,30700,200,956613,985648,
000031.SZ,000031,20251209,93001590,985653,0,0,B,30700,700,961117,985648,
000031.SZ,000031,20251209,93001590,985654,0,0,B,30700,700,962757,985648,
000031.SZ,000031,20251209,93001590,985655,0,0,B,30700,200,964226,985648,
000031.SZ,000031,20251209,93003150,1104619,C,0, ,0,2700,0,836470,
000031.SZ,000031,20251209,93003150,1104622,C,0, ,0,2300,0,836469,
000031.SZ,000031,20251209,93003150,1104623,C,0, ,0,300,0,837002,
000031.SZ,000031,20251209,93003150,1104624,C,0, ,0,100,0,836662,
000031.SZ,000031,20251209,93003150,1104625,C,0, ,0,2400,0,836459,
000031.SZ,000031,20251209,93003150,1104628,C,0, ,0,1600,0,836482,
000031.SZ,000031,20251209,93003150,1104629,C,0, ,0,3900,0,836483,
000031.SZ,000031,20251209,93003150,1104632,C,0, ,0,2500,0,836480,
000031.SZ,000031,20251209,93003150,1104637,C,0, ,0,3800,0,836996,
000031.SZ,000031,20251209,93003150,1104641,C,0, ,0,600,0,836552,
000031.SZ,000031,20251209,93003150,1104642,C,0, ,0,3600,0,836846,
000031.SZ,000031,20251209,93003150,1104643,C,0, ,0,1400,0,837412,
000031.SZ,000031,20251209,93003150,1104644,C,0, ,0,1300,0,836477,
000031.SZ,000031,20251209,93003150,1104647,C,0, ,0,2600,0,836697,
000031.SZ,000031,20251209,93003150,1104648,C,0, ,0,200,0,844145,
000031.SZ,000031,20251209,93003150,1104649,C,0, ,0,4100,0,836484,
000031.SZ,000031,20251209,93003150,1104650,C,0, ,0,1700,0,836485,
000031.SZ,000031,20251209,93003150,1104651,C,0, ,0,1500,0,836719,
000031.SZ,000031,20251209,93003150,1104652,C,0, ,0,1000,0,836471,
000031.SZ,000031,20251209,93003150,1104653,C,0, ,0,1100,0,836473,
000031.SZ,000031,20251209,93003150,1104654,C,0, ,0,800,0,836889,
000031.SZ,000031,20251209,93003150,1104655,C,0, ,0,900,0,836625,
000031.SZ,000031,20251209,93003150,1104656,C,0, ,0,3200,0,836597,
000031.SZ,000031,20251209,93003150,1104663,C,0, ,0,1900,0,836994,
000031.SZ,000031,20251209,93003150,1104664,C,0, ,0,700,0,842653,
000031.SZ,000031,20251209,93003150,1104671,C,0, ,0,2100,0,836926,
000031.SZ,000031,20251209,93003150,1104672,C,0, ,0,2000,0,836717,
000031.SZ,000031,20251209,93003150,1104678,C,0, ,0,3100,0,836769,
000031.SZ,000031,20251209,93003150,1104679,C,0, ,0,3500,0,836887,
000031.SZ,000031,20251209,93003150,1104682,C,0, ,0,1800,0,836970,
000031.SZ,000031,20251209,93003150,1104683,C,0, ,0,400,0,836722,
000031.SZ,000031,20251209,93003150,1104711,C,0, ,0,1200,0,836872,
000031.SZ,000031,20251209,93003150,1104723,C,0, ,0,500,0,836598,
000031.SZ,000031,20251209,93003150,1104742,C,0, ,0,3000,0,837338,
000031.SZ,000031,20251209,93003150,1104894,C,0, ,0,2200,0,839347,
000031.SZ,000031,20251209,93003150,1105073,C,0, ,0,2800,0,836661,
000031.SZ,000031,20251209,93003170,1106687,C,0, ,0,3700,0,840930,
000031.SZ,000031,20251209,93003180,1107642,C,0, ,0,4000,0,836681,
000031.SZ,000031,20251209,93006220,1231597,0,0,B,30700,400,964226,1231596,
000031.SZ,000031,20251209,93006290,1232763,0,0,S,30600,200,1232762,20718,
000031.SZ,000031,20251209,93006440,1239955,0,0,S,30600,400,1239954,20718,
000031.SZ,000031,20251209,93007120,1260430,0,0,S,30600,200,1260429,20718,
000031.SZ,000031,20251209,93007120,1260458,0,0,S,30600,100,1260457,20718,
000031.SZ,000031,20251209,93007120,1260468,0,0,S,30600,400,1260467,20718,
000031.SZ,000031,20251209,93007540,1270259,0,0,S,30600,100,1270258,20718,
000031.SZ,000031,20251209,93008030,1283232,0,0,S,30600,100,1283231,20718,
000031.SZ,000031,20251209,93008030,1283234,0,0,S,30600,100,1283233,20718,
000031.SZ,000031,20251209,93008030,1283265,0,0,S,30600,100,1283264,20718,
000031.SZ,000031,20251209,93008030,1283269,0,0,S,30600,100,1283268,20718,
000031.SZ,000031,20251209,93008030,1283275,0,0,S,30600,100,1283274,20718,
000031.SZ,000031,20251209,93008030,1283279,0,0,S,30600,100,1283278,20718,
000031.SZ,000031,20251209,93008030,1283282,0,0,S,30600,100,1283281,20718,
000031.SZ,000031,20251209,93008030,1283292,0,0,S,30600,100,1283291,20718,
000031.SZ,000031,20251209,93008040,1283396,0,0,S,30600,100,1283395,20718,
000031.SZ,000031,20251209,93008040,1283484,0,0,S,30600,100,1283483,20718,
000031.SZ,000031,20251209,93008250,1286748,0,0,B,30700,100,964226,1286747,
000031.SZ,000031,20251209,93008950,1296912,0,0,S,30600,200,1296911,20718,
000031.SZ,000031,20251209,93008950,1296973,0,0,S,30600,100,1296972,20718,
000031.SZ,000031,20251209,93009180,1301334,0,0,B,30700,200,964226,1301333,
000031.SZ,000031,20251209,93009180,1301335,0,0,B,30700,100,965666,1301333,
000031.SZ,000031,20251209,93009200,1301593,0,0,S,30600,100,1301592,20718,
000031.SZ,000031,20251209,93009540,1310248,0,0,B,30700,100,967469,1310247,
000031.SZ,000031,20251209,93009540,1310249,0,0,B,30700,100,973758,1310247,
000031.SZ,000031,20251209,93009540,1310250,0,0,B,30700,300,982873,1310247,
000031.SZ,000031,20251209,93009710,1314610,0,0,S,30600,100,1314609,20718,
000031.SZ,000031,20251209,93009820,1316768,0,0,S,30600,100,1316767,20718,
000031.SZ,000031,20251209,93009820,1316771,0,0,S,30600,100,1316770,20718,
000031.SZ,000031,20251209,93009820,1316784,0,0,S,30600,100,1316783,20718,
000031.SZ,000031,20251209,93009820,1316994,0,0,S,30600,100,1316993,20718,
000031.SZ,000031,20251209,93009830,1317238,0,0,S,30600,1300,1317237,20718,
000031.SZ,000031,20251209,93009830,1317239,0,0,S,30600,500,1317237,290779,
000031.SZ,000031,20251209,93010420,1328449,C,0, ,0,2300,1299714,0,
000031.SZ,000031,20251209,93012230,1353247,0,0,S,30600,200,1353246,290779,
000031.SZ,000031,20251209,93012230,1353342,0,0,S,30600,200,1353341,290779,
000031.SZ,000031,20251209,93012280,1354424,0,0,S,30600,1800,1354423,290779,
000031.SZ,000031,20251209,93012280,1354425,0,0,S,30600,200,1354423,300676,
000031.SZ,000031,20251209,93012290,1354620,0,0,S,30600,400,1354619,300676,
000031.SZ,000031,20251209,93012290,1354621,0,0,S,30600,2800,1354619,343614,
000031.SZ,000031,20251209,93012290,1354758,0,0,S,30600,1000,1354757,343614,
000031.SZ,000031,20251209,93012290,1354762,0,0,S,30600,1200,1354761,343614,
000031.SZ,000031,20251209,93012290,1354763,0,0,S,30600,2000,1354761,524650,
000031.SZ,000031,20251209,93012290,1354764,0,0,S,30600,100,1354761,750178,
000031.SZ,000031,20251209,93012290,1354765,0,0,S,30600,1400,1354761,752996,
000031.SZ,000031,20251209,93012290,1354767,0,0,S,30600,3700,1354766,752996,
000031.SZ,000031,20251209,93012310,1355067,0,0,S,30600,1000,1355066,752996,
000031.SZ,000031,20251209,93013410,1377110,C,0, ,0,600,300675,0,
000031.SZ,000031,20251209,93013410,1377111,C,0, ,0,2700,290778,0,
000031.SZ,000031,20251209,93014960,1398582,0,0,B,30700,100,993649,1398581,
000031.SZ,000031,20251209,93015220,1402086,0,0,S,30600,100,1402085,752996,
000031.SZ,000031,20251209,93017200,1443919,0,0,S,30600,2500,1443918,752996,
000031.SZ,000031,20251209,93017690,1449822,C,0, ,0,600,0,394021,
000031.SZ,000031,20251209,93017970,1452612,0,0,S,30600,1300,1452611,752996,
000031.SZ,000031,20251209,93017970,1452613,0,0,S,30600,100,1452611,882368,
000031.SZ,000031,20251209,93017970,1452614,0,0,S,30600,200,1452611,930385,
000031.SZ,000031,20251209,93017970,1452615,0,0,S,30600,100,1452611,932570,
000031.SZ,000031,20251209,93017970,1452616,0,0,S,30600,100,1452611,933726,
000031.SZ,000031,20251209,93017970,1452617,0,0,S,30600,1300,1452611,934349,
000031.SZ,000031,20251209,93018150,1454869,0,0,S,30600,200,1454868,934349,
000031.SZ,000031,20251209,93018190,1456290,0,0,S,30600,100,1456289,934349,
000031.SZ,000031,20251209,93018190,1456291,0,0,S,30600,100,1456289,956653,
000031.SZ,000031,20251209,93018190,1456297,0,0,S,30600,300,1456296,956653,
000031.SZ,000031,20251209,93018190,1456299,0,0,S,30600,200,1456298,956653,
000031.SZ,000031,20251209,93018190,1456301,0,0,S,30600,200,1456300,956653,
000031.SZ,000031,20251209,93018190,1456305,0,0,S,30600,200,1456304,956653,
000031.SZ,000031,20251209,93018190,1456369,0,0,S,30600,200,1456368,956653,
000031.SZ,000031,20251209,93018200,1456871,0,0,S,30600,600,1456870,956653,
000031.SZ,000031,20251209,93018200,1456872,0,0,S,30600,200,1456870,969915,
000031.SZ,000031,20251209,93018200,1456873,0,0,S,30600,200,1456870,969916,
000031.SZ,000031,20251209,93018200,1456874,0,0,S,30600,100,1456870,969919,
000031.SZ,000031,20251209,93018200,1456875,0,0,S,30600,3200,1456870,975372,
000031.SZ,000031,20251209,93018210,1456947,0,0,S,30600,900,1456946,975372,
000031.SZ,000031,20251209,93018520,1463286,0,0,S,30600,1400,1463285,975372,
000031.SZ,000031,20251209,93018520,1463301,0,0,S,30600,2000,1463300,975372,
000031.SZ,000031,20251209,93018520,1463302,0,0,S,30600,2000,1463300,975947,
000031.SZ,000031,20251209,93018540,1463592,0,0,S,30600,300,1463591,975947,
000031.SZ,000031,20251209,93018540,1463593,0,0,S,30600,100,1463591,980734,
000031.SZ,000031,20251209,93018540,1463594,0,0,S,30600,800,1463591,988521,
000031.SZ,000031,20251209,93018540,1463595,0,0,S,30600,1900,1463591,1001860,
000031.SZ,000031,20251209,93018540,1463596,0,0,S,30600,3200,1463591,1002011,
000031.SZ,000031,20251209,93018540,1463597,0,0,S,30600,200,1463591,1003866,
000031.SZ,000031,20251209,93018540,1463598,0,0,S,30600,100,1463591,1019209,
000031.SZ,000031,20251209,93018540,1463599,0,0,S,30600,400,1463591,1042063,
000031.SZ,000031,20251209,93018540,1463600,0,0,S,30600,100,1463591,1045209,
000031.SZ,000031,20251209,93018540,1463601,0,0,S,30600,100,1463591,1055975,
000031.SZ,000031,20251209,93018540,1463602,0,0,S,30600,200,1463591,1055994,
000031.SZ,000031,20251209,93018540,1463603,0,0,S,30600,100,1463591,1055998,
000031.SZ,000031,20251209,93018540,1463604,0,0,S,30600,200,1463591,1056010,
000031.SZ,000031,20251209,93018540,1463605,0,0,S,30600,100,1463591,1056174,
000031.SZ,000031,20251209,93018540,1463606,0,0,S,30600,100,1463591,1056706,
000031.SZ,000031,20251209,93018540,1463607,0,0,S,30600,200,1463591,1056815,
000031.SZ,000031,20251209,93018540,1463608,0,0,S,30600,800,1463591,1069042,
000031.SZ,000031,20251209,93018540,1463609,0,0,S,30600,200,1463591,1159796,
000031.SZ,000031,20251209,93018540,1463610,0,0,S,30600,500,1463591,1163796,
000031.SZ,000031,20251209,93018540,1463611,0,0,S,30600,2400,1463591,1185177,
000031.SZ,000031,20251209,93018540,1463612,0,0,S,30600,100,1463591,1259141,
000031.SZ,000031,20251209,93018540,1463613,0,0,S,30600,4100,1463591,1264757,
000031.SZ,000031,20251209,93018540,1463614,0,0,S,30600,100,1463591,1273594,
000031.SZ,000031,20251209,93018540,1463615,0,0,S,30600,100,1463591,1278859,
000031.SZ,000031,20251209,93018540,1463616,0,0,S,30600,100,1463591,1287155,
000031.SZ,000031,20251209,93018540,1463617,0,0,S,30600,1100,1463591,1304608,
000031.SZ,000031,20251209,93018540,1463618,0,0,S,30600,1000,1463591,1354626,
000031.SZ,000031,20251209,93018540,1463619,0,0,S,30600,3400,1463591,1385361,
000031.SZ,000031,20251209,93018540,1463620,0,0,S,30600,2200,1463591,1393701,
000031.SZ,000031,20251209,93018540,1463621,0,0,S,30600,100,1463591,1394544,
000031.SZ,000031,20251209,93018540,1463622,0,0,S,30600,4300,1463591,1396095,
000031.SZ,000031,20251209,93018540,1463623,0,0,S,30600,1300,1463591,1444583,
000031.SZ,000031,20251209,93018730,1467703,0,0,S,30600,3500,1467702,1444583,
000031.SZ,000031,20251209,93020030,1489479,0,0,S,30600,100,1489478,1444583,
000031.SZ,000031,20251209,93021150,1503141,0,0,S,30600,700,1503140,1444583,
000031.SZ,000031,20251209,93021150,1503151,0,0,S,30600,700,1503150,1444583,
000031.SZ,000031,20251209,93021150,1503152,0,0,S,30600,3000,1503150,1501609,
000031.SZ,000031,20251209,93021280,1506241,C,0, ,0,1900,0,781193,
000031.SZ,000031,20251209,93022250,1524953,C,0, ,0,700,1503150,0,
000031.SZ,000031,20251209,93022280,1525728,0,0,S,30500,200,1525727,53542,
000031.SZ,000031,20251209,93022280,1525731,0,0,S,30500,200,1525730,53542,
000031.SZ,000031,20251209,93022280,1525733,0,0,S,30500,100,1525732,53542,
000031.SZ,000031,20251209,93022280,1525738,0,0,S,30500,200,1525737,53542,
000031.SZ,000031,20251209,93022280,1525740,0,0,S,30500,200,1525739,53542,
000031.SZ,000031,20251209,93024150,1550707,C,0, ,0,4400,1503164,0,
000031.SZ,000031,20251209,93024170,1551049,0,0,B,30600,200,1503320,1551048,
000031.SZ,000031,20251209,93024170,1551050,0,0,B,30600,100,1508266,1551048,
000031.SZ,000031,20251209,93024170,1551051,0,0,B,30600,100,1508281,1551048,
000031.SZ,000031,20251209,93024170,1551052,0,0,B,30600,500,1549846,1551048,
000031.SZ,000031,20251209,93024200,1551389,0,0,B,30600,1800,1549846,1551388,
000031.SZ,000031,20251209,93024250,1552189,0,0,S,30500,2900,1552188,53542,
000031.SZ,000031,20251209,93024310,1553276,0,0,S,30500,100,1553275,53542,
000031.SZ,000031,20251209,93024690,1561874,C,0, ,0,100,994853,0,
000031.SZ,000031,20251209,93024690,1561875,C,0, ,0,100,994907,0,
000031.SZ,000031,20251209,93024690,1561879,C,0, ,0,300,994872,0,
000031.SZ,000031,20251209,93024870,1564947,0,0,S,30500,2000,1564946,53542,
000031.SZ,000031,20251209,93025000,1566682,C,0, ,0,3200,1393976,0,
000031.SZ,000031,20251209,93025020,1566997,C,0, ,0,8900,1067522,0,
000031.SZ,000031,20251209,93025210,1569902,C,0, ,0,200,1047981,0,
000031.SZ,000031,20251209,93025210,1569910,C,0, ,0,300,1047986,0,
000031.SZ,000031,20251209,93025210,1569921,C,0, ,0,100,1049645,0,
000031.SZ,000031,20251209,93025210,1569926,C,0, ,0,100,1047974,0,
000031.SZ,000031,20251209,93026020,1583005,0,0,S,30500,4100,1583004,53542,
000031.SZ,000031,20251209,93026020,1583006,0,0,S,30500,1000,1583004,87523,
000031.SZ,000031,20251209,93026020,1583007,0,0,S,30500,1000,1583004,87525,
000031.SZ,000031,20251209,93026020,1583008,0,0,S,30500,2800,1583004,195194,
000031.SZ,000031,20251209,93027240,1596536,0,0,S,30500,800,1596535,195194,
000031.SZ,000031,20251209,93030450,1648440,0,0,S,30500,300,1648439,195194,
000031.SZ,000031,20251209,93030820,1656027,0,0,S,30500,1100,1656026,195194,
000031.SZ,000031,20251209,93030820,1656028,0,0,S,30500,1400,1656026,197087,
000031.SZ,000031,20251209,93033050,1689056,C,0, ,0,1200,1181786,0,
000031.SZ,000031,20251209,93033050,1689060,C,0, ,0,400,1168216,0,
000031.SZ,000031,20251209,93033050,1689061,C,0, ,0,2100,1175775,0,
000031.SZ,000031,20251209,93033050,1689065,C,0, ,0,200,1168222,0,
000031.SZ,000031,20251209,93033200,1691120,0,0,S,30500,100,1691119,197087,
000031.SZ,000031,20251209,93033210,1691321,0,0,S,30500,300,1691320,197087,
000031.SZ,000031,20251209,93035230,1726559,0,0,S,30500,400,1726558,197087,
000031.SZ,000031,20251209,93035230,1726562,0,0,S,30500,500,1726561,197087,
000031.SZ,000031,20251209,93035250,1726831,0,0,B,30600,100,1549846,1726830,
000031.SZ,000031,20251209,93035850,1735408,0,0,S,30500,100,1735407,197087,
000031.SZ,000031,20251209,93035850,1735411,0,0,S,30500,100,1735410,197087,
000031.SZ,000031,20251209,93036200,1740698,0,0,S,30500,100,1740697,197087,
000031.SZ,000031,20251209,93036200,1740719,0,0,S,30500,200,1740718,197087,
000031.SZ,000031,20251209,93036260,1741744,0,0,S,30500,100,1741743,197087,
000031.SZ,000031,20251209,93036260,1741751,0,0,S,30500,200,1741750,197087,
000031.SZ,000031,20251209,93036260,1741776,0,0,S,30500,100,1741775,197087,
000031.SZ,000031,20251209,93036260,1741778,0,0,S,30500,200,1741777,197087,
000031.SZ,000031,20251209,93036260,1741787,0,0,S,30500,100,1741786,197087,
000031.SZ,000031,20251209,93036260,1741791,0,0,S,30500,100,1741790,197087,
000031.SZ,000031,20251209,93036260,1741795,0,0,S,30500,100,1741794,197087,
000031.SZ,000031,20251209,93036270,1741862,0,0,S,30500,200,1741861,197087,
000031.SZ,000031,20251209,93036270,1741868,0,0,S,30500,100,1741867,197087,
000031.SZ,000031,20251209,93036920,1757100,C,0, ,0,3000,0,200522,
000031.SZ,000031,20251209,93037150,1762042,0,0,S,30500,600,1762041,197087,
000031.SZ,000031,20251209,93037150,1762043,0,0,S,30500,2000,1762041,240497,
000031.SZ,000031,20251209,93037150,1762044,0,0,S,30500,7600,1762041,242697,
000031.SZ,000031,20251209,93037470,1769052,0,0,S,30500,100,1769051,242697,
000031.SZ,000031,20251209,93037480,1769063,0,0,S,30500,100,1769062,242697,
000031.SZ,000031,20251209,93037480,1769070,0,0,S,30500,100,1769069,242697,
000031.SZ,000031,20251209,93037480,1769079,0,0,S,30500,100,1769078,242697,
000031.SZ,000031,20251209,93037480,1769080,0,0,S,30500,100,1769078,249355,
000031.SZ,000031,20251209,93037480,1769087,0,0,S,30500,200,1769086,249355,
000031.SZ,000031,20251209,93037480,1769090,0,0,S,30500,200,1769089,249355,
000031.SZ,000031,20251209,93037480,1769094,0,0,S,30500,100,1769093,294306,
000031.SZ,000031,20251209,93037480,1769095,0,0,S,30500,100,1769093,298801,
000031.SZ,000031,20251209,93037490,1769257,0,0,S,30500,300,1769256,298801,
000031.SZ,000031,20251209,93037510,1769711,0,0,S,30500,100,1769710,298801,
000031.SZ,000031,20251209,93037510,1769719,0,0,S,30500,100,1769718,298801,
000031.SZ,000031,20251209,93037510,1769749,0,0,S,30500,100,1769748,298801,
000031.SZ,000031,20251209,93037640,1772407,C,0, ,0,100,294307,0,
000031.SZ,000031,20251209,93038770,1787884,C,0, ,0,100,1330719,0,
000031.SZ,000031,20251209,93039150,1794899,0,0,S,30500,300,1794898,298801,
000031.SZ,000031,20251209,93039490,1802658,0,0,S,30500,100,1802657,298801,
000031.SZ,000031,20251209,93039490,1802683,0,0,S,30500,100,1802682,298801,
000031.SZ,000031,20251209,93039490,1802709,0,0,S,30500,100,1802708,298801,
000031.SZ,000031,20251209,93039490,1802798,0,0,S,30500,200,1802797,298801,
000031.SZ,000031,20251209,93039490,1802811,0,0,S,30500,100,1802810,298801,
000031.SZ,000031,20251209,93039490,1802859,0,0,S,30500,100,1802858,298801,
000031.SZ,000031,20251209,93039500,1802993,0,0,S,30500,200,1802992,298801,
000031.SZ,000031,20251209,93039500,1803042,0,0,S,30500,100,1803041,298801,
000031.SZ,000031,20251209,93039500,1803123,0,0,S,30500,100,1803122,354503,
000031.SZ,000031,20251209,93039500,1803129,0,0,S,30500,100,1803128,354503,
000031.SZ,000031,20251209,93039500,1803134,0,0,S,30500,100,1803133,354503,
000031.SZ,000031,20251209,93039500,1803155,0,0,S,30500,200,1803154,354503,
000031.SZ,000031,20251209,93039500,1803184,0,0,S,30500,100,1803183,354503,
000031.SZ,000031,20251209,93039500,1803220,0,0,S,30500,200,1803219,354503,
000031.SZ,000031,20251209,93039510,1803248,0,0,S,30500,100,1803247,354503,
000031.SZ,000031,20251209,93039510,1803253,0,0,S,30500,100,1803252,354503,
000031.SZ,000031,20251209,93039510,1803257,0,0,S,30500,100,1803256,429653,
000031.SZ,000031,20251209,93039510,1803267,0,0,S,30500,100,1803266,429653,
000031.SZ,000031,20251209,93039510,1803290,0,0,S,30500,100,1803289,429653,
000031.SZ,000031,20251209,93039510,1803325,0,0,S,30500,100,1803324,429653,
000031.SZ,000031,20251209,93039640,1806649,C,0, ,0,2000,298791,0,
000031.SZ,000031,20251209,93039920,1813011,0,0,S,30500,500,1813010,429653,
000031.SZ,000031,20251209,93039920,1813012,0,0,S,30500,1000,1813010,906014,
000031.SZ,000031,20251209,93039920,1813013,0,0,S,30500,6900,1813010,934711,
000031.SZ,000031,20251209,93040620,1826723,C,0, ,0,40000,1586985,0,
000031.SZ,000031,20251209,93040630,1826825,C,0, ,0,5000,0,1282908,
000031.SZ,000031,20251209,93040810,1829365,0,0,S,30500,500,1829364,934711,
000031.SZ,000031,20251209,93040810,1829416,0,0,S,30500,200,1829415,934711,
000031.SZ,000031,20251209,93041580,1843741,0,0,B,30600,400,1549846,1843740,
000031.SZ,000031,20251209,93041580,1843742,0,0,B,30600,100,1552467,1843740,
000031.SZ,000031,20251209,93041880,1849354,C,0, ,0,1900,1220404,0,
000031.SZ,000031,20251209,93041880,1849373,C,0, ,0,1000,1295803,0,
000031.SZ,000031,20251209,93042170,1854359,C,0, ,0,100,1402172,0,
000031.SZ,000031,20251209,93042170,1854401,C,0, ,0,100,1402126,0,
000031.SZ,000031,20251209,93042170,1854434,C,0, ,0,100,1402184,0,
000031.SZ,000031,20251209,93042430,1860461,0,0,S,30500,1200,1860460,934711,
000031.SZ,000031,20251209,93042430,1860470,0,0,S,30500,1200,1860469,934711,
000031.SZ,000031,20251209,93042430,1860471,0,0,S,30500,900,1860469,978670,
000031.SZ,000031,20251209,93042430,1860482,0,0,S,30500,200,1860481,978670,
000031.SZ,000031,20251209,93042430,1860489,0,0,S,30500,400,1860488,978670,
000031.SZ,000031,20251209,93044960,1911171,0,0,B,30600,100,1558433,1911170,
000031.SZ,000031,20251209,93045170,1915971,C,0, ,0,2000,0,486226,
000031.SZ,000031,20251209,93050450,2001677,C,0, ,0,4600,880532,0,
000031.SZ,000031,20251209,93050590,2003636,0,0,B,30600,200,1558478,2003635,
000031.SZ,000031,20251209,93050590,2003637,0,0,B,30600,800,1566208,2003635,
000031.SZ,000031,20251209,93050590,2003641,0,0,B,30600,900,1566208,2003640,
000031.SZ,000031,20251209,93050590,2003650,0,0,B,30600,1300,1566505,2003649,
000031.SZ,000031,20251209,93051150,2010530,0,0,B,30600,700,1566505,2010529,
000031.SZ,000031,20251209,93051150,2010531,0,0,B,30600,1600,1566519,2010529,
000031.SZ,000031,20251209,93051150,2010533,0,0,B,30600,800,1566519,2010532,
000031.SZ,000031,20251209,93051150,2010535,0,0,B,30600,500,1566519,2010534,
000031.SZ,000031,20251209,93051150,2010536,0,0,B,30600,800,1566520,2010534,
000031.SZ,000031,20251209,93051150,2010540,0,0,B,30600,300,1566520,2010539,
000031.SZ,000031,20251209,93051170,2010845,0,0,B,30600,1100,1566520,2010844,
000031.SZ,000031,20251209,93051170,2010846,0,0,B,30600,100,1579370,2010844,
000031.SZ,000031,20251209,93051170,2010847,0,0,B,30600,100,1579372,2010844,
000031.SZ,000031,20251209,93051170,2010848,0,0,B,30600,200,1579379,2010844,
000031.SZ,000031,20251209,93053430,2042612,0,0,S,30500,1600,2042611,978670,
000031.SZ,000031,20251209,93054140,2051408,0,0,S,30500,900,2051407,978670,
000031.SZ,000031,20251209,93054150,2051733,0,0,B,30600,100,1579379,2051732,
000031.SZ,000031,20251209,93054160,2051822,0,0,B,30600,300,1585077,2051821,
000031.SZ,000031,20251209,93057160,2093824,0,0,B,30600,100,1585077,2093823,
000031.SZ,000031,20251209,93057160,2093825,0,0,B,30600,300,1585204,2093823,
000031.SZ,000031,20251209,93057170,2093954,0,0,B,30600,100,1585210,2093953,
000031.SZ,000031,20251209,93057170,2093955,0,0,B,30600,200,1585212,2093953,
000031.SZ,000031,20251209,93057170,2093956,0,0,B,30600,100,1585218,2093953,
000031.SZ,000031,20251209,93057170,2093957,0,0,B,30600,2700,1633284,2093953,
000031.SZ,000031,20251209,93057170,2093958,0,0,B,30600,900,1635577,2093953,
000031.SZ,000031,20251209,93057930,2104529,0,0,B,30600,200,1635577,2104528,
000031.SZ,000031,20251209,93058650,2114258,0,0,B,30600,100,1635577,2114257,
000031.SZ,000031,20251209,93059460,2123786,0,0,S,30500,1500,2123785,978670,
000031.SZ,000031,20251209,93059960,2129080,0,0,B,30600,100,1635577,2129079,
000031.SZ,000031,20251209,93100050,2130463,C,0, ,0,100,0,1641196,
000031.SZ,000031,20251209,93101370,2157605,0,0,B,30600,100,1635577,2157604,
000031.SZ,000031,20251209,93103260,2186117,0,0,B,30600,1000,1635577,2186116,
000031.SZ,000031,20251209,93106800,2241649,0,0,B,30600,1100,1635577,2241648,
000031.SZ,000031,20251209,93106800,2241650,0,0,B,30600,900,1650679,2241648,
000031.SZ,000031,20251209,93106800,2241651,0,0,B,30600,2500,1696724,2241648,
000031.SZ,000031,20251209,93107360,2250674,C,0, ,0,600,0,2104798,
000031.SZ,000031,20251209,93115600,2367227,0,0,S,30500,2000,2367226,978670,
000031.SZ,000031,20251209,93121570,2443380,C,0, ,0,6000,0,468593,
000031.SZ,000031,20251209,93121700,2445352,0,0,S,30500,2500,2445351,978670,
000031.SZ,000031,20251209,93121700,2445353,0,0,S,30500,100,2445351,1071312,
000031.SZ,000031,20251209,93121700,2445354,0,0,S,30500,100,2445351,1234955,
000031.SZ,000031,20251209,93121700,2445355,0,0,S,30500,300,2445351,1235347,
000031.SZ,000031,20251209,93121700,2445356,0,0,S,30500,100,2445351,1235373,
000031.SZ,000031,20251209,93121700,2445357,0,0,S,30500,100,2445351,1236640,
000031.SZ,000031,20251209,93121700,2445358,0,0,S,30500,100,2445351,1240313,
000031.SZ,000031,20251209,93121700,2445359,0,0,S,30500,700,2445351,1240337,
000031.SZ,000031,20251209,93121700,2445360,0,0,S,30500,100,2445351,1242302,
000031.SZ,000031,20251209,93121700,2445361,0,0,S,30500,400,2445351,1242375,
000031.SZ,000031,20251209,93121700,2445362,0,0,S,30500,100,2445351,1261858,
000031.SZ,000031,20251209,93121700,2445363,0,0,S,30500,100,2445351,1271051,
000031.SZ,000031,20251209,93121700,2445364,0,0,S,30500,100,2445351,1281978,
000031.SZ,000031,20251209,93121700,2445365,0,0,S,30500,100,2445351,1293183,
000031.SZ,000031,20251209,93121700,2445366,0,0,S,30500,100,2445351,1293197,
000031.SZ,000031,20251209,93121700,2445367,0,0,S,30500,100,2445351,1300646,
000031.SZ,000031,20251209,93121700,2445368,0,0,S,30500,300,2445351,1301619,
000031.SZ,000031,20251209,93121700,2445369,0,0,S,30500,300,2445351,1320036,
000031.SZ,000031,20251209,93121700,2445370,0,0,S,30500,100,2445351,1320040,
000031.SZ,000031,20251209,93121700,2445371,0,0,S,30500,100,2445351,1320818,
000031.SZ,000031,20251209,93121700,2445372,0,0,S,30500,100,2445351,1352517,
000031.SZ,000031,20251209,93121700,2445373,0,0,S,30500,600,2445351,1352827,
000031.SZ,000031,20251209,93121700,2445374,0,0,S,30500,100,2445351,1369627,
000031.SZ,000031,20251209,93121700,2445375,0,0,S,30500,100,2445351,1372926,
000031.SZ,000031,20251209,93121700,2445376,0,0,S,30500,100,2445351,1376036,
000031.SZ,000031,20251209,93121700,2445377,0,0,S,30500,500,2445351,1378107,
000031.SZ,000031,20251209,93121700,2445378,0,0,S,30500,2700,2445351,1380237,
000031.SZ,000031,20251209,93121700,2445379,0,0,S,30500,600,2445351,1380891,
000031.SZ,000031,20251209,93121700,2445380,0,0,S,30500,6300,2445351,1554884,
000031.SZ,000031,20251209,93121880,2447735,C,0, ,0,2700,1380230,0,
000031.SZ,000031,20251209,93121880,2447736,C,0, ,0,600,1380231,0,
000031.SZ,000031,20251209,93130360,2559848,C,0, ,0,1600,1265331,0,
000031.SZ,000031,20251209,93130370,2560043,0,0,S,30500,1300,2560042,1554884,
000031.SZ,000031,20251209,93130370,2560045,0,0,S,30500,1400,2560044,1554884,
000031.SZ,000031,20251209,93130390,2560318,0,0,B,30600,100,1696724,2560317,
000031.SZ,000031,20251209,93133660,2599807,0,0,B,30600,800,1696724,2599806,
000031.SZ,000031,20251209,93133660,2599808,0,0,B,30600,200,1722126,2599806,
000031.SZ,000031,20251209,93133660,2599809,0,0,B,30600,1700,1757843,2599806,
000031.SZ,000031,20251209,93133660,2599810,0,0,B,30600,1700,1757844,2599806,
000031.SZ,000031,20251209,93133660,2599811,0,0,B,30600,100,1758121,2599806,
000031.SZ,000031,20251209,93133660,2599812,0,0,B,30600,1900,1758202,2599806,
000031.SZ,000031,20251209,93133660,2599813,0,0,B,30600,800,1806128,2599806,
000031.SZ,000031,20251209,93133660,2599814,0,0,B,30600,300,1807939,2599806,
000031.SZ,000031,20251209,93133660,2599815,0,0,B,30600,600,1807973,2599806,
000031.SZ,000031,20251209,93133660,2599816,0,0,B,30600,800,1808003,2599806,
000031.SZ,000031,20251209,93133660,2599817,0,0,B,30600,200,1814153,2599806,
000031.SZ,000031,20251209,93133660,2599818,0,0,B,30600,100,1819669,2599806,
000031.SZ,000031,20251209,93133660,2599819,0,0,B,30600,1000,1870067,2599806,
000031.SZ,000031,20251209,93133660,2599820,0,0,B,30600,1900,1870082,2599806,
000031.SZ,000031,20251209,93133660,2599821,0,0,B,30600,100,1870444,2599806,
000031.SZ,000031,20251209,93133660,2599822,0,0,B,30600,100,1870454,2599806,
000031.SZ,000031,20251209,93133660,2599823,0,0,B,30600,100,1870625,2599806,
000031.SZ,000031,20251209,93133660,2599824,0,0,B,30600,400,1882642,2599806,
000031.SZ,000031,20251209,93133660,2599825,0,0,B,30600,300,1885559,2599806,
000031.SZ,000031,20251209,93133660,2599826,0,0,B,30600,1000,1904835,2599806,
000031.SZ,000031,20251209,93133660,2599827,0,0,B,30600,300,2023152,2599806,
000031.SZ,000031,20251209,93133660,2599828,0,0,B,30600,100,2134343,2599806,
000031.SZ,000031,20251209,93133660,2599829,0,0,B,30600,400,2146367,2599806,
000031.SZ,000031,20251209,93135590,2623544,0,0,B,30600,2300,2146367,2623543,
000031.SZ,000031,20251209,93135590,2623545,0,0,B,30600,2700,2146483,2623543,
000031.SZ,000031,20251209,93135590,2623546,0,0,B,30600,1000,2146584,2623543,
000031.SZ,000031,20251209,93136180,2629584,0,0,S,30500,300,2629583,1554884,
000031.SZ,000031,20251209,93136680,2637187,0,0,B,30600,1700,2146584,2637186,
000031.SZ,000031,20251209,93136680,2637188,0,0,B,30600,200,2148842,2637186,
000031.SZ,000031,20251209,93136680,2637189,0,0,B,30600,300,2149623,2637186,
000031.SZ,000031,20251209,93136680,2637190,0,0,B,30600,300,2149883,2637186,
000031.SZ,000031,20251209,93136680,2637191,0,0,B,30600,1800,2150488,2637186,
000031.SZ,000031,20251209,93136680,2637192,0,0,B,30600,2800,2153664,2637186,
000031.SZ,000031,20251209,93136680,2637193,0,0,B,30600,800,2167647,2637186,
000031.SZ,000031,20251209,93136680,2637194,0,0,B,30600,1700,2199274,2637186,
000031.SZ,000031,20251209,93136680,2637195,0,0,B,30600,1900,2241734,2637186,
000031.SZ,000031,20251209,93136680,2637197,0,0,B,30600,700,2241734,2637196,
000031.SZ,000031,20251209,93136680,2637198,0,0,B,30600,1300,2242998,2637196,
000031.SZ,000031,20251209,93136690,2637384,0,0,B,30600,500,2242998,2637383,
000031.SZ,000031,20251209,93136690,2637385,0,0,B,30600,1800,2243020,2637383,
000031.SZ,000031,20251209,93136690,2637386,0,0,B,30600,2700,2243424,2637383,
000031.SZ,000031,20251209,93136690,2637387,0,0,B,30600,2600,2247622,2637383,
000031.SZ,000031,20251209,93136690,2637388,0,0,B,30600,2500,2247672,2637383,
000031.SZ,000031,20251209,93136690,2637389,0,0,B,30600,200,2274874,2637383,
000031.SZ,000031,20251209,93136690,2637390,0,0,B,30600,300,2286529,2637383,
000031.SZ,000031,20251209,93136690,2637391,0,0,B,30600,100,2332491,2637383,
000031.SZ,000031,20251209,93136690,2637392,0,0,B,30600,100,2360980,2637383,
000031.SZ,000031,20251209,93136690,2637393,0,0,B,30600,600,2450330,2637383,
000031.SZ,000031,20251209,93136690,2637394,0,0,B,30600,2100,2450333,2637383,
000031.SZ,000031,20251209,93136710,2637517,0,0,B,30600,600,2450333,2637516,
000031.SZ,000031,20251209,93136710,2637518,0,0,B,30600,2900,2482927,2637516,
000031.SZ,000031,20251209,93136710,2637519,0,0,B,30600,200,2492076,2637516,
000031.SZ,000031,20251209,93136710,2637520,0,0,B,30600,1600,2573218,2637516,
000031.SZ,000031,20251209,93136710,2637521,0,0,B,30600,100,2584719,2637516,
000031.SZ,000031,20251209,93136710,2637522,0,0,B,30600,2200,2594961,2637516,
000031.SZ,000031,20251209,93136830,2638911,0,0,S,30500,700,2638910,1554884,
000031.SZ,000031,20251209,93136830,2638912,0,0,S,30500,100,2638910,1592832,
000031.SZ,000031,20251209,93137540,2648644,C,0, ,0,600,0,2450331,
000031.SZ,000031,20251209,93137540,2648645,C,0, ,0,2700,0,2450332,
000031.SZ,000031,20251209,93138130,2655912,0,0,B,30600,100,2648781,2655911,
000031.SZ,000031,20251209,93138130,2655913,0,0,B,30600,3300,2655802,2655911,
000031.SZ,000031,20251209,93139480,2671056,0,0,S,30600,100,2671055,2670937,
000031.SZ,000031,20251209,93139990,2677766,0,0,B,30700,600,993649,2677765,
000031.SZ,000031,20251209,93139990,2677767,0,0,B,30700,800,1052998,2677765,
000031.SZ,000031,20251209,93139990,2677773,0,0,S,30600,100,2677772,2677547,
000031.SZ,000031,20251209,93140140,2679867,0,0,S,30600,1400,2679866,2679578,
000031.SZ,000031,20251209,93142300,2708831,0,0,S,30600,200,2708830,2679578,
000031.SZ,000031,20251209,93142300,2708833,0,0,S,30600,200,2708832,2679578,
000031.SZ,000031,20251209,93142340,2709511,C,0, ,0,200,0,2688894,
000031.SZ,000031,20251209,93142360,2709984,C,0, ,0,100,0,2028690,
000031.SZ,000031,20251209,93142470,2712213,C,0, ,0,100,0,2104647,
000031.SZ,000031,20251209,93142470,2712214,C,0, ,0,800,0,2213704,
000031.SZ,000031,20251209,93142470,2712225,C,0, ,0,100,0,2104509,
000031.SZ,000031,20251209,93142470,2712249,C,0, ,0,200,0,2104531,
000031.SZ,000031,20251209,93142470,2712250,C,0, ,0,500,0,2104539,
000031.SZ,000031,20251209,93142700,2715249,C,0, ,0,100,0,2045968,
000031.SZ,000031,20251209,93143020,2719730,C,0, ,0,100,0,2023737,
000031.SZ,000031,20251209,93143050,2720142,C,0, ,0,1000,0,2008505,
000031.SZ,000031,20251209,93143060,2720390,C,0, ,0,300,0,2023874,
000031.SZ,000031,20251209,93143290,2723979,C,0, ,0,100,0,2027671,
000031.SZ,000031,20251209,93143290,2723998,C,0, ,0,100,0,2027668,
000031.SZ,000031,20251209,93144430,2740644,C,0, ,0,10100,0,1182945,
000031.SZ,000031,20251209,93146840,2775529,0,0,S,30600,300,2775528,2679578,
000031.SZ,000031,20251209,93146840,2775530,0,0,S,30600,300,2775528,2709506,
000031.SZ,000031,20251209,93146840,2775531,0,0,S,30600,100,2775528,2710042,
000031.SZ,000031,20251209,93146840,2775532,0,0,S,30600,700,2775528,2710663,
000031.SZ,000031,20251209,93146840,2775533,0,0,S,30600,100,2775528,2710675,
000031.SZ,000031,20251209,93146840,2775534,0,0,S,30600,100,2775528,2710771,
000031.SZ,000031,20251209,93146840,2775535,0,0,S,30600,300,2775528,2711728,
000031.SZ,000031,20251209,93146840,2775536,0,0,S,30600,200,2775528,2712145,
000031.SZ,000031,20251209,93146840,2775537,0,0,S,30600,100,2775528,2712149,
000031.SZ,000031,20251209,93146840,2775538,0,0,S,30600,100,2775528,2712153,
000031.SZ,000031,20251209,93146840,2775539,0,0,S,30600,100,2775528,2712165,
000031.SZ,000031,20251209,93146840,2775540,0,0,S,30600,200,2775528,2712167,
000031.SZ,000031,20251209,93146840,2775541,0,0,S,30600,100,2775528,2714300,
000031.SZ,000031,20251209,93146840,2775542,0,0,S,30600,100,2775528,2714301,
000031.SZ,000031,20251209,93146840,2775543,0,0,S,30600,200,2775528,2714949,
000031.SZ,000031,20251209,93146840,2775544,0,0,S,30600,200,2775528,2718759,
000031.SZ,000031,20251209,93146840,2775545,0,0,S,30600,200,2775528,2718762,
000031.SZ,000031,20251209,93146840,2775546,0,0,S,30600,800,2775528,2718763,
000031.SZ,000031,20251209,93146840,2775547,0,0,S,30600,800,2775528,2718803,
000031.SZ,000031,20251209,93146850,2775664,0,0,S,30600,300,2775663,2718803,
000031.SZ,000031,20251209,93146850,2775665,0,0,S,30600,800,2775663,2718812,
000031.SZ,000031,20251209,93146850,2775666,0,0,S,30600,2200,2775663,2718828,
000031.SZ,000031,20251209,93146850,2775667,0,0,S,30600,2100,2775663,2722938,
000031.SZ,000031,20251209,93146850,2775668,0,0,S,30600,800,2775663,2723184,
000031.SZ,000031,20251209,93146850,2775669,0,0,S,30600,100,2775663,2723198,
000031.SZ,000031,20251209,93146850,2775670,0,0,S,30600,300,2775663,2723338,
000031.SZ,000031,20251209,93146850,2775671,0,0,S,30600,100,2775663,2723539,
000031.SZ,000031,20251209,93146850,2775672,0,0,S,30600,700,2775663,2723769,
000031.SZ,000031,20251209,93146850,2775673,0,0,S,30600,500,2775663,2723770,
000031.SZ,000031,20251209,93146850,2775674,0,0,S,30600,200,2775663,2751714,
000031.SZ,000031,20251209,93146950,2776927,0,0,B,30600,9100,2776379,2776926,
000031.SZ,000031,20251209,93147290,2781399,C,0, ,0,14100,0,2410248,
000031.SZ,000031,20251209,93148290,2792750,0,0,S,30600,300,2792749,2776926,
000031.SZ,000031,20251209,93148290,2792753,0,0,S,30600,300,2792752,2776926,
000031.SZ,000031,20251209,93148290,2792755,0,0,S,30600,600,2792754,2776926,
000031.SZ,000031,20251209,93148290,2792763,0,0,S,30600,100,2792762,2776926,
000031.SZ,000031,20251209,93149210,2805107,0,0,B,30700,700,1052998,2805106,
000031.SZ,000031,20251209,93149990,2815958,C,0, ,0,2800,0,2677748,
000031.SZ,000031,20251209,93150020,2816427,C,0, ,0,1500,0,2678273,
000031.SZ,000031,20251209,93150280,2819738,C,0, ,0,2100,0,2668499,
000031.SZ,000031,20251209,93150460,2821525,C,0, ,0,8000,0,2670870,
000031.SZ,000031,20251209,93151290,2830397,C,0, ,0,100,0,1967538,
000031.SZ,000031,20251209,93159050,2924990,0,0,S,30600,4800,2924989,2776926,
000031.SZ,000031,20251209,93200040,2935428,C,0, ,0,100,0,2555689,
000031.SZ,000031,20251209,93200060,2935702,0,0,B,30700,100,1052998,2935701,
000031.SZ,000031,20251209,93200070,2936015,C,0, ,0,4100,2093582,0,
000031.SZ,000031,20251209,93200230,2938223,0,0,B,30700,200,1052998,2938222,
000031.SZ,000031,20251209,93200410,2940927,0,0,B,30700,100,1052998,2940926,
000031.SZ,000031,20251209,93200750,2947871,C,0, ,0,100,0,2662017,
000031.SZ,000031,20251209,93202120,2967044,C,0, ,0,9900,0,2932798,
000031.SZ,000031,20251209,93203180,2979522,C,0, ,0,2400,0,2937012,
000031.SZ,000031,20251209,93203180,2979523,C,0, ,0,1300,0,2937033,
000031.SZ,000031,20251209,93203180,2979524,C,0, ,0,1700,0,2937019,
000031.SZ,000031,20251209,93203180,2979525,C,0, ,0,1600,0,2937011,
000031.SZ,000031,20251209,93203180,2979526,C,0, ,0,2300,0,2937015,
000031.SZ,000031,20251209,93203180,2979527,C,0, ,0,100,0,2937014,
000031.SZ,000031,20251209,93203180,2979528,C,0, ,0,300,0,2937013,
000031.SZ,000031,20251209,93203180,2979529,C,0, ,0,4100,0,2937016,
000031.SZ,000031,20251209,93203180,2979530,C,0, ,0,2500,0,2937023,
000031.SZ,000031,20251209,93203180,2979531,C,0, ,0,1000,0,2937017,
000031.SZ,000031,20251209,93203180,2979532,C,0, ,0,2700,0,2937021,
000031.SZ,000031,20251209,93203180,2979533,C,0, ,0,1100,0,2937018,
000031.SZ,000031,20251209,93203180,2979534,C,0, ,0,3800,0,2937026,
000031.SZ,000031,20251209,93203180,2979535,C,0, ,0,1400,0,2937037,
000031.SZ,000031,20251209,93203180,2979536,C,0, ,0,3900,0,2937022,
000031.SZ,000031,20251209,93203180,2979537,C,0, ,0,600,0,2937024,
000031.SZ,000031,20251209,93203180,2979539,C,0, ,0,3200,0,2937028,
000031.SZ,000031,20251209,93203180,2979540,C,0, ,0,2200,0,2937061,
000031.SZ,000031,20251209,93203180,2979542,C,0, ,0,1500,0,2937031,
000031.SZ,000031,20251209,93203180,2979543,C,0, ,0,900,0,2937030,
000031.SZ,000031,20251209,93203180,2979544,C,0, ,0,2600,0,2937034,
000031.SZ,000031,20251209,93203180,2979545,C,0, ,0,800,0,2937043,
000031.SZ,000031,20251209,93203180,2979548,C,0, ,0,200,0,2937032,
000031.SZ,000031,20251209,93203180,2979550,C,0, ,0,400,0,2937029,
000031.SZ,000031,20251209,93203180,2979551,C,0, ,0,500,0,2937027,
000031.SZ,000031,20251209,93203180,2979552,C,0, ,0,3600,0,2937051,
000031.SZ,000031,20251209,93203180,2979553,C,0, ,0,700,0,2937042,
000031.SZ,000031,20251209,93203190,2979555,C,0, ,0,1200,0,2937044,
000031.SZ,000031,20251209,93203190,2979556,C,0, ,0,2000,0,2937036,
000031.SZ,000031,20251209,93203190,2979557,C,0, ,0,2800,0,2937035,
000031.SZ,000031,20251209,93203190,2979562,C,0, ,0,1900,0,2937058,
000031.SZ,000031,20251209,93203190,2979563,C,0, ,0,2100,0,2937057,
000031.SZ,000031,20251209,93203190,2979566,C,0, ,0,3500,0,2937060,
000031.SZ,000031,20251209,93203190,2979568,C,0, ,0,1800,0,2937062,
000031.SZ,000031,20251209,93203190,2979583,C,0, ,0,3000,0,2937045,
000031.SZ,000031,20251209,93203190,2979604,C,0, ,0,3100,0,2937068,
000031.SZ,000031,20251209,93203200,2979691,C,0, ,0,4000,0,2937242,
000031.SZ,000031,20251209,93203220,2979937,C,0, ,0,3700,0,2937404,
000031.SZ,000031,20251209,93203950,2989897,C,0, ,0,2200,383035,0,
000031.SZ,000031,20251209,93206150,3017337,0,0,S,30600,200,3017336,2776926,
000031.SZ,000031,20251209,93206440,3021428,C,0, ,0,3200,1443245,0,
000031.SZ,000031,20251209,93207540,3035444,0,0,S,30600,100,3035443,2776926,
000031.SZ,000031,20251209,93207550,3035504,0,0,S,30600,200,3035503,2776926,
000031.SZ,000031,20251209,93207550,3035512,0,0,S,30600,300,3035511,2776926,
000031.SZ,000031,20251209,93207560,3035740,0,0,S,30600,300,3035739,2776926,
000031.SZ,000031,20251209,93207590,3036138,0,0,S,30600,1400,3036137,2776926,
000031.SZ,000031,20251209,93207610,3036379,0,0,S,30600,400,3036378,2776926,
000031.SZ,000031,20251209,93207610,3036383,0,0,S,30600,100,3036382,2776926,
000031.SZ,000031,20251209,93207620,3036497,0,0,S,30600,21,3036496,2776926,
000031.SZ,000031,20251209,93207650,3036818,0,0,S,30600,200,3036817,2776926,
000031.SZ,000031,20251209,93209150,3053794,0,0,S,30600,300,3053793,2776926,
000031.SZ,000031,20251209,93209150,3053796,0,0,S,30600,200,3053795,2776926,
000031.SZ,000031,20251209,93209150,3053798,0,0,S,30600,400,3053797,2776926,
000031.SZ,000031,20251209,93209150,3053815,0,0,S,30600,400,3053814,2776926,
000031.SZ,000031,20251209,93209150,3053817,0,0,S,30600,200,3053816,2776926,
000031.SZ,000031,20251209,93209150,3053819,0,0,S,30600,79,3053818,2776926,
000031.SZ,000031,20251209,93209150,3053820,0,0,S,30600,121,3053818,2777046,
000031.SZ,000031,20251209,93209150,3053822,0,0,S,30600,200,3053821,2777046,
000031.SZ,000031,20251209,93209150,3053832,0,0,S,30600,600,3053831,2777046,
000031.SZ,000031,20251209,93209150,3053834,0,0,S,30600,2379,3053833,2777046,
000031.SZ,000031,20251209,93209150,3053835,0,0,S,30600,300,3053833,2841264,
000031.SZ,000031,20251209,93209150,3053836,0,0,S,30600,621,3053833,2850434,
000031.SZ,000031,20251209,93209150,3053840,0,0,S,30600,100,3053839,2850434,
000031.SZ,000031,20251209,93209160,3053920,0,0,S,30600,900,3053919,2850434,
000031.SZ,000031,20251209,93209160,3053958,0,0,S,30600,1700,3053957,2850434,
000031.SZ,000031,20251209,93209280,3055198,0,0,S,30600,579,3055197,2850434,
000031.SZ,000031,20251209,93209280,3055199,0,0,S,30600,100,3055197,2866958,
000031.SZ,000031,20251209,93209280,3055200,0,0,S,30600,800,3055197,2881440,
000031.SZ,000031,20251209,93209280,3055201,0,0,S,30600,21,3055197,2899976,
000031.SZ,000031,20251209,93209370,3056193,0,0,S,30600,279,3056192,2899976,
000031.SZ,000031,20251209,93209370,3056194,0,0,S,30600,1221,3056192,2932726,
000031.SZ,000031,20251209,93209450,3057063,0,0,S,30600,1600,3057062,2932726,
000031.SZ,000031,20251209,93209540,3058252,0,0,S,30600,1600,3058251,2932726,
000031.SZ,000031,20251209,93209550,3058473,0,0,S,30600,200,3058472,2932726,
000031.SZ,000031,20251209,93209550,3058476,0,0,S,30600,300,3058475,2932726,
000031.SZ,000031,20251209,93209550,3058480,0,0,S,30600,100,3058479,2932726,
000031.SZ,000031,20251209,93209600,3059299,0,0,S,30600,1600,3059298,2932726,
000031.SZ,000031,20251209,93209660,3060234,0,0,S,30600,1600,3060233,2932726,
000031.SZ,000031,20251209,93209840,3062039,0,0,S,30600,1600,3062038,2932726,
000031.SZ,000031,20251209,93209840,3062138,0,0,S,30600,10179,3062137,2932726,
000031.SZ,000031,20251209,93209840,3062139,0,0,S,30600,1200,3062137,2950184,
000031.SZ,000031,20251209,93209840,3062140,0,0,S,30600,1921,3062137,2964205,
000031.SZ,000031,20251209,93209850,3062199,0,0,S,30600,79,3062198,2964205,
000031.SZ,000031,20251209,93209850,3062200,0,0,S,30600,400,3062198,3023337,
000031.SZ,000031,20251209,93209880,3062560,C,0, ,0,600,1160115,0,
000031.SZ,000031,20251209,93209940,3063129,0,0,B,30600,21,3062198,3063128,
000031.SZ,000031,20251209,93209940,3063130,0,0,B,30600,279,3062206,3063128,
000031.SZ,000031,20251209,93209940,3063165,0,0,B,30600,121,3062206,3063164,
000031.SZ,000031,20251209,93209940,3063166,0,0,B,30600,400,3062225,3063164,
000031.SZ,000031,20251209,93209940,3063167,0,0,B,30600,400,3062229,3063164,
000031.SZ,000031,20251209,93209940,3063168,0,0,B,30600,500,3062231,3063164,
000031.SZ,000031,20251209,93209940,3063169,0,0,B,30600,79,3062391,3063164,
000031.SZ,000031,20251209,93211140,3078062,0,0,B,30600,300,3062391,3078061,
000031.SZ,000031,20251209,93211240,3079247,C,0, ,0,1400,3036748,0,
000031.SZ,000031,20251209,93212150,3088695,0,0,B,30600,300,3062391,3088694,
000031.SZ,000031,20251209,93212180,3089038,C,0, ,0,100,2722376,0,
000031.SZ,000031,20251209,93212460,3092881,C,0, ,0,700,2726605,0,
000031.SZ,000031,20251209,93212460,3092883,C,0, ,0,200,2726599,0,
000031.SZ,000031,20251209,93212460,3092909,C,0, ,0,800,2726608,0,
000031.SZ,000031,20251209,93213020,3101769,C,0, ,0,100,2924765,0,
000031.SZ,000031,20251209,93214230,3123189,0,0,B,30600,1700,3062391,3123188,
000031.SZ,000031,20251209,93214690,3130217,0,0,S,30500,200,3130216,1592832,
000031.SZ,000031,20251209,93214690,3130218,0,0,S,30500,1300,3130216,1607837,
000031.SZ,000031,20251209,93230060,3328546,0,0,B,30600,321,3062391,3328545,
000031.SZ,000031,20251209,93230060,3328547,0,0,B,30600,2879,3062908,3328545,
000031.SZ,000031,20251209,93230060,3328660,C,0, ,0,10000,3130327,0,
000031.SZ,000031,20251209,93231760,3350817,0,0,B,30600,200,3062908,3350816,
000031.SZ,000031,20251209,93233150,3366284,0,0,S,30500,1000,3366283,1607837,
000031.SZ,000031,20251209,93234240,3380283,C,0, ,0,1000,0,108230,
000031.SZ,000031,20251209,93237710,3422724,C,0, ,0,1100,416452,0,
000031.SZ,000031,20251209,93237800,3423829,C,0, ,0,16500,2169837,0,
000031.SZ,000031,20251209,93238890,3434940,C,0, ,0,100,0,2567042,
000031.SZ,000031,20251209,93239890,3447095,0,0,B,30600,100,3062908,3447094,
000031.SZ,000031,20251209,93245060,3504151,0,0,B,30600,100,3062908,3504150,
000031.SZ,000031,20251209,93245070,3504271,0,0,B,30600,521,3062908,3504270,
000031.SZ,000031,20251209,93245070,3504272,0,0,B,30600,100,3063011,3504270,
000031.SZ,000031,20251209,93245070,3504273,0,0,B,30600,500,3063103,3504270,
000031.SZ,000031,20251209,93245070,3504274,0,0,B,30600,100,3063299,3504270,
000031.SZ,000031,20251209,93245070,3504275,0,0,B,30600,100,3063303,3504270,
000031.SZ,000031,20251209,93245070,3504276,0,0,B,30600,2079,3064895,3504270,
000031.SZ,000031,20251209,93245960,3514595,0,0,B,30600,200,3064895,3514594,
000031.SZ,000031,20251209,93254980,3608681,0,0,S,30500,1300,3608680,1607837,
000031.SZ,000031,20251209,93300450,3666563,0,0,B,30600,100,3064895,3666562,
000031.SZ,000031,20251209,93304830,3718811,0,0,S,30500,100,3718810,1607837,
000031.SZ,000031,20251209,93304830,3718812,0,0,S,30500,1000,3718810,1714380,
000031.SZ,000031,20251209,93304850,3718970,0,0,S,30500,2400,3718969,1714380,
000031.SZ,000031,20251209,93304850,3718971,0,0,S,30500,500,3718969,1731518,
000031.SZ,000031,20251209,93304860,3719008,0,0,S,30500,400,3719007,1731518,
000031.SZ,000031,20251209,93307030,3744626,0,0,B,30600,121,3064895,3744625,
000031.SZ,000031,20251209,93307030,3744627,0,0,B,30600,2100,3064956,3744625,
000031.SZ,000031,20251209,93307030,3744628,0,0,B,30600,1279,3096921,3744625,
000031.SZ,000031,20251209,93307040,3744772,0,0,S,30500,200,3744771,1731518,
000031.SZ,000031,20251209,93307900,3754764,0,0,B,30600,200,3096921,3754763,
000031.SZ,000031,20251209,93311510,3794087,0,0,B,30600,200,3096921,3794086,
000031.SZ,000031,20251209,93312820,3806761,0,0,B,30600,1821,3096921,3806760,
000031.SZ,000031,20251209,93312820,3806762,0,0,B,30600,1579,3099945,3806760,
000031.SZ,000031,20251209,93315020,3829030,0,0,B,30600,200,3099945,3829029,
000031.SZ,000031,20251209,93315030,3829169,0,0,S,30500,1500,3829168,1731518,
000031.SZ,000031,20251209,93317270,3852629,0,0,B,30600,200,3099945,3852628,
000031.SZ,000031,20251209,93320920,3888319,0,0,B,30600,421,3099945,3888318,
000031.SZ,000031,20251209,93320920,3888320,0,0,B,30600,1179,3100760,3888318,
000031.SZ,000031,20251209,93323500,3913061,0,0,S,30500,700,3913060,1731518,
000031.SZ,000031,20251209,93326810,3945376,0,0,B,30600,921,3100760,3945375,
000031.SZ,000031,20251209,93326810,3945377,0,0,B,30600,100,3101143,3945375,
000031.SZ,000031,20251209,93326810,3945378,0,0,B,30600,2279,3104969,3945375,
000031.SZ,000031,20251209,93327490,3951810,C,0, ,0,1600,0,2506855,
000031.SZ,000031,20251209,93328370,3961486,C,0, ,0,3200,0,3625800,
000031.SZ,000031,20251209,93328610,3963813,0,0,S,30500,2200,3963812,1731518,
000031.SZ,000031,20251209,93330040,3976137,C,0, ,0,100,0,3328393,
000031.SZ,000031,20251209,93330210,3977743,0,0,B,30600,200,3104969,3977742,
000031.SZ,000031,20251209,93332910,4003589,C,0, ,0,200,1473005,0,
000031.SZ,000031,20251209,93334610,4020138,C,0, ,0,3500,0,2499186,
000031.SZ,000031,20251209,93347520,4149151,C,0, ,0,9600,3385090,0,
000031.SZ,000031,20251209,93348970,4164269,0,0,S,30500,200,4164268,1731518,
000031.SZ,000031,20251209,93352790,4202624,C,0, ,0,3800,0,3648964,
000031.SZ,000031,20251209,93355380,4227833,0,0,B,30600,200,3104969,4227832,
000031.SZ,000031,20251209,93355700,4230903,0,0,B,30600,21,3104969,4230902,
000031.SZ,000031,20251209,93355700,4230904,0,0,B,30600,1700,3107165,4230902,
000031.SZ,000031,20251209,93355700,4230905,0,0,B,30600,1679,3109048,4230902,
000031.SZ,000031,20251209,93400040,4270461,0,0,B,30600,21,3109048,4270460,
000031.SZ,000031,20251209,93400040,4270462,0,0,B,30600,79,3112582,4270460,
000031.SZ,000031,20251209,93400060,4270698,0,0,B,30600,100,3112582,4270697,
000031.SZ,000031,20251209,93401150,4284720,0,0,B,30600,1900,3112582,4284719,
000031.SZ,000031,20251209,93401570,4289477,0,0,B,30600,600,3112582,4289476,
000031.SZ,000031,20251209,93403020,4303020,0,0,S,30500,100,4303019,1731518,
000031.SZ,000031,20251209,93403020,4303022,0,0,S,30500,1200,4303021,1731518,
000031.SZ,000031,20251209,93403200,4304470,0,0,S,30500,200,4304469,1731518,
000031.SZ,000031,20251209,93403250,4304940,C,0, ,0,2400,0,4271987,
000031.SZ,000031,20251209,93403260,4304944,C,0, ,0,1000,0,4271993,
000031.SZ,000031,20251209,93403260,4304947,C,0, ,0,3000,0,4272117,
000031.SZ,000031,20251209,93403260,4304948,C,0, ,0,4100,0,4272003,
000031.SZ,000031,20251209,93403260,4304949,C,0, ,0,300,0,4271998,
000031.SZ,000031,20251209,93403260,4304950,C,0, ,0,1700,0,4271995,
000031.SZ,000031,20251209,93403260,4304951,C,0, ,0,1600,0,4271990,
000031.SZ,000031,20251209,93403260,4304952,C,0, ,0,900,0,4272002,
000031.SZ,000031,20251209,93403260,4304953,C,0, ,0,1300,0,4272004,
000031.SZ,000031,20251209,93403260,4304954,C,0, ,0,2700,0,4272010,
000031.SZ,000031,20251209,93403260,4304955,C,0, ,0,1100,0,4271997,
000031.SZ,000031,20251209,93403260,4304956,C,0, ,0,600,0,4271992,
000031.SZ,000031,20251209,93403260,4304957,C,0, ,0,2500,0,4272006,
000031.SZ,000031,20251209,93403260,4304958,C,0, ,0,3900,0,4271991,
000031.SZ,000031,20251209,93403260,4304959,C,0, ,0,2300,0,4272000,
000031.SZ,000031,20251209,93403260,4304960,C,0, ,0,3200,0,4271996,
000031.SZ,000031,20251209,93403260,4304961,C,0, ,0,3800,0,4272009,
000031.SZ,000031,20251209,93403260,4304962,C,0, ,0,1400,0,4272008,
000031.SZ,000031,20251209,93403260,4304965,C,0, ,0,3600,0,4272022,
000031.SZ,000031,20251209,93403260,4304966,C,0, ,0,2600,0,4272007,
000031.SZ,000031,20251209,93403260,4304969,C,0, ,0,800,0,4272011,
000031.SZ,000031,20251209,93403260,4304971,C,0, ,0,500,0,4271999,
000031.SZ,000031,20251209,93403260,4304974,C,0, ,0,100,0,4272005,
000031.SZ,000031,20251209,93403260,4304976,C,0, ,0,1200,0,4272021,
000031.SZ,000031,20251209,93403260,4304977,C,0, ,0,1500,0,4272014,
000031.SZ,000031,20251209,93403260,4304978,C,0, ,0,200,0,4272012,
000031.SZ,000031,20251209,93403260,4304979,C,0, ,0,1900,0,4272015,
000031.SZ,000031,20251209,93403260,4304980,C,0, ,0,4000,0,4271994,
000031.SZ,000031,20251209,93403260,4304981,C,0, ,0,400,0,4272001,
000031.SZ,000031,20251209,93403260,4304986,C,0, ,0,700,0,4272027,
000031.SZ,000031,20251209,93403260,4305006,C,0, ,0,3100,0,4272013,
000031.SZ,000031,20251209,93403260,4305186,C,0, ,0,2200,0,4272046,
000031.SZ,000031,20251209,93403270,4305203,C,0, ,0,2000,0,4272016,
000031.SZ,000031,20251209,93403270,4305205,C,0, ,0,2800,0,4272020,
000031.SZ,000031,20251209,93403270,4305207,C,0, ,0,2100,0,4272019,
000031.SZ,000031,20251209,93403270,4305208,C,0, ,0,1800,0,4272024,
000031.SZ,000031,20251209,93403270,4305215,C,0, ,0,3500,0,4272025,
000031.SZ,000031,20251209,93403280,4305351,C,0, ,0,3700,0,4272299,
000031.SZ,000031,20251209,93404130,4314567,0,0,S,30500,600,4314566,1731518,
000031.SZ,000031,20251209,93404140,4314625,0,0,S,30500,1600,4314624,1731518,
000031.SZ,000031,20251209,93404210,4315339,0,0,S,30500,200,4315338,1731518,
000031.SZ,000031,20251209,93406250,4334898,0,0,B,30600,21,3112582,4334897,
000031.SZ,000031,20251209,93406250,4334899,0,0,B,30600,100,3123387,4334897,
000031.SZ,000031,20251209,93406250,4334900,0,0,B,30600,100,3137189,4334897,
000031.SZ,000031,20251209,93406250,4334901,0,0,B,30600,179,3148578,4334897,
000031.SZ,000031,20251209,93406270,4335314,0,0,S,30500,100,4335313,1731518,
000031.SZ,000031,20251209,93406310,4335756,0,0,S,30500,100,4335755,1731518,
000031.SZ,000031,20251209,93406830,4340785,C,0, ,0,94300,90648,0,
000031.SZ,000031,20251209,93411420,4384364,0,0,S,30500,300,4384363,1731518,
000031.SZ,000031,20251209,93414580,4413639,0,0,S,30500,200,4413638,1731518,
000031.SZ,000031,20251209,93418390,4448747,C,0, ,0,200,0,1748080,
000031.SZ,000031,20251209,93419680,4461196,0,0,S,30500,100,4461195,1731518,
000031.SZ,000031,20251209,93420700,4470139,0,0,S,30500,1600,4470138,1731518,
000031.SZ,000031,20251209,93422050,4482973,0,0,B,30600,500,3148578,4482972,
000031.SZ,000031,20251209,93430560,4557687,C,0, ,0,200,1242142,0,
000031.SZ,000031,20251209,93430630,4558247,C,0, ,0,1300,1308024,0,
000031.SZ,000031,20251209,93430650,4558467,C,0, ,0,3300,1309486,0,
000031.SZ,000031,20251209,93430730,4559231,C,0, ,0,1000,1327594,0,
000031.SZ,000031,20251209,93431000,4561769,C,0, ,0,100,1114468,0,
000031.SZ,000031,20251209,93431730,4569285,C,0, ,0,100,1165789,0,
000031.SZ,000031,20251209,93431930,4570927,0,0,S,30500,100,4570926,1731518,
000031.SZ,000031,20251209,93432550,4575993,C,0, ,0,500,0,3771253,
000031.SZ,000031,20251209,93432750,4577479,0,0,B,30600,500,3148578,4577478,
000031.SZ,000031,20251209,93433370,4582640,C,0, ,0,200,0,2028774,
000031.SZ,000031,20251209,93433540,4584260,C,0, ,0,100,0,2031212,
000031.SZ,000031,20251209,93433540,4584263,C,0, ,0,300,0,2031204,
000031.SZ,000031,20251209,93434370,4592642,0,0,B,30600,200,3148578,4592641,
000031.SZ,000031,20251209,93434470,4593660,0,0,B,30600,421,3148578,4593659,
000031.SZ,000031,20251209,93434470,4593661,0,0,B,30600,2300,3149208,4593659,
000031.SZ,000031,20251209,93434470,4593662,0,0,B,30600,100,3149273,4593659,
000031.SZ,000031,20251209,93434470,4593663,0,0,B,30600,1800,3152089,4593659,
000031.SZ,000031,20251209,93434470,4593664,0,0,B,30600,79,3153004,4593659,
000031.SZ,000031,20251209,93434540,4594336,0,0,B,30600,300,3153004,4594335,
000031.SZ,000031,20251209,93434540,4594346,0,0,B,30600,100,3153004,4594345,
000031.SZ,000031,20251209,93434940,4597390,C,0, ,0,100,0,2022467,
000031.SZ,000031,20251209,93434960,4597579,C,0, ,0,100,0,2022982,
000031.SZ,000031,20251209,93435510,4601900,C,0, ,0,100,0,3886679,
000031.SZ,000031,20251209,93435560,4602256,C,0, ,0,200,0,3528193,
000031.SZ,000031,20251209,93435760,4603600,0,0,B,30600,121,3153004,4603599,
000031.SZ,000031,20251209,93435760,4603601,0,0,B,30600,79,3161487,4603599,
000031.SZ,000031,20251209,93435940,4604750,0,0,B,30600,21,3161487,4604749,
000031.SZ,000031,20251209,93435940,4604751,0,0,B,30600,79,3165658,4604749,
000031.SZ,000031,20251209,93435960,4604938,0,0,B,30600,21,3165658,4604937,
000031.SZ,000031,20251209,93435960,4604939,0,0,B,30600,79,3185367,4604937,
000031.SZ,000031,20251209,93437520,4619275,0,0,B,30600,100,3185367,4619274,
000031.SZ,000031,20251209,93440000,4639005,0,0,B,30600,400,3185367,4639004,
000031.SZ,000031,20251209,93440820,4646577,C,0, ,0,600,1052998,0,
000031.SZ,000031,20251209,93441770,4654044,0,0,B,30600,921,3185367,4654043,
000031.SZ,000031,20251209,93441770,4654045,0,0,B,30600,1500,3185371,4654043,
000031.SZ,000031,20251209,93441770,4654046,0,0,B,30600,1079,3189292,4654043,
000031.SZ,000031,20251209,93441810,4654373,0,0,S,30500,600,4654372,1731518,
000031.SZ,000031,20251209,93443580,4669876,C,0, ,0,5600,4568329,0,
000031.SZ,000031,20251209,93444050,4673856,C,0, ,0,900,0,4384110,
000031.SZ,000031,20251209,93444250,4675551,0,0,B,30600,200,3189292,4675550,
000031.SZ,000031,20251209,93444560,4678161,C,0, ,0,200,4567494,0,
000031.SZ,000031,20251209,93444570,4678227,0,0,S,30500,5600,4678226,1731518,
000031.SZ,000031,20251209,93445000,4681517,C,0, ,0,100,4571512,0,
000031.SZ,000031,20251209,93445560,4686697,0,0,S,30500,200,4686696,1731518,
000031.SZ,000031,20251209,93446000,4690681,0,0,S,30500,100,4690680,1731518,
000031.SZ,000031,20251209,93446010,4690798,0,0,S,30500,200,4690797,1731518,
000031.SZ,000031,20251209,93446880,4698388,C,0, ,0,5400,14973,0,
000031.SZ,000031,20251209,93447650,4704548,0,0,B,30600,200,3189292,4704547,
000031.SZ,000031,20251209,93449040,4716203,0,0,B,30600,100,3189292,4716202,
000031.SZ,000031,20251209,93454940,4767357,0,0,B,30600,300,3189292,4767356,
000031.SZ,000031,20251209,93454950,4767428,C,0, ,0,100,4678267,0,
000031.SZ,000031,20251209,93454950,4767431,C,0, ,0,8700,4690882,0,
000031.SZ,000031,20251209,93455230,4769751,C,0, ,0,100,3054126,0,
000031.SZ,000031,20251209,93455240,4769833,C,0, ,0,500,4130297,0,
000031.SZ,000031,20251209,93500240,4816121,C,0, ,0,100,3829131,0,
000031.SZ,000031,20251209,93501380,4832209,0,0,S,30500,1200,4832208,1731518,
000031.SZ,000031,20251209,93501380,4832210,0,0,S,30500,3100,4832208,1740425,
000031.SZ,000031,20251209,93501380,4832211,0,0,S,30500,1100,4832208,1828721,
000031.SZ,000031,20251209,93501660,4835542,0,0,B,30600,1000,3189292,4835541,
000031.SZ,000031,20251209,93502730,4846080,0,0,B,30600,300,3189292,4846079,
000031.SZ,000031,20251209,93502830,4846864,0,0,S,30500,1300,4846863,1828721,
000031.SZ,000031,20251209,93502920,4847631,0,0,B,30600,321,3189292,4847630,
000031.SZ,000031,20251209,93502920,4847632,0,0,B,30600,5000,3190446,4847630,
000031.SZ,000031,20251209,93502920,4847633,0,0,B,30600,1700,3191442,4847630,
000031.SZ,000031,20251209,93502920,4847634,0,0,B,30600,6900,3191461,4847630,
000031.SZ,000031,20251209,93502920,4847635,0,0,B,30600,1800,3191787,4847630,
000031.SZ,000031,20251209,93502920,4847636,0,0,B,30600,200,3191834,4847630,
000031.SZ,000031,20251209,93502920,4847637,0,0,B,30600,2700,3192555,4847630,
000031.SZ,000031,20251209,93502920,4847638,0,0,B,30600,1700,3241282,4847630,
000031.SZ,000031,20251209,93502920,4847639,0,0,B,30600,100,3287378,4847630,
000031.SZ,000031,20251209,93502920,4847640,0,0,B,30600,100,3333456,4847630,
000031.SZ,000031,20251209,93502920,4847641,0,0,B,30600,2100,3389118,4847630,
000031.SZ,000031,20251209,93502920,4847642,0,0,B,30600,100,3391000,4847630,
000031.SZ,000031,20251209,93502920,4847643,0,0,B,30600,700,3418242,4847630,
000031.SZ,000031,20251209,93502920,4847644,0,0,B,30600,7200,3482041,4847630,
000031.SZ,000031,20251209,93502920,4847645,0,0,B,30600,100,3509262,4847630,
000031.SZ,000031,20251209,93502920,4847646,0,0,B,30600,1900,3607628,4847630,
000031.SZ,000031,20251209,93502920,4847647,0,0,B,30600,500,3687233,4847630,
000031.SZ,000031,20251209,93502920,4847648,0,0,B,30600,100,3699580,4847630,
000031.SZ,000031,20251209,93502920,4847649,0,0,B,30600,100,3733610,4847630,
000031.SZ,000031,20251209,93502920,4847650,0,0,B,30600,100,3733669,4847630,
000031.SZ,000031,20251209,93502920,4847651,0,0,B,30600,100,3751803,4847630,
000031.SZ,000031,20251209,93502920,4847652,0,0,B,30600,1800,3805478,4847630,
000031.SZ,000031,20251209,93502920,4847653,0,0,B,30600,100,3829133,4847630,
000031.SZ,000031,20251209,93502920,4847654,0,0,B,30600,100,3829136,4847630,
000031.SZ,000031,20251209,93502920,4847655,0,0,B,30600,1700,3866142,4847630,
000031.SZ,000031,20251209,93502920,4847656,0,0,B,30600,1479,3867117,4847630,
000031.SZ,000031,20251209,93502930,4847719,0,0,B,30600,1121,3867117,4847718,
000031.SZ,000031,20251209,93502930,4847720,0,0,B,30600,2900,3867131,4847718,
000031.SZ,000031,20251209,93502930,4847721,0,0,B,30600,1879,3868205,4847718,
000031.SZ,000031,20251209,93502930,4847723,0,0,B,30600,621,3868205,4847722,
000031.SZ,000031,20251209,93502930,4847724,0,0,B,30600,100,3891382,4847722,
000031.SZ,000031,20251209,93502930,4847725,0,0,B,30600,800,3919864,4847722,
000031.SZ,000031,20251209,93502930,4847726,0,0,B,30600,500,3941959,4847722,
000031.SZ,000031,20251209,93502930,4847727,0,0,B,30600,2600,3997488,4847722,
000031.SZ,000031,20251209,93502930,4847728,0,0,B,30600,1800,4012972,4847722,
000031.SZ,000031,20251209,93502930,4847729,0,0,B,30600,500,4082493,4847722,
000031.SZ,000031,20251209,93502930,4847730,0,0,B,30600,200,4101982,4847722,
000031.SZ,000031,20251209,93502930,4847731,0,0,B,30600,100,4130279,4847722,
000031.SZ,000031,20251209,93502930,4847732,0,0,B,30600,1800,4152685,4847722,
000031.SZ,000031,20251209,93502930,4847733,0,0,B,30600,979,4161299,4847722,
000031.SZ,000031,20251209,93502930,4847735,0,0,B,30600,821,4161299,4847734,
000031.SZ,000031,20251209,93502930,4847736,0,0,B,30600,1700,4161300,4847734,
000031.SZ,000031,20251209,93502930,4847737,0,0,B,30600,800,4162667,4847734,
000031.SZ,000031,20251209,93502930,4847738,0,0,B,30600,179,4162794,4847734,
000031.SZ,000031,20251209,93502940,4847758,C,0, ,0,100,2983690,0,
000031.SZ,000031,20251209,93502940,4847785,0,0,B,30600,100,4162794,4847784,
000031.SZ,000031,20251209,93502940,4847800,0,0,B,30600,2221,4162794,4847799,
000031.SZ,000031,20251209,93502940,4847801,0,0,B,30600,2500,4163811,4847799,
000031.SZ,000031,20251209,93502940,4847802,0,0,B,30600,100,4186751,4847799,
000031.SZ,000031,20251209,93502940,4847803,0,0,B,30600,100,4186907,4847799,
000031.SZ,000031,20251209,93502940,4847804,0,0,B,30600,100,4274236,4847799,
000031.SZ,000031,20251209,93502940,4847805,0,0,B,30600,1800,4560727,4847799,
000031.SZ,000031,20251209,93502940,4847806,0,0,B,30600,1979,4560738,4847799,
000031.SZ,000031,20251209,93502940,4847820,0,0,B,30600,1521,4560738,4847819,
000031.SZ,000031,20251209,93502940,4847821,0,0,B,30600,6500,4572816,4847819,
000031.SZ,000031,20251209,93502940,4847822,0,0,B,30600,1579,4613209,4847819,
000031.SZ,000031,20251209,93502940,4847826,0,0,B,30600,421,4613209,4847825,
000031.SZ,000031,20251209,93502940,4847827,0,0,B,30600,200,4639020,4847825,
000031.SZ,000031,20251209,93502940,4847828,0,0,B,30600,100,4735595,4847825,
000031.SZ,000031,20251209,93502940,4847829,0,0,B,30600,3000,4757311,4847825,
000031.SZ,000031,20251209,93503060,4848933,0,0,S,30600,5000,4848932,4847825,
000031.SZ,000031,20251209,93503060,4848957,0,0,S,30600,3000,4848956,4847825,
000031.SZ,000031,20251209,93503070,4848961,C,0, ,0,10379,0,4847825,
000031.SZ,000031,20251209,93503070,4848962,C,0, ,0,22100,0,4847834,
000031.SZ,000031,20251209,93503070,4848965,C,0, ,0,2100,0,4847832,
000031.SZ,000031,20251209,93503070,4849024,C,0, ,0,22100,0,4847835,
000031.SZ,000031,20251209,93503100,4849262,0,0,S,30600,100,4849261,4848081,
000031.SZ,000031,20251209,93503150,4849787,0,0,S,30600,500,4849786,4848081,
000031.SZ,000031,20251209,93503240,4850556,0,0,S,30600,100,4850555,4848081,
000031.SZ,000031,20251209,93503240,4850712,0,0,B,30700,100,1114712,4850711,
000031.SZ,000031,20251209,93503240,4850713,0,0,B,30700,100,1120093,4850711,
000031.SZ,000031,20251209,93503240,4850714,0,0,B,30700,300,1126341,4850711,
000031.SZ,000031,20251209,93503240,4850715,0,0,B,30700,300,1126367,4850711,
000031.SZ,000031,20251209,93503240,4850716,0,0,B,30700,200,1126458,4850711,
000031.SZ,000031,20251209,93503240,4850717,0,0,B,30700,200,1126644,4850711,
000031.SZ,000031,20251209,93503240,4850718,0,0,B,30700,100,1138677,4850711,
000031.SZ,000031,20251209,93503240,4850719,0,0,B,30700,1200,1141397,4850711,
000031.SZ,000031,20251209,93503240,4850720,0,0,B,30700,500,1148988,4850711,
000031.SZ,000031,20251209,93503300,4851523,C,0, ,0,100,0,3106544,
000031.SZ,000031,20251209,93503300,4851526,C,0, ,0,100,0,3106533,
000031.SZ,000031,20251209,93503370,4852381,C,0, ,0,100,0,3107940,
000031.SZ,000031,20251209,93503480,4853288,C,0, ,0,800,0,4266090,
000031.SZ,000031,20251209,93503480,4853294,C,0, ,0,100,0,3109888,
000031.SZ,000031,20251209,93503490,4853352,C,0, ,0,200,0,4307443,
000031.SZ,000031,20251209,93503490,4853353,C,0, ,0,100,0,3109774,
000031.SZ,000031,20251209,93503490,4853356,C,0, ,0,500,0,3109780,
000031.SZ,000031,20251209,93503710,4855808,C,0, ,0,100,0,3114263,
000031.SZ,000031,20251209,93503810,4857277,0,0,S,30600,1700,4857276,4848081,
000031.SZ,000031,20251209,93503830,4857427,0,0,S,30600,300,4857426,4848081,
000031.SZ,000031,20251209,93503830,4857428,0,0,S,30600,100,4857426,4848187,
000031.SZ,000031,20251209,93503830,4857429,0,0,S,30600,300,4857426,4848301,
000031.SZ,000031,20251209,93503840,4857598,0,0,S,30600,200,4857597,4848301,
000031.SZ,000031,20251209,93504030,4859702,C,0, ,0,100,0,3101577,
000031.SZ,000031,20251209,93504050,4859974,C,0, ,0,2500,0,3101780,
000031.SZ,000031,20251209,93504080,4860376,C,0, ,0,300,0,4262138,
000031.SZ,000031,20251209,93504120,4860892,0,0,S,30600,100,4860891,4848301,
000031.SZ,000031,20251209,93504140,4861113,C,0, ,0,9400,0,4848301,
000031.SZ,000031,20251209,93504640,4868361,C,0, ,0,3200,3562710,0,
000031.SZ,000031,20251209,93504820,4870794,C,0, ,0,800,1499160,0,
000031.SZ,000031,20251209,93506190,4887947,0,0,S,30600,900,4887946,4850477,
000031.SZ,000031,20251209,93506820,4896399,C,0, ,0,3300,0,2002474,
000031.SZ,000031,20251209,93506850,4896708,0,0,S,30600,200,4896707,4850477,
000031.SZ,000031,20251209,93507760,4907967,0,0,S,30600,200,4907966,4850477,
000031.SZ,000031,20251209,93508870,4918872,C,0, ,0,1900,0,4722214,
000031.SZ,000031,20251209,93509200,4921881,C,0, ,0,900,0,4735095,
000031.SZ,000031,20251209,93510020,4932232,C,0, ,0,4000,0,1913033,
000031.SZ,000031,20251209,93510020,4932333,C,0, ,0,100,0,4690825,
000031.SZ,000031,20251209,93510940,4944375,0,0,S,30600,400,4944374,4850477,
000031.SZ,000031,20251209,93510940,4944376,0,0,S,30600,100,4944374,4852895,
000031.SZ,000031,20251209,93511390,4950027,C,0, ,0,300,0,1303585,
000031.SZ,000031,20251209,93511950,4963100,C,0, ,0,100,0,1301292,
000031.SZ,000031,20251209,93511950,4963135,C,0, ,0,600,0,1301247,
000031.SZ,000031,20251209,93511960,4963232,C,0, ,0,100,0,1301298,
000031.SZ,000031,20251209,93512270,4966539,0,0,B,30700,200,1148988,4966538,
000031.SZ,000031,20251209,93512270,4966540,C,0, ,0,300,0,4924424,
000031.SZ,000031,20251209,93515210,5005037,C,0, ,0,600,0,4965708,
000031.SZ,000031,20251209,93515220,5005039,C,0, ,0,100,0,4965913,
000031.SZ,000031,20251209,93515220,5005040,C,0, ,0,100,0,4965915,
000031.SZ,000031,20251209,93515220,5005042,0,0,S,30600,700,5005041,4852895,
000031.SZ,000031,20251209,93518180,5035672,C,0, ,0,100,1454865,0,
000031.SZ,000031,20251209,93519970,5053111,C,0, ,0,4000,0,4243676,
000031.SZ,000031,20251209,93521150,5063138,0,0,S,30600,100,5063137,4852895,
000031.SZ,000031,20251209,93523820,5087830,0,0,S,30600,800,5087829,4852895,
000031.SZ,000031,20251209,93524150,5090328,0,0,S,30600,200,5090327,4852895,
000031.SZ,000031,20251209,93529450,5139416,C,0, ,0,5000,0,1653527,
000031.SZ,000031,20251209,93530460,5147906,0,0,S,30600,200,5147905,4852895,
000031.SZ,000031,20251209,93530460,5147907,0,0,S,30600,2800,5147905,4853369,
000031.SZ,000031,20251209,93530460,5147908,0,0,S,30600,200,5147905,4860928,
000031.SZ,000031,20251209,93533460,5175930,0,0,B,30700,200,1148988,5175929,
000031.SZ,000031,20251209,93533700,5178215,0,0,S,30600,200,5178214,4860928,
000031.SZ,000031,20251209,93539660,5240959,0,0,B,30700,100,1148988,5240958,
000031.SZ,000031,20251209,93540860,5255130,0,0,S,30600,2800,5255129,4860928,
000031.SZ,000031,20251209,93540860,5255131,0,0,S,30600,1000,5255129,4883720,
000031.SZ,000031,20251209,93540860,5255132,0,0,S,30600,3700,5255129,4888803,
000031.SZ,000031,20251209,93540860,5255133,0,0,S,30600,3700,5255129,4893490,
000031.SZ,000031,20251209,93540860,5255134,0,0,S,30600,2000,5255129,4918868,
000031.SZ,000031,20251209,93540860,5255135,0,0,S,30600,1500,5255129,4922943,
000031.SZ,000031,20251209,93540860,5255136,0,0,S,30600,10000,5255129,4951948,
000031.SZ,000031,20251209,93540860,5255137,0,0,S,30600,300,5255129,4965679,
000031.SZ,000031,20251209,93540860,5255138,0,0,S,30600,200,5255129,4993537,
000031.SZ,000031,20251209,93540870,5255193,0,0,S,30600,5000,5255192,5033416,
000031.SZ,000031,20251209,93540870,5255194,0,0,S,30600,300,5255192,5070346,
000031.SZ,000031,20251209,93540870,5255195,0,0,S,30600,100,5255192,5139914,
000031.SZ,000031,20251209,93540870,5255196,0,0,S,30600,4000,5255192,5157242,
000031.SZ,000031,20251209,93540890,5255435,0,0,B,30600,100,5255238,5255434,
000031.SZ,000031,20251209,93541000,5256344,0,0,B,30600,100,5256145,5256343,
000031.SZ,000031,20251209,93542150,5267979,0,0,B,30600,100,5256145,5267978,
000031.SZ,000031,20251209,93542190,5268485,C,0, ,0,100,4861762,0,
000031.SZ,000031,20251209,93542230,5269066,0,0,B,30600,1400,5256145,5269065,
000031.SZ,000031,20251209,93542470,5271642,C,0, ,0,200,4865783,0,
000031.SZ,000031,20251209,93542470,5271646,C,0, ,0,800,4865756,0,
000031.SZ,000031,20251209,93542470,5271654,C,0, ,0,700,4865749,0,
000031.SZ,000031,20251209,93543040,5276975,C,0, ,0,100,4859969,0,
000031.SZ,000031,20251209,93548960,5332287,C,0, ,0,4300,0,4816759,
000031.SZ,000031,20251209,93553260,5378089,0,0,B,30600,4700,5256145,5378088,
000031.SZ,000031,20251209,93555930,5401665,0,0,B,30600,200,5256145,5401664,
000031.SZ,000031,20251209,93602850,5470024,0,0,S,30500,300,5470023,1828721,
000031.SZ,000031,20251209,93602950,5470729,0,0,S,30500,1200,5470728,1828721,
000031.SZ,000031,20251209,93602950,5470730,0,0,S,30500,1000,5470728,1942211,
000031.SZ,000031,20251209,93602950,5470731,0,0,S,30500,1000,5470728,1960812,
000031.SZ,000031,20251209,93602950,5470732,0,0,S,30500,2900,5470728,1968972,
000031.SZ,000031,20251209,93603230,5474235,C,0, ,0,2400,0,5437086,
000031.SZ,000031,20251209,93603230,5474236,C,0, ,0,300,0,5437089,
000031.SZ,000031,20251209,93603230,5474237,C,0, ,0,1700,0,5437091,
000031.SZ,000031,20251209,93603230,5474238,C,0, ,0,1600,0,5437064,
000031.SZ,000031,20251209,93603230,5474239,C,0, ,0,100,0,5437094,
000031.SZ,000031,20251209,93603230,5474240,C,0, ,0,3600,0,5437093,
000031.SZ,000031,20251209,93603230,5474241,C,0, ,0,2300,0,5437090,
000031.SZ,000031,20251209,93603230,5474242,C,0, ,0,2700,0,5437095,
000031.SZ,000031,20251209,93603230,5474243,C,0, ,0,2200,0,5437118,
000031.SZ,000031,20251209,93603230,5474244,C,0, ,0,600,0,5437069,
000031.SZ,000031,20251209,93603230,5474245,C,0, ,0,2500,0,5437098,
000031.SZ,000031,20251209,93603230,5474246,C,0, ,0,3900,0,5437067,
000031.SZ,000031,20251209,93603230,5474247,C,0, ,0,1100,0,5437099,
000031.SZ,000031,20251209,93603230,5474248,C,0, ,0,1400,0,5437100,
000031.SZ,000031,20251209,93603230,5474249,C,0, ,0,4100,0,5437092,
000031.SZ,000031,20251209,93603230,5474250,C,0, ,0,1300,0,5437096,
000031.SZ,000031,20251209,93603230,5474251,C,0, ,0,900,0,5437104,
000031.SZ,000031,20251209,93603230,5474252,C,0, ,0,1000,0,5437068,
000031.SZ,000031,20251209,93603230,5474254,C,0, ,0,3200,0,5437070,
000031.SZ,000031,20251209,93603230,5474255,C,0, ,0,1500,0,5437102,
000031.SZ,000031,20251209,93603230,5474256,C,0, ,0,500,0,5437097,
000031.SZ,000031,20251209,93603230,5474257,C,0, ,0,200,0,5437107,
000031.SZ,000031,20251209,93603230,5474258,C,0, ,0,2600,0,5437103,
000031.SZ,000031,20251209,93603230,5474259,C,0, ,0,3800,0,5437101,
000031.SZ,000031,20251209,93603230,5474262,C,0, ,0,800,0,5437108,
000031.SZ,000031,20251209,93603230,5474263,C,0, ,0,1200,0,5437106,
000031.SZ,000031,20251209,93603230,5474264,C,0, ,0,3100,0,5437109,
000031.SZ,000031,20251209,93603230,5474267,C,0, ,0,700,0,5437123,
000031.SZ,000031,20251209,93603230,5474284,C,0, ,0,3000,0,5437120,
000031.SZ,000031,20251209,93603230,5474289,C,0, ,0,2000,0,5437105,
000031.SZ,000031,20251209,93603230,5474292,C,0, ,0,2800,0,5437117,
000031.SZ,000031,20251209,93603230,5474293,C,0, ,0,400,0,5437072,
000031.SZ,000031,20251209,93603230,5474303,C,0, ,0,2100,0,5437112,
000031.SZ,000031,20251209,93603230,5474306,C,0, ,0,3500,0,5437113,
000031.SZ,000031,20251209,93603230,5474307,C,0, ,0,1800,0,5437115,
000031.SZ,000031,20251209,93603240,5474388,C,0, ,0,1900,0,5437114,
000031.SZ,000031,20251209,93603250,5474554,C,0, ,0,4000,0,5437317,
000031.SZ,000031,20251209,93603260,5474637,C,0, ,0,3700,0,5437478,
000031.SZ,000031,20251209,93603300,5475522,0,0,S,30500,800,5475521,1968972,
000031.SZ,000031,20251209,93603330,5475905,0,0,S,30500,700,5475904,1968972,
000031.SZ,000031,20251209,93603430,5476932,0,0,S,30500,3100,5476931,1968972,
000031.SZ,000031,20251209,93603540,5478185,0,0,S,30500,2500,5478184,1968972,
000031.SZ,000031,20251209,93603540,5478186,0,0,S,30500,5500,5478184,2007233,
000031.SZ,000031,20251209,93603550,5478267,0,0,S,30500,100,5478266,2007233,
000031.SZ,000031,20251209,93603550,5478272,0,0,S,30500,100,5478271,2007233,
000031.SZ,000031,20251209,93603550,5478274,0,0,S,30500,200,5478273,2007233,
000031.SZ,000031,20251209,93603550,5478276,0,0,S,30500,200,5478275,2007233,
000031.SZ,000031,20251209,93603550,5478278,0,0,S,30500,100,5478277,2007233,
000031.SZ,000031,20251209,93603550,5478286,0,0,S,30500,100,5478285,2007233,
000031.SZ,000031,20251209,93603550,5478289,0,0,S,30500,100,5478288,2007233,
000031.SZ,000031,20251209,93603560,5478371,0,0,S,30500,9200,5478370,2007233,
000031.SZ,000031,20251209,93603720,5480133,0,0,S,30500,600,5480132,2007233,
000031.SZ,000031,20251209,93603730,5480188,0,0,S,30500,100,5480187,2007233,
000031.SZ,000031,20251209,93604080,5483549,0,0,S,30500,500,5483548,2008778,
000031.SZ,000031,20251209,93604080,5483550,0,0,S,30500,500,5483548,2018211,
000031.SZ,000031,20251209,93604080,5483551,0,0,S,30500,100,5483548,2019285,
000031.SZ,000031,20251209,93604130,5484328,0,0,B,30600,200,5256145,5484327,
000031.SZ,000031,20251209,93606250,5506338,0,0,S,30500,100,5506337,2019285,
000031.SZ,000031,20251209,93606280,5506644,C,0, ,0,700,4863558,0,
000031.SZ,000031,20251209,93606320,5507059,0,0,B,30600,1400,5256145,5507058,
000031.SZ,000031,20251209,93607090,5515182,0,0,S,30500,1100,5515181,2019285,
000031.SZ,000031,20251209,93607090,5515183,0,0,S,30500,300,5515181,2027037,
000031.SZ,000031,20251209,93611050,5555234,0,0,B,30600,5000,5256145,5555233,
000031.SZ,000031,20251209,93612440,5569096,0,0,B,30600,200,5256145,5569095,
000031.SZ,000031,20251209,93613670,5581421,0,0,S,30500,200,5581420,2027037,
000031.SZ,000031,20251209,93616810,5613854,0,0,B,30600,500,5256145,5613853,
000031.SZ,000031,20251209,93616820,5613949,C,0, ,0,19700,5476173,0,
000031.SZ,000031,20251209,93617910,5624165,C,0, ,0,1900,0,4339197,
000031.SZ,000031,20251209,93622710,5667243,0,0,B,30600,3900,5256145,5667242,
000031.SZ,000031,20251209,93623680,5674384,0,0,S,30500,300,5674383,2027037,
000031.SZ,000031,20251209,93629010,5720585,0,0,S,30500,600,5720584,2027037,
000031.SZ,000031,20251209,93629010,5720586,0,0,S,30500,100,5720584,2027460,
000031.SZ,000031,20251209,93633120,5753117,C,0, ,0,200,0,4975023,
000031.SZ,000031,20251209,93633690,5758607,0,0,S,30500,200,5758606,2027460,
000031.SZ,000031,20251209,93639060,5801833,0,0,B,30600,100,5256145,5801832,
000031.SZ,000031,20251209,93641170,5817747,C,0, ,0,100,0,3849656,
000031.SZ,000031,20251209,93643690,5837543,0,0,S,30500,300,5837542,2027460,
000031.SZ,000031,20251209,93645850,5853696,C,0, ,0,15000,0,230259,
000031.SZ,000031,20251209,93650120,5887010,0,0,S,30500,400,5887009,2027460,
000031.SZ,000031,20251209,93650120,5887011,0,0,S,30500,1000,5887009,2027647,
000031.SZ,000031,20251209,93650120,5887012,0,0,S,30500,200,5887009,2028142,
000031.SZ,000031,20251209,93650120,5887013,0,0,S,30500,200,5887009,2028143,
000031.SZ,000031,20251209,93650120,5887014,0,0,S,30500,1700,5887009,2101465,
000031.SZ,000031,20251209,93650120,5887015,0,0,S,30500,3300,5887009,2115892,
000031.SZ,000031,20251209,93650120,5887016,0,0,S,30500,2200,5887009,2124243,
000031.SZ,000031,20251209,93653690,5914473,0,0,S,30500,200,5914472,2124243,
000031.SZ,000031,20251209,93657650,5947058,0,0,S,30500,1800,5947057,2124243,
000031.SZ,000031,20251209,93657650,5947059,0,0,S,30500,8000,5947057,2140967,
000031.SZ,000031,20251209,93657660,5947094,0,0,S,30500,12000,5947093,2140967,
000031.SZ,000031,20251209,93657660,5947095,0,0,S,30500,400,5947093,2227681,
000031.SZ,000031,20251209,93657660,5947096,0,0,S,30500,1900,5947093,2248532,
000031.SZ,000031,20251209,93657660,5947097,0,0,S,30500,6000,5947093,2252845,
000031.SZ,000031,20251209,93657660,5947098,0,0,S,30500,2600,5947093,2264602,
000031.SZ,000031,20251209,93657660,5947099,0,0,S,30500,1200,5947093,2276247,
000031.SZ,000031,20251209,93657660,5947100,0,0,S,30500,200,5947093,2281135,
000031.SZ,000031,20251209,93657660,5947101,0,0,S,30500,1300,5947093,2291650,
000031.SZ,000031,20251209,93657660,5947111,0,0,S,30500,100,5947110,2291650,
000031.SZ,000031,20251209,93657660,5947112,0,0,S,30500,1200,5947110,2291651,
000031.SZ,000031,20251209,93657660,5947113,0,0,S,30500,5800,5947110,2303540,
000031.SZ,000031,20251209,93657660,5947114,0,0,S,30500,2400,5947110,2328186,
000031.SZ,000031,20251209,93657660,5947115,0,0,S,30500,200,5947110,2335558,
000031.SZ,000031,20251209,93657660,5947116,0,0,S,30500,20000,5947110,2345738,
000031.SZ,000031,20251209,93657660,5947117,0,0,S,30500,3500,5947110,2359162,
000031.SZ,000031,20251209,93657660,5947118,0,0,S,30500,200,5947110,2367136,
000031.SZ,000031,20251209,93657660,5947119,0,0,S,30500,1900,5947110,2386005,
000031.SZ,000031,20251209,93657660,5947139,0,0,S,30500,3100,5947138,2386005,
000031.SZ,000031,20251209,93657660,5947140,0,0,S,30500,5900,5947138,2403974,
000031.SZ,000031,20251209,93657660,5947141,0,0,S,30500,200,5947138,2442082,
000031.SZ,000031,20251209,93657660,5947142,0,0,S,30500,200,5947138,2491655,
000031.SZ,000031,20251209,93657660,5947143,0,0,S,30500,1000,5947138,2519147,
000031.SZ,000031,20251209,93657660,5947144,0,0,S,30500,200,5947138,2521602,
000031.SZ,000031,20251209,93657660,5947145,0,0,S,30500,100,5947138,2562618,
000031.SZ,000031,20251209,93657660,5947146,0,0,S,30500,2100,5947138,2565210,
000031.SZ,000031,20251209,93657660,5947147,0,0,S,30500,900,5947138,2630563,
000031.SZ,000031,20251209,93657660,5947148,0,0,S,30500,200,5947138,2637255,
000031.SZ,000031,20251209,93657660,5947149,0,0,S,30500,2100,5947138,2650027,
000031.SZ,000031,20251209,93657660,5947150,0,0,S,30500,600,5947138,2650864,
000031.SZ,000031,20251209,93657660,5947151,0,0,S,30500,2700,5947138,2650865,
000031.SZ,000031,20251209,93657660,5947152,0,0,S,30500,1000,5947138,2700288,
000031.SZ,000031,20251209,93657660,5947153,0,0,S,30500,500,5947138,2798453,
000031.SZ,000031,20251209,93657660,5947154,0,0,S,30500,3800,5947138,2809413,
000031.SZ,000031,20251209,93657660,5947155,0,0,S,30500,1200,5947138,2856786,
000031.SZ,000031,20251209,93657660,5947156,0,0,S,30500,1000,5947138,2918799,
000031.SZ,000031,20251209,93657660,5947157,0,0,S,30500,1000,5947138,2962445,
000031.SZ,000031,20251209,93657660,5947158,0,0,S,30500,2000,5947138,3086744,
000031.SZ,000031,20251209,93657660,5947159,0,0,S,30500,5000,5947138,3217529,
000031.SZ,000031,20251209,93657660,5947160,0,0,S,30500,200,5947138,3316350,
000031.SZ,000031,20251209,93657660,5947202,0,0,S,30500,1200,5947201,3316350,
000031.SZ,000031,20251209,93657660,5947209,0,0,S,30500,1500,5947208,3316350,
000031.SZ,000031,20251209,93657660,5947238,0,0,S,30500,1500,5947237,3316350,
000031.SZ,000031,20251209,93657660,5947241,0,0,S,30500,1500,5947240,3316350,
000031.SZ,000031,20251209,93657660,5947253,0,0,S,30500,14100,5947252,3316350,
000031.SZ,000031,20251209,93657660,5947254,0,0,S,30500,100,5947252,3316451,
000031.SZ,000031,20251209,93657660,5947255,0,0,S,30500,800,5947252,3326156,
000031.SZ,000031,20251209,93657660,5947256,0,0,S,30500,5000,5947252,3421396,
000031.SZ,000031,20251209,93657660,5947257,0,0,S,30500,1000,5947252,3450573,
000031.SZ,000031,20251209,93657660,5947258,0,0,S,30500,1000,5947252,3451269,
000031.SZ,000031,20251209,93657660,5947259,0,0,S,30500,300,5947252,3524726,
000031.SZ,000031,20251209,93657660,5947260,0,0,S,30500,600,5947252,3601212,
000031.SZ,000031,20251209,93657660,5947261,0,0,S,30500,6800,5947252,3608041,
000031.SZ,000031,20251209,93657660,5947262,0,0,S,30500,5000,5947252,3619888,
000031.SZ,000031,20251209,93657660,5947263,0,0,S,30500,500,5947252,3740742,
000031.SZ,000031,20251209,93657660,5947264,0,0,S,30500,1300,5947252,3801821,
000031.SZ,000031,20251209,93657660,5947270,0,0,S,30500,3100,5947269,3801821,
000031.SZ,000031,20251209,93657670,5947276,0,0,S,30500,1600,5947275,3801821,
000031.SZ,000031,20251209,93657670,5947277,0,0,S,30500,20000,5947275,3870493,
000031.SZ,000031,20251209,93657670,5947278,0,0,S,30500,300,5947275,3884176,
000031.SZ,000031,20251209,93657670,5947279,0,0,S,30500,4500,5947275,3895258,
000031.SZ,000031,20251209,93657670,5947294,0,0,S,30500,500,5947293,3895258,
000031.SZ,000031,20251209,93657670,5947295,0,0,S,30500,1000,5947293,3981530,
000031.SZ,000031,20251209,93657670,5947296,0,0,S,30500,2300,5947293,3984341,
000031.SZ,000031,20251209,93657670,5947299,C,0, ,0,100,0,5597828,
000031.SZ,000031,20251209,93657670,5947302,0,0,S,30500,1100,5947301,3984341,
000031.SZ,000031,20251209,93657670,5947303,0,0,S,30500,1000,5947301,4079948,
000031.SZ,000031,20251209,93657670,5947304,0,0,S,30500,2000,5947301,4191342,
000031.SZ,000031,20251209,93657670,5947305,0,0,S,30500,1500,5947301,4193554,
000031.SZ,000031,20251209,93657670,5947307,0,0,S,30500,3500,5947306,4193554,
000031.SZ,000031,20251209,93657670,5947308,0,0,S,30500,100,5947306,4202085,
000031.SZ,000031,20251209,93657670,5947311,0,0,S,30500,1900,5947310,4202085,
000031.SZ,000031,20251209,93657670,5947312,0,0,S,30500,200,5947310,4217024,
000031.SZ,000031,20251209,93657670,5947313,0,0,S,30500,1300,5947310,4236155,
000031.SZ,000031,20251209,93657670,5947317,0,0,S,30500,200,5947316,4236155,
000031.SZ,000031,20251209,93657670,5947318,0,0,S,30500,200,5947316,4244540,
000031.SZ,000031,20251209,93657670,5947319,0,0,S,30500,1400,5947316,4270808,
000031.SZ,000031,20251209,93657670,5947320,0,0,S,30500,200,5947316,4273168,
000031.SZ,000031,20251209,93657670,5947321,0,0,S,30500,200,5947316,4306097,
000031.SZ,000031,20251209,93657670,5947322,0,0,S,30500,10000,5947316,4314235,
000031.SZ,000031,20251209,93657670,5947323,0,0,S,30500,1700,5947316,4335413,
000031.SZ,000031,20251209,93657670,5947324,0,0,S,30500,1900,5947316,4385903,
000031.SZ,000031,20251209,93657670,5947325,0,0,S,30500,900,5947316,4487805,
000031.SZ,000031,20251209,93657670,5947339,0,0,S,30500,800,5947338,4487805,
000031.SZ,000031,20251209,93657670,5947372,0,0,S,30500,8300,5947371,4487805,
000031.SZ,000031,20251209,93657670,5947373,0,0,S,30500,100,5947371,4493171,
000031.SZ,000031,20251209,93657670,5947374,0,0,S,30500,5000,5947371,4530438,
000031.SZ,000031,20251209,93657670,5947375,0,0,S,30500,300,5947371,4537767,
000031.SZ,000031,20251209,93657670,5947376,0,0,S,30500,10000,5947371,4550050,
000031.SZ,000031,20251209,93657670,5947377,0,0,S,30500,2000,5947371,4611292,
000031.SZ,000031,20251209,93657670,5947378,0,0,S,30500,5000,5947371,4665519,
000031.SZ,000031,20251209,93657670,5947379,0,0,S,30500,400,5947371,4786219,
000031.SZ,000031,20251209,93657670,5947380,0,0,S,30500,5000,5947371,4844014,
000031.SZ,000031,20251209,93657670,5947381,0,0,S,30500,17200,5947371,4846039,
000031.SZ,000031,20251209,93657670,5947391,0,0,S,30500,2100,5947390,4846039,
000031.SZ,000031,20251209,93657670,5947399,0,0,S,30500,700,5947398,4846039,
000031.SZ,000031,20251209,93657670,5947400,0,0,S,30500,200,5947398,4847783,
000031.SZ,000031,20251209,93657670,5947401,0,0,S,30500,3000,5947398,5169838,
000031.SZ,000031,20251209,93657670,5947402,0,0,S,30500,5000,5947398,5209944,
000031.SZ,000031,20251209,93657670,5947403,0,0,S,30500,800,5947398,5228382,
000031.SZ,000031,20251209,93657670,5947404,0,0,S,30500,200,5947398,5267972,
000031.SZ,000031,20251209,93657670,5947405,0,0,S,30500,100,5947398,5276918,
000031.SZ,000031,20251209,93657670,5947406,0,0,S,30500,300,5947398,5276984,
000031.SZ,000031,20251209,93657670,5947407,0,0,S,30500,100,5947398,5279420,
000031.SZ,000031,20251209,93657670,5947408,0,0,S,30500,100,5947398,5279423,
000031.SZ,000031,20251209,93657670,5947409,0,0,S,30500,100,5947398,5280341,
000031.SZ,000031,20251209,93657670,5947410,0,0,S,30500,200,5947398,5281346,
000031.SZ,000031,20251209,93657670,5947411,0,0,S,30500,500,5947398,5281352,
000031.SZ,000031,20251209,93657670,5947412,0,0,S,30500,100,5947398,5281358,
000031.SZ,000031,20251209,93657670,5947413,0,0,S,30500,800,5947398,5281479,
000031.SZ,000031,20251209,93657670,5947414,0,0,S,30500,100,5947398,5281492,
000031.SZ,000031,20251209,93657670,5947415,0,0,S,30500,100,5947398,5284502,
000031.SZ,000031,20251209,93657670,5947416,0,0,S,30500,300,5947398,5364250,
000031.SZ,000031,20251209,93657670,5947417,0,0,S,30500,4000,5947398,5375215,
000031.SZ,000031,20251209,93657670,5947418,0,0,S,30500,100,5947398,5421357,
000031.SZ,000031,20251209,93657670,5947419,0,0,S,30500,100,5947398,5430780,
000031.SZ,000031,20251209,93657670,5947420,0,0,S,30500,2300,5947398,5434578,
000031.SZ,000031,20251209,93657680,5947432,0,0,S,30500,100,5947431,5434578,
000031.SZ,000031,20251209,93657680,5947463,0,0,S,30500,1900,5947462,5434578,
000031.SZ,000031,20251209,93657680,5947464,0,0,S,30500,2500,5947462,5435159,
000031.SZ,000031,20251209,93657680,5947465,0,0,S,30500,3000,5947462,5452520,
000031.SZ,000031,20251209,93657680,5947466,0,0,S,30500,2600,5947462,5453907,
000031.SZ,000031,20251209,93657680,5947495,0,0,S,30500,3800,5947494,5453907,
000031.SZ,000031,20251209,93657680,5947496,0,0,S,30500,700,5947494,5514842,
000031.SZ,000031,20251209,93657680,5947503,0,0,S,30500,100,5947502,5514842,
000031.SZ,000031,20251209,93657680,5947514,0,0,S,30500,1000,5947513,5537257,
000031.SZ,000031,20251209,93657680,5947515,0,0,S,30500,100,5947513,5567104,
000031.SZ,000031,20251209,93657680,5947516,0,0,S,30500,500,5947513,5604928,
000031.SZ,000031,20251209,93657680,5947517,0,0,S,30500,1600,5947513,5636660,
000031.SZ,000031,20251209,93657680,5947518,0,0,S,30500,3400,5947513,5645530,
000031.SZ,000031,20251209,93657680,5947519,0,0,S,30500,200,5947513,5728725,
000031.SZ,000031,20251209,93657680,5947520,0,0,S,30500,4200,5947513,5774259,
000031.SZ,000031,20251209,93657680,5947536,0,0,S,30500,15800,5947535,5774259,
000031.SZ,000031,20251209,93657680,5947537,0,0,S,30500,100,5947535,5775638,
000031.SZ,000031,20251209,93657680,5947538,0,0,S,30500,400,5947535,5904524,
000031.SZ,000031,20251209,93657720,5947812,C,0, ,0,400,1153803,0,
000031.SZ,000031,20251209,93657730,5947882,C,0, ,0,1400,1402902,0,
000031.SZ,000031,20251209,93657740,5947984,C,0, ,0,1100,1154906,0,
000031.SZ,000031,20251209,93657960,5949286,C,0, ,0,600,2650869,0,
000031.SZ,000031,20251209,93657980,5949486,C,0, ,0,2700,2650860,0,
000031.SZ,000031,20251209,93658170,5951079,C,0, ,0,100,4848372,0,
000031.SZ,000031,20251209,93658170,5951084,C,0, ,0,100,4859858,0,
000031.SZ,000031,20251209,93658170,5951085,C,0, ,0,100,5201561,0,
000031.SZ,000031,20251209,93658170,5951114,C,0, ,0,100,5139455,0,
000031.SZ,000031,20251209,93658180,5951122,C,0, ,0,100,2805253,0,
000031.SZ,000031,20251209,93658180,5951123,C,0, ,0,300,4883849,0,
000031.SZ,000031,20251209,93658180,5951160,0,0,S,30400,3000,5951159,87094,
000031.SZ,000031,20251209,93658180,5951161,0,0,S,30400,100,5951159,152856,
000031.SZ,000031,20251209,93658180,5951162,0,0,S,30400,1900,5951159,197106,
000031.SZ,000031,20251209,93658680,5955204,C,0, ,0,47000,5947535,0,
000031.SZ,000031,20251209,93700250,5966441,C,0, ,0,3200,4849892,0,
000031.SZ,000031,20251209,93700280,5966648,C,0, ,0,100,4907479,0,
000031.SZ,000031,20251209,93700450,5968484,C,0, ,0,100,1170139,0,
000031.SZ,000031,20251209,93700710,5971708,0,0,B,30500,100,5947547,5971707,
000031.SZ,000031,20251209,93700710,5971709,0,0,B,30500,5600,5947571,5971707,
000031.SZ,000031,20251209,93700710,5971710,0,0,B,30500,400,5947588,5971707,
000031.SZ,000031,20251209,93700710,5971804,C,0, ,0,100,5415471,0,
000031.SZ,000031,20251209,93700710,5971807,C,0, ,0,100,5415474,0,
000031.SZ,000031,20251209,93700710,5971808,C,0, ,0,100,5469054,0,
000031.SZ,000031,20251209,93700740,5972043,0,0,S,30400,1400,5972042,197106,
000031.SZ,000031,20251209,93700970,5974327,C,0, ,0,1700,1254917,0,
000031.SZ,000031,20251209,93700980,5974439,C,0, ,0,1700,1296995,0,
000031.SZ,000031,20251209,93700980,5974449,C,0, ,0,1700,1254922,0,
000031.SZ,000031,20251209,93701010,5974722,C,0, ,0,100,1223570,0,
000031.SZ,000031,20251209,93701040,5975028,C,0, ,0,800,5702136,0,
000031.SZ,000031,20251209,93701220,5977036,C,0, ,0,100,5516308,0,
000031.SZ,000031,20251209,93701230,5977106,C,0, ,0,100,5556709,0,
000031.SZ,000031,20251209,93701230,5977117,C,0, ,0,1700,1262104,0,
000031.SZ,000031,20251209,93701290,5977957,C,0, ,0,1000,1263277,0,
000031.SZ,000031,20251209,93701290,5977958,C,0, ,0,1600,1263273,0,
000031.SZ,000031,20251209,93701290,5977960,C,0, ,0,1000,1232241,0,
000031.SZ,000031,20251209,93701290,5977964,C,0, ,0,1400,1303504,0,
000031.SZ,000031,20251209,93701450,5979786,C,0, ,0,100,1446966,0,
000031.SZ,000031,20251209,93701660,5982491,C,0, ,0,100,1346408,0,
000031.SZ,000031,20251209,93702450,5990023,C,0, ,0,100,1289290,0,
000031.SZ,000031,20251209,93702650,5991415,C,0, ,0,100,1346478,0,
000031.SZ,000031,20251209,93703690,6001170,0,0,S,30400,200,6001169,197106,
000031.SZ,000031,20251209,93704400,6008842,0,0,B,30500,300,5947588,6008841,
000031.SZ,000031,20251209,93705050,6013939,C,0, ,0,100,5925730,0,
000031.SZ,000031,20251209,93705480,6017972,C,0, ,0,200,5921283,0,
000031.SZ,000031,20251209,93705480,6017976,C,0, ,0,700,5921292,0,
000031.SZ,000031,20251209,93705480,6017978,C,0, ,0,800,5921290,0,
000031.SZ,000031,20251209,93706200,6023136,C,0, ,0,100,5927121,0,
000031.SZ,000031,20251209,93713700,6085022,0,0,S,30400,300,6085021,197106,
000031.SZ,000031,20251209,93715330,6097852,0,0,S,30400,1200,6097851,197106,
000031.SZ,000031,20251209,93715730,6101952,0,0,S,30400,100,6101951,256683,
000031.SZ,000031,20251209,93716780,6110871,C,0, ,0,1000,0,948374,
000031.SZ,000031,20251209,93717010,6112343,0,0,S,30400,100,6112342,256683,
000031.SZ,000031,20251209,93718210,6121198,0,0,S,30400,200,6121197,256683,
000031.SZ,000031,20251209,93718210,6121204,0,0,S,30400,100,6121203,256683,
000031.SZ,000031,20251209,93719250,6129346,0,0,S,30400,4500,6129345,256683,
000031.SZ,000031,20251209,93719250,6129347,0,0,S,30400,1000,6129345,261892,
000031.SZ,000031,20251209,93719250,6129348,0,0,S,30400,500,6129345,285292,
000031.SZ,000031,20251209,93719250,6129349,0,0,S,30400,2000,6129345,297555,
000031.SZ,000031,20251209,93719250,6129350,0,0,S,30400,5000,6129345,425425,
000031.SZ,000031,20251209,93719250,6129351,0,0,S,30400,1000,6129345,451601,
000031.SZ,000031,20251209,93719250,6129352,0,0,S,30400,2000,6129345,879214,
000031.SZ,000031,20251209,93719250,6129353,0,0,S,30400,10000,6129345,883996,
000031.SZ,000031,20251209,93719250,6129354,0,0,S,30400,1000,6129345,985932,
000031.SZ,000031,20251209,93719250,6129355,0,0,S,30400,6000,6129345,1061171,
000031.SZ,000031,20251209,93719250,6129356,0,0,S,30400,4000,6129345,1784148,
000031.SZ,000031,20251209,93719260,6129406,0,0,S,30400,100,6129405,1784148,
000031.SZ,000031,20251209,93719260,6129408,0,0,S,30400,100,6129407,1784148,
000031.SZ,000031,20251209,93719260,6129442,0,0,S,30400,100,6129441,1784148,
000031.SZ,000031,20251209,93719280,6129689,0,0,S,30400,100,6129688,1784148,
000031.SZ,000031,20251209,93719280,6129695,0,0,S,30400,200,6129694,1784148,
000031.SZ,000031,20251209,93719280,6129701,0,0,S,30400,100,6129700,1784148,
000031.SZ,000031,20251209,93719290,6129737,0,0,S,30400,100,6129736,1784148,
000031.SZ,000031,20251209,93719290,6129747,0,0,S,30400,100,6129746,1784148,
000031.SZ,000031,20251209,93719290,6129778,0,0,S,30400,100,6129777,1784148,
000031.SZ,000031,20251209,93719300,6129873,0,0,S,30400,100,6129872,1784148,
000031.SZ,000031,20251209,93719310,6129891,0,0,S,30400,3800,6129890,1784148,
000031.SZ,000031,20251209,93719310,6129933,0,0,S,30400,100,6129932,1784148,
000031.SZ,000031,20251209,93719310,6129935,0,0,S,30400,100,6129934,1784148,
000031.SZ,000031,20251209,93719310,6129961,0,0,S,30400,100,6129960,1784148,
000031.SZ,000031,20251209,93719330,6130129,0,0,S,30400,500,6130128,1784148,
000031.SZ,000031,20251209,93719360,6130376,0,0,S,30400,300,6130375,1784148,
000031.SZ,000031,20251209,93719370,6130435,0,0,S,30400,100,6130434,1784148,
000031.SZ,000031,20251209,93719380,6130508,0,0,S,30400,100,6130507,1784148,
000031.SZ,000031,20251209,93719520,6131486,C,0, ,0,2000,297621,0,
000031.SZ,000031,20251209,93719940,6134568,0,0,S,30400,9300,6134567,1784148,
000031.SZ,000031,20251209,93720000,6134982,0,0,S,30400,100,6134981,1784148,
000031.SZ,000031,20251209,93720010,6135038,0,0,S,30400,900,6135037,1784148,
000031.SZ,000031,20251209,93720010,6135049,0,0,S,30400,100,6135048,1784148,
000031.SZ,000031,20251209,93720010,6135051,0,0,S,30400,100,6135050,1784148,
000031.SZ,000031,20251209,93720010,6135053,0,0,S,30400,100,6135052,1784148,
000031.SZ,000031,20251209,93720010,6135055,0,0,S,30400,100,6135054,1784148,
000031.SZ,000031,20251209,93720010,6135091,0,0,S,30400,100,6135090,1784148,
000031.SZ,000031,20251209,93720010,6135096,0,0,S,30400,100,6135095,1784148,
000031.SZ,000031,20251209,93720010,6135099,0,0,S,30400,100,6135098,1784148,
000031.SZ,000031,20251209,93720010,6135102,0,0,S,30400,100,6135101,1784148,
000031.SZ,000031,20251209,93720010,6135105,0,0,S,30400,100,6135104,1784148,
000031.SZ,000031,20251209,93720010,6135111,0,0,S,30400,100,6135110,1784148,
000031.SZ,000031,20251209,93720010,6135114,0,0,S,30400,100,6135113,1784148,
000031.SZ,000031,20251209,93720010,6135119,0,0,S,30400,100,6135118,1784148,
000031.SZ,000031,20251209,93720010,6135121,0,0,S,30400,100,6135120,1784148,
000031.SZ,000031,20251209,93720020,6135141,0,0,S,30400,200,6135140,1784148,
000031.SZ,000031,20251209,93720020,6135143,0,0,S,30400,100,6135142,1784148,
000031.SZ,000031,20251209,93720060,6135552,0,0,S,30400,900,6135551,1784148,
000031.SZ,000031,20251209,93720060,6135558,0,0,S,30400,300,6135557,1784148,
000031.SZ,000031,20251209,93720060,6135580,0,0,S,30400,100,6135579,1784148,
000031.SZ,000031,20251209,93720060,6135582,0,0,S,30400,200,6135581,1784148,
000031.SZ,000031,20251209,93720060,6135584,0,0,S,30400,100,6135583,1784148,
000031.SZ,000031,20251209,93720060,6135586,0,0,S,30400,200,6135585,1784148,
000031.SZ,000031,20251209,93720060,6135590,0,0,S,30400,300,6135589,1784148,
000031.SZ,000031,20251209,93720060,6135592,0,0,S,30400,100,6135591,1784148,
000031.SZ,000031,20251209,93720060,6135594,0,0,S,30400,100,6135593,1784148,
000031.SZ,000031,20251209,93720060,6135596,0,0,S,30400,100,6135595,1784148,
000031.SZ,000031,20251209,93720060,6135621,0,0,S,30400,100,6135620,1784148,
000031.SZ,000031,20251209,93720070,6135627,0,0,S,30400,100,6135626,1784148,
000031.SZ,000031,20251209,93720070,6135629,0,0,S,30400,100,6135628,1784148,
000031.SZ,000031,20251209,93720070,6135631,0,0,S,30400,200,6135630,1784148,
000031.SZ,000031,20251209,93720070,6135633,0,0,S,30400,100,6135632,1784148,
000031.SZ,000031,20251209,93720070,6135635,0,0,S,30400,100,6135634,1784148,
000031.SZ,000031,20251209,93720070,6135637,0,0,S,30400,200,6135636,1784148,
000031.SZ,000031,20251209,93720070,6135642,0,0,S,30400,100,6135641,1784148,
000031.SZ,000031,20251209,93720080,6135749,0,0,S,30400,300,6135748,1784148,
000031.SZ,000031,20251209,93720080,6135751,0,0,S,30400,900,6135750,1784148,
000031.SZ,000031,20251209,93720100,6136036,0,0,S,30400,100,6136035,1784148,
000031.SZ,000031,20251209,93720100,6136038,0,0,S,30400,900,6136037,1784148,
000031.SZ,000031,20251209,93720130,6136170,0,0,S,30400,500,6136169,1784148,
000031.SZ,000031,20251209,93720130,6136171,0,0,S,30400,400,6136169,1867533,
000031.SZ,000031,20251209,93720130,6136173,0,0,S,30400,100,6136172,1867533,
000031.SZ,000031,20251209,93720140,6136293,0,0,B,30500,5000,5947588,6136292,
000031.SZ,000031,20251209,93720160,6136393,0,0,S,30400,900,6136392,1867533,
000031.SZ,000031,20251209,93720160,6136398,0,0,S,30400,600,6136397,1867533,
000031.SZ,000031,20251209,93720210,6136792,0,0,S,30400,900,6136791,1867533,
000031.SZ,000031,20251209,93720210,6136794,0,0,S,30400,200,6136793,1867533,
000031.SZ,000031,20251209,93720240,6137056,0,0,S,30400,100,6137055,1867533,
000031.SZ,000031,20251209,93720240,6137058,0,0,S,30400,900,6137057,1867533,
000031.SZ,000031,20251209,93720270,6137366,0,0,S,30400,900,6137365,1867533,
000031.SZ,000031,20251209,93720270,6137376,0,0,S,30400,100,6137375,1867533,
000031.SZ,000031,20251209,93720290,6137710,0,0,S,30400,100,6137709,1867533,
000031.SZ,000031,20251209,93720290,6137725,0,0,S,30400,100,6137724,1867533,
000031.SZ,000031,20251209,93720290,6137802,0,0,S,30400,500,6137801,1867533,
000031.SZ,000031,20251209,93720290,6137803,0,0,S,30400,400,6137801,1895101,
000031.SZ,000031,20251209,93720300,6137808,0,0,S,30400,100,6137807,1895101,
000031.SZ,000031,20251209,93720310,6137919,0,0,S,30400,100,6137918,1895101,
000031.SZ,000031,20251209,93720320,6138043,0,0,S,30400,900,6138042,1895101,
000031.SZ,000031,20251209,93720320,6138055,0,0,S,30400,100,6138054,1895101,
000031.SZ,000031,20251209,93720340,6138234,0,0,S,30400,100,6138233,1895101,
000031.SZ,000031,20251209,93720340,6138237,0,0,S,30400,900,6138236,1895101,
000031.SZ,000031,20251209,93720370,6138393,0,0,S,30400,100,6138392,1895101,
000031.SZ,000031,20251209,93720370,6138398,0,0,S,30400,900,6138397,1895101,
000031.SZ,000031,20251209,93720390,6138544,0,0,S,30400,900,6138543,1895101,
000031.SZ,000031,20251209,93720390,6138550,0,0,S,30400,100,6138549,1895101,
000031.SZ,000031,20251209,93720440,6138827,0,0,S,30400,900,6138826,1895101,
000031.SZ,000031,20251209,93720440,6138831,0,0,S,30400,100,6138830,1895101,
000031.SZ,000031,20251209,93720480,6139258,0,0,S,30400,900,6139257,1895101,
000031.SZ,000031,20251209,93720480,6139263,0,0,S,30400,100,6139262,1895101,
000031.SZ,000031,20251209,93720510,6139550,0,0,S,30400,900,6139549,1895101,
000031.SZ,000031,20251209,93720510,6139564,0,0,S,30400,100,6139563,1895101,
000031.SZ,000031,20251209,93720530,6139730,0,0,S,30400,900,6139729,1895101,
000031.SZ,000031,20251209,93720530,6139733,0,0,S,30400,100,6139732,1895101,
000031.SZ,000031,20251209,93720560,6139859,0,0,S,30400,900,6139858,1895101,
000031.SZ,000031,20251209,93720560,6139863,0,0,S,30400,100,6139862,1895101,
000031.SZ,000031,20251209,93720560,6139869,0,0,S,30400,100,6139868,1895101,
000031.SZ,000031,20251209,93720580,6139977,0,0,S,30400,900,6139976,1895101,
000031.SZ,000031,20251209,93720580,6139988,0,0,S,30400,100,6139987,1895101,
000031.SZ,000031,20251209,93720600,6140189,0,0,S,30400,900,6140188,1895101,
000031.SZ,000031,20251209,93720600,6140191,0,0,S,30400,100,6140190,1895101,
000031.SZ,000031,20251209,93720630,6140370,0,0,S,30400,900,6140369,1895101,
