万得代码,交易所代码,自然日,时间,委托编号,交易所委托号,委托类型,委托代码,委托价格,委托数量,
600061.SH,600061,20251209,91400580,0,0,S,I,0,0,
600061.SH,600061,20251209,91500440,0,2651,A,S,78300,4000,
600061.SH,600061,20251209,91500440,0,2789,A,S,79800,400,
600061.SH,600061,20251209,91501220,0,3357,A,S,79000,100,
600061.SH,600061,20251209,91501250,0,3526,A,S,78900,4000,
600061.SH,600061,20251209,91501250,0,3533,A,S,76900,4000,
600061.SH,600061,20251209,91501250,0,3558,A,S,78800,2000,
600061.SH,600061,20251209,91501250,0,3559,A,S,82900,2000,
600061.SH,600061,20251209,91501250,0,3607,A,S,79900,2000,
600061.SH,600061,20251209,91501420,0,4025,A,S,78000,2000,
600061.SH,600061,20251209,91501490,0,4897,A,S,79900,2000,
600061.SH,600061,20251209,91501670,0,5184,A,S,82900,100,
600061.SH,600061,20251209,91501710,0,5794,A,S,80600,1400,
600061.SH,600061,20251209,91501710,0,6023,A,S,73700,1900,
600061.SH,600061,20251209,91501750,0,6118,A,B,76100,100,
600061.SH,600061,20251209,91501750,0,6149,A,S,77800,2000,
600061.SH,600061,20251209,91501750,0,6488,A,B,75000,2000,
600061.SH,600061,20251209,91501750,0,6530,A,B,74000,2000,
600061.SH,600061,20251209,91501790,0,6720,A,B,74000,2000,
600061.SH,600061,20251209,91501790,0,7167,A,S,78600,800,
600061.SH,600061,20251209,91501790,0,7290,A,B,74000,900,
600061.SH,600061,20251209,91501790,0,7711,A,B,69000,500,
600061.SH,600061,20251209,91501860,0,8234,A,S,79900,400,
600061.SH,600061,20251209,91501860,0,8320,A,S,83600,300,
600061.SH,600061,20251209,91501860,0,8708,A,B,74900,500,
600061.SH,600061,20251209,91501860,0,9262,A,S,81800,5000,
600061.SH,600061,20251209,91501860,0,9455,A,S,79700,100,
600061.SH,600061,20251209,91501860,0,9456,A,B,72300,100,
600061.SH,600061,20251209,91501980,0,9813,A,S,78800,1000,
600061.SH,600061,20251209,91501980,0,9979,A,S,83600,1300,
600061.SH,600061,20251209,91501980,0,10147,A,S,81800,1000,
600061.SH,600061,20251209,91501980,0,10438,A,S,78000,700,
600061.SH,600061,20251209,91501980,0,10475,A,S,78500,700,
600061.SH,600061,20251209,91501980,0,10476,A,S,78600,700,
600061.SH,600061,20251209,91501980,0,10501,A,S,78900,700,
600061.SH,600061,20251209,91501980,0,10594,A,S,83400,100,
600061.SH,600061,20251209,91501980,0,10697,A,S,83600,1000,
600061.SH,600061,20251209,91501980,0,10851,A,B,74200,800,
600061.SH,600061,20251209,91501980,0,10852,A,S,83600,500,
600061.SH,600061,20251209,91501980,0,11185,A,S,80800,1000,
600061.SH,600061,20251209,91501980,0,11403,A,S,83000,900,
600061.SH,600061,20251209,91501980,0,11411,A,S,81600,1000,
600061.SH,600061,20251209,91501980,0,11491,A,S,78800,1000,
600061.SH,600061,20251209,91502170,0,11903,A,S,77800,700,
600061.SH,600061,20251209,91502370,0,12616,A,S,77800,2000,
600061.SH,600061,20251209,91502370,0,12617,A,S,79800,2000,
600061.SH,600061,20251209,91502400,0,13184,A,S,76500,3000,
600061.SH,600061,20251209,91502440,0,13237,A,S,81900,2000,
600061.SH,600061,20251209,91502440,0,13780,A,S,79500,400,
600061.SH,600061,20251209,91502480,0,13942,A,S,83600,1000,
600061.SH,600061,20251209,91502480,0,13947,A,S,77700,5500,
600061.SH,600061,20251209,91502480,0,13959,A,S,83000,1000,
600061.SH,600061,20251209,91502480,0,14713,A,B,73800,500,
600061.SH,600061,20251209,91502480,0,14725,A,S,79000,500,
600061.SH,600061,20251209,91502480,0,14741,A,S,80000,500,
600061.SH,600061,20251209,91502480,0,14763,A,S,78000,5500,
600061.SH,600061,20251209,91502480,0,14952,A,B,75000,2000,
600061.SH,600061,20251209,91502560,0,15665,A,S,77000,5800,
600061.SH,600061,20251209,91502560,0,16088,A,B,75200,1000,
600061.SH,600061,20251209,91502560,0,16637,A,S,83400,20000,
600061.SH,600061,20251209,91502560,0,16945,A,S,80900,2000,
600061.SH,600061,20251209,91502680,0,17527,A,S,78500,100,
600061.SH,600061,20251209,91502680,0,17583,A,B,73700,200,
600061.SH,600061,20251209,91502680,0,18186,A,B,75500,1000,
600061.SH,600061,20251209,91502680,0,18475,A,S,79000,20000,
600061.SH,600061,20251209,91502830,0,19022,A,B,69500,900,
600061.SH,600061,20251209,91502830,0,19097,A,S,77700,1000,
600061.SH,600061,20251209,91502830,0,19165,A,S,81100,1500,
600061.SH,600061,20251209,91502830,0,19231,A,S,78900,1000,
600061.SH,600061,20251209,91502830,0,19449,A,S,78300,1000,
600061.SH,600061,20251209,91502830,0,19488,A,B,72400,600,
600061.SH,600061,20251209,91502830,0,19815,A,S,77000,3000,
600061.SH,600061,20251209,91502830,0,19919,A,S,76200,150000,
600061.SH,600061,20251209,91502830,0,19937,A,S,76300,200000,
600061.SH,600061,20251209,91502830,0,19944,A,B,75100,11800,
600061.SH,600061,20251209,91502830,0,19961,A,S,76400,200000,
600061.SH,600061,20251209,91502830,0,19977,A,S,76500,200000,
600061.SH,600061,20251209,91502830,0,20007,A,S,76600,200000,
600061.SH,600061,20251209,91502830,0,20023,A,S,76700,200000,
600061.SH,600061,20251209,91502830,0,20058,A,B,75700,50000,
600061.SH,600061,20251209,91502830,0,20077,A,B,75600,100000,
600061.SH,600061,20251209,91502830,0,20108,A,B,75500,200000,
600061.SH,600061,20251209,91502830,0,20348,A,S,76800,200000,
600061.SH,600061,20251209,91502830,0,20823,A,S,78200,2200,
600061.SH,600061,20251209,91502960,0,21029,A,S,78100,700,
600061.SH,600061,20251209,91502960,0,21049,A,S,78200,700,
600061.SH,600061,20251209,91502960,0,21050,A,S,78700,700,
600061.SH,600061,20251209,91502960,0,21224,A,S,76000,200000,
600061.SH,600061,20251209,91502960,0,21364,A,S,77400,1100,
600061.SH,600061,20251209,91502960,0,21393,A,B,75100,3100,
600061.SH,600061,20251209,91502960,0,21547,A,S,79900,4300,
600061.SH,600061,20251209,91502960,0,21732,A,B,73900,18000,
600061.SH,600061,20251209,91502960,0,21847,A,S,77600,1300,
600061.SH,600061,20251209,91502960,0,22292,A,S,79000,200,
600061.SH,600061,20251209,91502960,0,22448,A,S,83000,600,
600061.SH,600061,20251209,91503100,0,23129,A,B,76100,400,
600061.SH,600061,20251209,91503100,0,23657,A,S,83600,10000,
600061.SH,600061,20251209,91503100,0,23678,A,S,83600,100,
600061.SH,600061,20251209,91503100,0,23817,A,B,76100,700,
600061.SH,600061,20251209,91503100,0,24257,A,B,73100,26000,
600061.SH,600061,20251209,91503100,0,24602,A,S,78900,2000,
600061.SH,600061,20251209,91503100,0,24620,A,S,78000,3000,
600061.SH,600061,20251209,91503100,0,24633,A,S,80000,3000,
600061.SH,600061,20251209,91503100,0,24644,A,B,75700,3000,
600061.SH,600061,20251209,91503100,0,24669,A,B,74800,3000,
600061.SH,600061,20251209,91503100,0,24710,A,B,73600,3000,
600061.SH,600061,20251209,91503100,0,24877,A,S,77800,200,
600061.SH,600061,20251209,91503230,0,25199,A,B,75000,500,
600061.SH,600061,20251209,91503230,0,25214,A,S,79800,500,
600061.SH,600061,20251209,91503230,0,25349,A,S,79100,4000,
600061.SH,600061,20251209,91503230,0,25410,A,S,78900,1000,
600061.SH,600061,20251209,91503230,0,25411,A,S,79200,1000,
600061.SH,600061,20251209,91503230,0,25412,A,S,79800,4000,
600061.SH,600061,20251209,91503230,0,25415,A,S,79800,500,
600061.SH,600061,20251209,91503230,0,25970,A,B,75100,79000,
600061.SH,600061,20251209,91503230,0,26299,A,S,81700,5000,
600061.SH,600061,20251209,91503230,0,26301,A,B,74700,500,
600061.SH,600061,20251209,91503230,0,26318,A,B,74700,300,
600061.SH,600061,20251209,91503230,0,26330,A,B,74700,200,
600061.SH,600061,20251209,91503230,0,26529,A,S,82800,2500,
600061.SH,600061,20251209,91503230,0,26579,A,S,77800,500,
600061.SH,600061,20251209,91503230,0,26597,A,S,77800,300,
600061.SH,600061,20251209,91503230,0,26608,A,S,77800,200,
600061.SH,600061,20251209,91503350,0,27296,A,B,75500,2000,
600061.SH,600061,20251209,91503350,0,27636,A,S,82800,2900,
600061.SH,600061,20251209,91503350,0,27766,A,S,76900,1000,
600061.SH,600061,20251209,91503350,0,27981,A,B,73000,2100,
600061.SH,600061,20251209,91503350,0,28236,A,S,79100,600,
600061.SH,600061,20251209,91503350,0,28237,A,S,83300,600,
600061.SH,600061,20251209,91503350,0,28400,A,S,82900,1500,
600061.SH,600061,20251209,91503350,0,28475,A,B,73800,1500,
600061.SH,600061,20251209,91503350,0,28476,A,S,80900,5000,
600061.SH,600061,20251209,91503350,0,28706,A,B,73000,2000,
600061.SH,600061,20251209,91503480,0,29062,A,B,75600,8000,
600061.SH,600061,20251209,91503480,0,29161,A,B,75000,5000,
600061.SH,600061,20251209,91503480,0,29168,A,B,75300,5000,
600061.SH,600061,20251209,91503480,0,29324,A,S,76800,5000,
600061.SH,600061,20251209,91503480,0,30242,A,S,82900,1000,
600061.SH,600061,20251209,91503610,0,31932,A,B,75100,1000,
600061.SH,600061,20251209,91503610,0,31933,A,B,74200,1000,
600061.SH,600061,20251209,91503610,0,32019,A,S,78600,3000,
600061.SH,600061,20251209,91503610,0,32165,A,B,73000,200,
600061.SH,600061,20251209,91503610,0,32210,A,S,78300,1600,
600061.SH,600061,20251209,91503610,0,32211,A,S,79100,1500,
600061.SH,600061,20251209,91503610,0,32212,A,S,79800,1500,
600061.SH,600061,20251209,91503610,0,32774,A,B,76100,2000,
600061.SH,600061,20251209,91503750,0,32921,A,S,81500,500,
600061.SH,600061,20251209,91503750,0,32962,A,S,83600,5200,
600061.SH,600061,20251209,91503750,0,32979,A,S,83600,3000,
600061.SH,600061,20251209,91503750,0,33187,A,S,78900,10000,
600061.SH,600061,20251209,91503750,0,33506,A,S,75000,3700,
600061.SH,600061,20251209,91503750,0,33811,A,S,80100,200,
600061.SH,600061,20251209,91503870,0,35650,A,S,76800,14000,
600061.SH,600061,20251209,91503870,0,35820,A,S,83000,700,
600061.SH,600061,20251209,91503870,0,35907,A,S,79700,3000,
600061.SH,600061,20251209,91503870,0,36108,A,B,72600,700,
600061.SH,600061,20251209,91503870,0,36120,A,B,72200,700,
600061.SH,600061,20251209,91503870,0,36140,A,B,71800,800,
600061.SH,600061,20251209,91503870,0,36679,A,S,83500,1000,
600061.SH,600061,20251209,91503870,0,36812,A,S,79800,3000,
600061.SH,600061,20251209,91503870,0,36815,A,S,78800,1000,
600061.SH,600061,20251209,91503870,0,36822,A,S,83500,2000,
600061.SH,600061,20251209,91504000,0,36850,A,S,80600,1000,
600061.SH,600061,20251209,91504000,0,36945,A,S,83600,2600,
600061.SH,600061,20251209,91504050,0,37233,A,S,78000,400,
600061.SH,600061,20251209,91504050,0,37407,A,S,80000,5000,
600061.SH,600061,20251209,91504050,0,37728,A,S,76600,500,
600061.SH,600061,20251209,91504050,0,38100,A,S,79000,1000,
600061.SH,600061,20251209,91504050,0,38476,A,S,79900,1400,
600061.SH,600061,20251209,91504050,0,38525,A,S,78700,10000,
600061.SH,600061,20251209,91504050,0,38526,A,S,83200,20000,
600061.SH,600061,20251209,91504050,0,38767,A,S,83600,300,
600061.SH,600061,20251209,91504050,0,38891,A,S,81500,5900,
600061.SH,600061,20251209,91504180,0,39519,A,B,73300,2000,
600061.SH,600061,20251209,91504180,0,40003,A,S,82900,2000,
600061.SH,600061,20251209,91504180,0,41003,A,S,78900,1000,
600061.SH,600061,20251209,91504350,0,41018,A,S,80900,1000,
600061.SH,600061,20251209,91504350,0,42474,A,S,77200,1000,
600061.SH,600061,20251209,91504350,0,42490,A,S,77500,1000,
600061.SH,600061,20251209,91504480,0,43276,A,S,77200,200,
600061.SH,600061,20251209,91504480,0,43707,A,S,77000,300,
600061.SH,600061,20251209,91504480,0,43738,A,S,79000,400,
600061.SH,600061,20251209,91504480,0,43996,A,S,77600,3000,
600061.SH,600061,20251209,91504480,0,44004,A,S,78300,3000,
600061.SH,600061,20251209,91504480,0,44021,A,S,79100,3000,
600061.SH,600061,20251209,91504480,0,44036,A,B,74000,2000,
600061.SH,600061,20251209,91504480,0,44038,A,S,79800,3000,
600061.SH,600061,20251209,91504480,0,44045,A,S,80600,3000,
600061.SH,600061,20251209,91504480,0,44048,A,S,83600,3000,
600061.SH,600061,20251209,91504480,0,44145,A,S,79600,7400,
600061.SH,600061,20251209,91504480,0,44156,A,S,78600,7400,
600061.SH,600061,20251209,91504480,0,44175,A,B,73600,10000,
600061.SH,600061,20251209,91504690,0,45577,A,B,74500,20000,
600061.SH,600061,20251209,91504690,0,45785,A,S,77500,5700,
600061.SH,600061,20251209,91504690,0,46383,A,S,78200,700,
600061.SH,600061,20251209,91504690,0,46412,A,S,78400,700,
600061.SH,600061,20251209,91504690,0,46421,A,S,78800,700,
600061.SH,600061,20251209,91504690,0,46878,A,S,78800,300,
600061.SH,600061,20251209,91504830,0,47115,A,B,72900,600,
600061.SH,600061,20251209,91504830,0,47133,A,S,80700,600,
600061.SH,600061,20251209,91504830,0,47865,A,S,78000,1000,
600061.SH,600061,20251209,91504830,0,47895,A,B,75500,1000,
600061.SH,600061,20251209,91504830,0,47934,A,S,77500,100,
600061.SH,600061,20251209,91504830,0,47935,A,S,78500,100,
600061.SH,600061,20251209,91504830,0,47936,A,S,79700,200,
600061.SH,600061,20251209,91504830,0,47949,A,S,82800,200,
600061.SH,600061,20251209,91504830,0,47950,A,S,83600,400,
600061.SH,600061,20251209,91504830,0,47964,A,B,70800,200,
600061.SH,600061,20251209,91504830,0,47965,A,B,69200,200,
600061.SH,600061,20251209,91504830,0,47966,A,B,68400,300,
600061.SH,600061,20251209,91504830,0,48084,A,S,83600,500,
600061.SH,600061,20251209,91504830,0,48497,A,S,77000,16800,
600061.SH,600061,20251209,91504830,0,48537,A,S,83000,2700,
600061.SH,600061,20251209,91504970,0,49193,A,S,76600,800,
600061.SH,600061,20251209,91504970,0,49244,A,S,77500,21900,
600061.SH,600061,20251209,91504970,0,49939,A,S,83400,300,
600061.SH,600061,20251209,91504970,0,50027,A,S,83600,300,
600061.SH,600061,20251209,91504970,0,50077,A,S,83200,15000,
600061.SH,600061,20251209,91505110,0,51006,A,S,76500,1500,
600061.SH,600061,20251209,91505110,0,51026,A,S,77000,1500,
600061.SH,600061,20251209,91505110,0,51049,A,S,77500,1500,
600061.SH,600061,20251209,91505110,0,51091,A,S,78000,1500,
600061.SH,600061,20251209,91505110,0,51134,A,B,75500,1500,
600061.SH,600061,20251209,91505110,0,51154,A,B,75000,1500,
600061.SH,600061,20251209,91505110,0,51184,A,B,74500,1500,
600061.SH,600061,20251209,91505160,0,51847,A,B,74100,1000,
600061.SH,600061,20251209,91505160,0,52457,A,S,83600,800,
600061.SH,600061,20251209,91505160,0,53384,A,S,83600,10000,
600061.SH,600061,20251209,91505160,0,53508,A,S,81800,600,
600061.SH,600061,20251209,91505300,0,53739,A,B,75000,3000,
600061.SH,600061,20251209,91505300,0,53740,A,S,77000,1000,
600061.SH,600061,20251209,91505300,0,53755,A,S,78000,1000,
600061.SH,600061,20251209,91505300,0,53769,A,B,74000,3000,
600061.SH,600061,20251209,91505300,0,54088,A,S,77600,500,
600061.SH,600061,20251209,91505300,0,54095,A,S,83300,800,
600061.SH,600061,20251209,91505300,0,54668,A,B,74200,600,
600061.SH,600061,20251209,91505300,0,54853,A,B,72100,2400,
600061.SH,600061,20251209,91505300,0,55220,A,S,83600,1300,
600061.SH,600061,20251209,91505440,0,55653,A,S,76100,48500,
600061.SH,600061,20251209,91505440,0,56219,A,S,77500,10000,
600061.SH,600061,20251209,91505440,0,56363,A,S,83600,600,
600061.SH,600061,20251209,91505440,0,56369,A,S,81400,700,
600061.SH,600061,20251209,91505440,0,57396,A,S,76500,1000,
600061.SH,600061,20251209,91505570,0,57951,A,S,82500,1000,
600061.SH,600061,20251209,91505570,0,58096,A,S,80400,1000,
600061.SH,600061,20251209,91505570,0,58385,A,S,77600,1200,
600061.SH,600061,20251209,91505570,0,58414,A,S,83500,4400,
600061.SH,600061,20251209,91505570,0,58534,A,S,81300,1000,
600061.SH,600061,20251209,91505720,0,59680,A,S,79200,1000,
600061.SH,600061,20251209,91505860,0,61881,A,S,81000,2000,
600061.SH,600061,20251209,91505860,0,62034,A,S,79500,300,
600061.SH,600061,20251209,91505860,0,62483,A,S,77600,1000,
600061.SH,600061,20251209,91505860,0,62495,A,B,73700,700,
600061.SH,600061,20251209,91505860,0,62575,A,B,75100,79000,
600061.SH,600061,20251209,91505860,0,62886,A,S,83500,500,
600061.SH,600061,20251209,91505860,0,63222,A,B,70000,800,
600061.SH,600061,20251209,91505860,0,63342,A,S,83600,100,
600061.SH,600061,20251209,91505860,0,63371,A,B,76300,300,
600061.SH,600061,20251209,91506000,0,63697,A,S,77200,500,
600061.SH,600061,20251209,91506000,0,63996,A,S,81000,100,
600061.SH,600061,20251209,91506000,0,64446,A,B,75200,1000,
600061.SH,600061,20251209,91506000,0,64642,A,S,77900,2000,
600061.SH,600061,20251209,91506000,0,64649,A,S,81900,2000,
600061.SH,600061,20251209,91506000,0,65037,A,S,78300,300,
600061.SH,600061,20251209,91506170,0,65524,A,S,80800,1000,
600061.SH,600061,20251209,91506170,0,66815,A,S,77000,10100,
600061.SH,600061,20251209,91506170,0,66856,A,B,75500,3600,
600061.SH,600061,20251209,91506170,0,66893,A,B,75000,3600,
600061.SH,600061,20251209,91506170,0,67043,A,S,81200,2100,
600061.SH,600061,20251209,91506320,0,67555,A,S,76000,500,
600061.SH,600061,20251209,91506320,0,68482,A,S,82000,200,
600061.SH,600061,20251209,91506320,0,68681,A,S,83600,7500,
600061.SH,600061,20251209,91506470,0,69440,A,B,74900,4000,
600061.SH,600061,20251209,91506470,0,70288,A,B,75300,8000,
600061.SH,600061,20251209,91506470,0,70663,A,S,78600,1700,
600061.SH,600061,20251209,91506470,0,70890,A,B,75200,300,
600061.SH,600061,20251209,91506620,0,71403,A,S,83500,1300,
600061.SH,600061,20251209,91506620,0,71734,A,S,83600,2000,
600061.SH,600061,20251209,91506620,0,72106,A,S,78000,1300,
600061.SH,600061,20251209,91506620,0,72288,A,S,79800,2500,
600061.SH,600061,20251209,91506620,0,72381,A,B,75600,300,
600061.SH,600061,20251209,91506620,0,72497,A,S,79900,700,
600061.SH,600061,20251209,91506620,0,72663,A,S,77500,20000,
600061.SH,600061,20251209,91506620,0,72780,A,S,77700,20000,
600061.SH,600061,20251209,91506620,0,73210,A,S,77800,3000,
600061.SH,600061,20251209,91506620,0,73247,A,S,77000,100,
600061.SH,600061,20251209,91506620,0,73260,A,S,77300,300,
600061.SH,600061,20251209,91506620,0,73271,A,S,77600,300,
600061.SH,600061,20251209,91506620,0,73290,A,S,77900,400,
600061.SH,600061,20251209,91506620,0,73307,A,S,78200,300,
600061.SH,600061,20251209,91506770,0,73332,A,S,78500,300,
600061.SH,600061,20251209,91506770,0,73338,A,S,78800,400,
600061.SH,600061,20251209,91506770,0,73960,A,S,77700,180000,
600061.SH,600061,20251209,91506770,0,74127,A,S,80600,100,
600061.SH,600061,20251209,91506770,0,74632,A,S,77800,900,
600061.SH,600061,20251209,91506770,0,74640,A,S,79300,900,
600061.SH,600061,20251209,91506770,0,75057,A,S,77500,800,
600061.SH,600061,20251209,91506920,0,75767,A,S,76100,300,
600061.SH,600061,20251209,91506920,0,75984,A,S,76900,400,
600061.SH,600061,20251209,91506920,0,76029,A,S,82000,200,
600061.SH,600061,20251209,91507090,0,78182,A,S,83600,16200,
600061.SH,600061,20251209,91507090,0,78833,A,B,72800,6000,
600061.SH,600061,20251209,91507090,0,78978,A,S,83600,2000,
600061.SH,600061,20251209,91507090,0,79010,A,S,80000,2100,
600061.SH,600061,20251209,91507090,0,79237,A,S,78900,1500,
600061.SH,600061,20251209,91507250,0,79292,A,S,80800,2000,
600061.SH,600061,20251209,91507250,0,79450,A,B,71800,600,
600061.SH,600061,20251209,91507250,0,79477,A,S,76200,7500,
600061.SH,600061,20251209,91507250,0,79661,A,S,83600,800,
600061.SH,600061,20251209,91507250,0,80459,A,S,77300,5500,
600061.SH,600061,20251209,91507250,0,81115,A,S,77800,500,
600061.SH,600061,20251209,91507390,0,81235,A,B,75100,1000,
600061.SH,600061,20251209,91507390,0,81259,A,B,74500,1000,
600061.SH,600061,20251209,91507390,0,81286,A,B,73600,1000,
600061.SH,600061,20251209,91507390,0,82168,A,S,81100,400,
600061.SH,600061,20251209,91507390,0,82235,A,S,83500,1000,
600061.SH,600061,20251209,91507390,0,82498,A,S,79900,1000,
600061.SH,600061,20251209,91507390,0,82500,A,B,74400,5900,
600061.SH,600061,20251209,91507390,0,82920,A,S,83600,1100,
600061.SH,600061,20251209,91507550,0,83217,A,S,80000,600,
600061.SH,600061,20251209,91507590,0,83786,A,B,74000,300,
600061.SH,600061,20251209,91507590,0,84230,A,S,83200,100,
600061.SH,600061,20251209,91507590,0,84623,A,S,83500,300000,
600061.SH,600061,20251209,91507590,0,84995,A,S,83600,200,
600061.SH,600061,20251209,91507590,0,85067,A,B,70100,200,
600061.SH,600061,20251209,91507590,0,85325,A,S,83600,3500,
600061.SH,600061,20251209,91507730,0,85468,A,S,83600,1400,
600061.SH,600061,20251209,91507730,0,85919,A,S,83600,10000,
600061.SH,600061,20251209,91507730,0,86552,A,S,78800,10000,
600061.SH,600061,20251209,91507730,0,86567,A,S,79800,10000,
600061.SH,600061,20251209,91507730,0,86587,A,S,83600,10000,
600061.SH,600061,20251209,91507730,0,86879,A,S,78800,2000,
600061.SH,600061,20251209,91507730,0,87035,A,S,79900,300,
600061.SH,600061,20251209,91507860,0,87713,A,S,77900,1200,
600061.SH,600061,20251209,91507860,0,87959,A,S,80000,3000,
600061.SH,600061,20251209,91507860,0,87960,A,S,83600,5000,
600061.SH,600061,20251209,91507860,0,88450,A,S,78000,3000,
600061.SH,600061,20251209,91507860,0,88661,A,S,82000,500,
600061.SH,600061,20251209,91508020,0,89454,A,B,74600,100,
600061.SH,600061,20251209,91508020,0,89774,A,S,77000,100,
600061.SH,600061,20251209,91508020,0,89808,A,S,77300,100,
600061.SH,600061,20251209,91508020,0,89916,A,S,78800,140000,
600061.SH,600061,20251209,91508020,0,90647,A,S,78200,5000,
600061.SH,600061,20251209,91508020,0,90661,A,B,75000,2000,
600061.SH,600061,20251209,91508180,0,91989,A,S,76600,100,
600061.SH,600061,20251209,91508180,0,91990,A,S,77100,200,
600061.SH,600061,20251209,91508180,0,91991,A,S,77700,400,
600061.SH,600061,20251209,91508180,0,91992,A,S,78400,800,
600061.SH,600061,20251209,91508180,0,91993,A,S,79100,1600,
600061.SH,600061,20251209,91508180,0,91994,A,S,79800,3200,
600061.SH,600061,20251209,91508180,0,91995,A,S,80700,6400,
600061.SH,600061,20251209,91508180,0,91996,A,S,81400,12800,
600061.SH,600061,20251209,91508180,0,91997,A,S,82100,25600,
600061.SH,600061,20251209,91508180,0,91998,A,S,82800,51200,
600061.SH,600061,20251209,91508180,0,92132,A,S,83600,147700,
600061.SH,600061,20251209,91508180,0,92282,A,S,77400,300,
600061.SH,600061,20251209,91508180,0,92283,A,S,77700,400,
600061.SH,600061,20251209,91508180,0,92613,A,B,73800,100,
600061.SH,600061,20251209,91508180,0,92652,A,B,76500,100,
600061.SH,600061,20251209,91508340,0,94610,A,B,74900,700,
600061.SH,600061,20251209,91508340,0,94927,A,S,77000,5000,
600061.SH,600061,20251209,91508340,0,94944,A,S,79000,5500,
600061.SH,600061,20251209,91508340,0,94945,A,S,79900,28600,
600061.SH,600061,20251209,91508480,0,95487,A,B,75000,10000,
600061.SH,600061,20251209,91508480,0,95865,A,S,77300,10000,
600061.SH,600061,20251209,91508480,0,96025,A,B,75000,10000,
600061.SH,600061,20251209,91508480,0,96194,A,S,82000,500,
600061.SH,600061,20251209,91508480,0,96254,A,S,83000,800,
600061.SH,600061,20251209,91508630,0,98223,A,S,77900,3000,
600061.SH,600061,20251209,91508630,0,98288,A,B,75100,1000,
600061.SH,600061,20251209,91508630,0,98355,A,S,80300,2000,
600061.SH,600061,20251209,91508630,0,98356,A,S,81300,2000,
600061.SH,600061,20251209,91508630,0,98357,A,S,83300,3000,
600061.SH,600061,20251209,91508630,0,98358,A,S,82300,2000,
600061.SH,600061,20251209,91508630,0,98362,A,S,79000,1500,
600061.SH,600061,20251209,91508630,0,98517,A,S,82900,6100,
600061.SH,600061,20251209,91508630,0,98541,A,S,81500,5000,
600061.SH,600061,20251209,91508630,0,98793,A,S,82400,6100,
600061.SH,600061,20251209,91508630,0,98794,A,S,80400,6300,
600061.SH,600061,20251209,91508930,0,101466,A,S,72000,100,
600061.SH,600061,20251209,91508980,0,101737,A,S,77200,100,
600061.SH,600061,20251209,91508980,0,101738,A,S,77500,100,
600061.SH,600061,20251209,91508980,0,101902,A,S,77100,15800,
600061.SH,600061,20251209,91508980,0,101909,A,B,75000,3000,
600061.SH,600061,20251209,91508980,0,102226,A,S,76600,1000,
600061.SH,600061,20251209,91508980,0,102589,A,B,74100,1000,
600061.SH,600061,20251209,91508980,0,102622,A,B,73600,1000,
600061.SH,600061,20251209,91508980,0,102847,A,B,73100,1000,
600061.SH,600061,20251209,91509140,0,104055,A,S,77500,6600,
600061.SH,600061,20251209,91509140,0,104158,A,S,81400,6200,
600061.SH,600061,20251209,91509140,0,104452,A,S,79000,6300,
600061.SH,600061,20251209,91509140,0,104453,A,B,75100,19200,
600061.SH,600061,20251209,91509140,0,104805,A,S,79900,1600,
600061.SH,600061,20251209,91509310,0,105525,A,S,78200,700,
600061.SH,600061,20251209,91509310,0,105681,A,S,78200,10000,
600061.SH,600061,20251209,91509310,0,106024,A,S,77500,600,
600061.SH,600061,20251209,91509310,0,106025,A,S,78800,600,
600061.SH,600061,20251209,91509310,0,106026,A,S,79900,600,
600061.SH,600061,20251209,91509310,0,106027,A,S,82500,600,
600061.SH,600061,20251209,91509310,0,106102,A,B,73800,600,
600061.SH,600061,20251209,91509310,0,106103,A,B,72800,1200,
600061.SH,600061,20251209,91509310,0,106104,A,B,70100,1200,
600061.SH,600061,20251209,91509310,0,106328,A,S,78000,10000,
600061.SH,600061,20251209,91509310,0,106500,A,S,78700,2000,
600061.SH,600061,20251209,91509310,0,106641,A,B,75500,8000,
600061.SH,600061,20251209,91509310,0,107156,A,S,82500,200,
600061.SH,600061,20251209,91509310,0,107157,A,S,79500,100,
600061.SH,600061,20251209,91509310,0,107392,A,S,78000,400,
600061.SH,600061,20251209,91509310,0,107397,A,S,80800,1000,
600061.SH,600061,20251209,91509310,0,107398,A,S,82800,1000,
600061.SH,600061,20251209,91509450,0,107486,A,S,78500,600,
600061.SH,600061,20251209,91509450,0,108555,A,S,83200,12000,
600061.SH,600061,20251209,91509450,0,109055,A,S,83500,400,
600061.SH,600061,20251209,91509620,0,110009,A,S,83500,2100,
600061.SH,600061,20251209,91509620,0,110613,A,B,75500,700,
600061.SH,600061,20251209,91509620,0,111311,A,S,83600,10000,
600061.SH,600061,20251209,91509760,0,112536,A,S,78800,1800,
600061.SH,600061,20251209,91509760,0,112703,A,S,79900,10000,
600061.SH,600061,20251209,91509760,0,112932,A,B,73000,300,
600061.SH,600061,20251209,91509760,0,112952,A,B,73200,500,
600061.SH,600061,20251209,91509760,0,112997,A,S,77900,1000,
600061.SH,600061,20251209,91509760,0,113063,A,B,75000,5000,
600061.SH,600061,20251209,91509760,0,113064,A,B,74900,5000,
600061.SH,600061,20251209,91509760,0,113073,A,B,74800,3000,
600061.SH,600061,20251209,91509760,0,113074,A,B,74700,3000,
600061.SH,600061,20251209,91509760,0,113075,A,B,74600,3000,
600061.SH,600061,20251209,91509760,0,113077,A,B,74500,5000,
600061.SH,600061,20251209,91509760,0,113080,A,B,74400,3000,
600061.SH,600061,20251209,91509900,0,113340,A,B,75800,400,
600061.SH,600061,20251209,91509900,0,114495,A,S,80500,1500,
600061.SH,600061,20251209,91509900,0,114572,A,S,83300,1200,
600061.SH,600061,20251209,91509900,0,114616,A,S,77900,1300,
600061.SH,600061,20251209,91509900,0,115271,A,S,76900,4000,
600061.SH,600061,20251209,91510070,0,115479,A,S,77900,800,
600061.SH,600061,20251209,91510070,0,115480,A,S,78000,800,
600061.SH,600061,20251209,91510070,0,115482,A,S,78000,1600,
600061.SH,600061,20251209,91510070,0,115508,A,B,75000,1800,
600061.SH,600061,20251209,91510070,0,115917,A,S,79800,7400,
600061.SH,600061,20251209,91510070,0,116651,A,S,80400,2400,
600061.SH,600061,20251209,91510070,0,116698,A,S,83300,6200,
600061.SH,600061,20251209,91510070,0,116794,A,B,73600,600,
600061.SH,600061,20251209,91510070,0,116795,A,B,72600,600,
600061.SH,600061,20251209,91510070,0,116850,A,B,72300,600,
600061.SH,600061,20251209,91510210,0,117034,A,S,76800,7500,
600061.SH,600061,20251209,91510210,0,117405,A,B,75000,400,
600061.SH,600061,20251209,91510210,0,117427,A,S,77500,10000,
600061.SH,600061,20251209,91510210,0,117509,A,B,75500,300,
600061.SH,600061,20251209,91510210,0,118354,A,B,74800,1800,
600061.SH,600061,20251209,91510210,0,118564,A,S,77300,600,
600061.SH,600061,20251209,91510210,0,118565,A,B,74000,3800,
600061.SH,600061,20251209,91510360,0,119016,A,B,75200,3400,
600061.SH,600061,20251209,91510360,0,119061,A,S,83000,100,
600061.SH,600061,20251209,91510360,0,119164,A,S,78800,1000,
600061.SH,600061,20251209,91510360,0,119166,A,S,79900,1000,
600061.SH,600061,20251209,91510360,0,119173,A,S,83400,6000,
600061.SH,600061,20251209,91510360,0,119174,A,S,79900,5100,
600061.SH,600061,20251209,91510360,0,119289,A,S,77900,700,
600061.SH,600061,20251209,91510360,0,119792,A,B,72300,1200,
600061.SH,600061,20251209,91510360,0,119794,A,S,78300,300,
600061.SH,600061,20251209,91510360,0,119942,A,S,83600,100,
600061.SH,600061,20251209,91510360,0,120075,A,S,76800,3700,
600061.SH,600061,20251209,91510360,0,120220,A,B,76000,200,
600061.SH,600061,20251209,91510360,0,120627,A,S,78200,800,
600061.SH,600061,20251209,91510360,0,120911,A,S,77300,1100,
600061.SH,600061,20251209,91510520,0,121106,A,B,75100,5000,
600061.SH,600061,20251209,91510520,0,121133,A,S,83600,600,
600061.SH,600061,20251209,91510520,0,121468,A,S,77300,2000,
600061.SH,600061,20251209,91510520,0,121526,A,S,80500,600,
600061.SH,600061,20251209,91510520,0,122081,A,S,83300,5000,
600061.SH,600061,20251209,91510520,0,122473,A,S,78600,6100,
600061.SH,600061,20251209,91510520,0,122488,A,S,83600,1500,
600061.SH,600061,20251209,91510520,0,122572,A,S,78500,100,
600061.SH,600061,20251209,91510520,0,122573,A,S,81000,100,
600061.SH,600061,20251209,91510520,0,122574,A,S,83600,100,
600061.SH,600061,20251209,91510520,0,122575,A,B,68400,100,
600061.SH,600061,20251209,91510520,0,122576,A,B,69900,100,
600061.SH,600061,20251209,91510520,0,122577,A,B,71400,100,
600061.SH,600061,20251209,91510520,0,122603,A,B,75100,100,
600061.SH,600061,20251209,91510520,0,122626,A,S,77100,100,
600061.SH,600061,20251209,91510520,0,122627,A,S,77400,100,
600061.SH,600061,20251209,91510520,0,122630,A,B,75000,1000,
600061.SH,600061,20251209,91510520,0,122631,A,B,74500,1000,
600061.SH,600061,20251209,91510690,0,123273,A,S,83600,800,
600061.SH,600061,20251209,91510690,0,123410,A,S,83000,800,
600061.SH,600061,20251209,91510690,0,124289,A,S,80500,500,
600061.SH,600061,20251209,91510690,0,124432,A,S,77600,200,
600061.SH,600061,20251209,91510690,0,124594,A,S,77100,4000,
600061.SH,600061,20251209,91510690,0,124599,A,S,80800,100,
600061.SH,600061,20251209,91510690,0,124600,A,B,73500,100,
600061.SH,600061,20251209,91510850,0,125287,A,S,80000,100,
600061.SH,600061,20251209,91511010,0,126999,A,B,74400,10000,
600061.SH,600061,20251209,91511010,0,127291,A,S,75000,900,
600061.SH,600061,20251209,91511010,0,127903,A,S,83600,5500,
600061.SH,600061,20251209,91511010,0,128120,A,S,77000,1000,
600061.SH,600061,20251209,91511010,0,128122,A,S,78000,1000,
600061.SH,600061,20251209,91511010,0,128123,A,S,79000,1000,
600061.SH,600061,20251209,91511010,0,128749,A,S,83600,2000,
600061.SH,600061,20251209,91511010,0,128778,A,B,73800,4800,
600061.SH,600061,20251209,91511170,0,129373,A,S,78600,200,
600061.SH,600061,20251209,91511170,0,129374,A,B,74500,200,
600061.SH,600061,20251209,91511170,0,130380,A,S,82000,800,
600061.SH,600061,20251209,91511170,0,130641,A,S,83600,200,
600061.SH,600061,20251209,91511330,0,131047,A,B,74800,5000,
600061.SH,600061,20251209,91511330,0,131120,A,S,83600,1000,
600061.SH,600061,20251209,91511330,0,131413,A,S,78500,2000,
600061.SH,600061,20251209,91511330,0,131723,A,S,78000,800,
600061.SH,600061,20251209,91511330,0,131724,A,S,77900,800,
600061.SH,600061,20251209,91511330,0,131729,A,S,77900,1600,
600061.SH,600061,20251209,91511330,0,131754,A,B,74900,1800,
600061.SH,600061,20251209,91511330,0,131757,A,S,83500,300,
600061.SH,600061,20251209,91511330,0,132116,A,B,76100,10000,
600061.SH,600061,20251209,91511330,0,132367,A,S,83600,6000,
600061.SH,600061,20251209,91511330,0,132368,A,S,80900,6200,
600061.SH,600061,20251209,91511330,0,132484,A,S,83300,200,
600061.SH,600061,20251209,91511330,0,132613,A,S,77500,2600,
600061.SH,600061,20251209,91511330,0,132618,A,B,71500,2800,
600061.SH,600061,20251209,91511500,0,132789,A,B,70900,200,
600061.SH,600061,20251209,91511500,0,132798,A,S,77300,1000,
600061.SH,600061,20251209,91511500,0,133072,A,S,82800,2000,
600061.SH,600061,20251209,91511500,0,133169,A,S,76400,600,
600061.SH,600061,20251209,91511500,0,133205,A,S,78800,2000,
600061.SH,600061,20251209,91511500,0,133206,A,S,79900,10000,
600061.SH,600061,20251209,91511500,0,133566,A,S,78900,7500,
600061.SH,600061,20251209,91511500,0,133672,A,S,83600,1500,
600061.SH,600061,20251209,91511500,0,133780,A,B,73000,4000,
600061.SH,600061,20251209,91511500,0,134126,A,S,78900,5000,
600061.SH,600061,20251209,91511500,0,134236,A,S,80800,2000,
600061.SH,600061,20251209,91511500,0,134248,A,S,83000,2000,
600061.SH,600061,20251209,91511500,0,134264,A,S,77000,100,
600061.SH,600061,20251209,91511500,0,134265,A,S,77500,100,
600061.SH,600061,20251209,91511500,0,134266,A,B,75500,100,
600061.SH,600061,20251209,91511500,0,134267,A,B,74700,100,
600061.SH,600061,20251209,91511500,0,134325,A,B,68400,400,
600061.SH,600061,20251209,91511680,0,134944,A,S,78700,100,
600061.SH,600061,20251209,91511680,0,135042,A,B,73500,400,
600061.SH,600061,20251209,91511680,0,135463,A,B,74800,1000,
600061.SH,600061,20251209,91511680,0,135480,A,S,78500,1000,
600061.SH,600061,20251209,91511680,0,135661,A,S,81900,6100,
600061.SH,600061,20251209,91511680,0,135687,A,S,80000,7428,
600061.SH,600061,20251209,91511680,0,136053,A,S,82600,200,
600061.SH,600061,20251209,91511680,0,136218,A,S,82000,2400,
600061.SH,600061,20251209,91511850,0,136726,A,B,70800,700,
600061.SH,600061,20251209,91511850,0,136727,A,S,78000,700,
600061.SH,600061,20251209,91511850,0,136959,A,S,83600,20000,
600061.SH,600061,20251209,91511850,0,137326,A,S,77200,3000,
600061.SH,600061,20251209,91511850,0,137328,A,S,77900,3200,
600061.SH,600061,20251209,91511850,0,137809,A,S,83600,200,
600061.SH,600061,20251209,91511850,0,137914,A,B,73500,200,
600061.SH,600061,20251209,91511850,0,137915,A,B,70900,400,
600061.SH,600061,20251209,91511850,0,137952,A,S,83600,2000,
600061.SH,600061,20251209,91511850,0,138454,A,S,77500,100,
600061.SH,600061,20251209,91512030,0,139143,A,S,83600,600,
600061.SH,600061,20251209,91512030,0,139786,A,S,78500,1000,
600061.SH,600061,20251209,91512030,0,139787,A,S,79800,1000,
600061.SH,600061,20251209,91512030,0,139788,A,S,82500,1000,
600061.SH,600061,20251209,91512030,0,139998,A,S,77700,500,
600061.SH,600061,20251209,91512030,0,140032,A,S,79700,500,
600061.SH,600061,20251209,91512030,0,140100,A,B,75100,38500,
600061.SH,600061,20251209,91512030,0,140499,A,S,77900,10000,
600061.SH,600061,20251209,91512030,0,140500,A,S,79200,10000,
600061.SH,600061,20251209,91512190,0,141365,A,S,81700,500,
600061.SH,600061,20251209,91512190,0,141405,A,S,81300,1100,
600061.SH,600061,20251209,91512330,0,142123,A,S,83600,200,
600061.SH,600061,20251209,91512330,0,142345,A,S,77800,600,
600061.SH,600061,20251209,91512330,0,142346,A,S,78800,600,
600061.SH,600061,20251209,91512330,0,142347,A,S,79800,600,
600061.SH,600061,20251209,91512330,0,142348,A,S,80800,600,
600061.SH,600061,20251209,91512330,0,142405,A,S,81800,600,
600061.SH,600061,20251209,91512330,0,142406,A,S,82800,600,
600061.SH,600061,20251209,91512330,0,142407,A,S,83300,500,
600061.SH,600061,20251209,91512330,0,142842,A,S,77800,2000,
600061.SH,600061,20251209,91512330,0,142844,A,S,78800,2000,
600061.SH,600061,20251209,91512330,0,142856,A,S,79800,2000,
600061.SH,600061,20251209,91512330,0,142859,A,S,80800,2000,
600061.SH,600061,20251209,91512330,0,143027,A,S,83600,1000,
600061.SH,600061,20251209,91512330,0,143088,A,S,81800,2000,
600061.SH,600061,20251209,91512330,0,143213,A,B,75000,2000,
600061.SH,600061,20251209,91512330,0,143223,A,B,73000,2000,
600061.SH,600061,20251209,91512330,0,143231,A,B,73800,5000,
600061.SH,600061,20251209,91512330,0,143289,A,S,81800,2000,
600061.SH,600061,20251209,91512330,0,143340,A,S,77900,2000,
600061.SH,600061,20251209,91512330,0,143342,A,S,80900,2000,
600061.SH,600061,20251209,91512330,0,143363,A,S,78900,2000,
600061.SH,600061,20251209,91512330,0,143364,A,S,82900,2000,
600061.SH,600061,20251209,91512330,0,143530,A,B,74900,3600,
600061.SH,600061,20251209,91512330,0,143546,A,B,75000,3600,
600061.SH,600061,20251209,91512330,0,143767,A,B,73000,2000,
600061.SH,600061,20251209,91512330,0,143788,A,B,73000,2000,
600061.SH,600061,20251209,91512330,0,143935,A,S,83000,200,
600061.SH,600061,20251209,91512530,0,144401,A,B,74000,100,
600061.SH,600061,20251209,91512530,0,144455,A,S,82500,1100,
600061.SH,600061,20251209,91512530,0,144529,A,S,81000,100,
600061.SH,600061,20251209,91512530,0,144530,A,S,83600,100,
600061.SH,600061,20251209,91512530,0,144915,A,S,77800,500,
600061.SH,600061,20251209,91512530,0,144923,A,S,79700,500,
600061.SH,600061,20251209,91512530,0,144926,A,S,83600,500,
600061.SH,600061,20251209,91512530,0,145107,A,B,68400,800,
600061.SH,600061,20251209,91512530,0,145120,A,S,76800,700,
600061.SH,600061,20251209,91512530,0,145121,A,S,76500,700,
600061.SH,600061,20251209,91512530,0,145233,A,S,78500,100,
600061.SH,600061,20251209,91512530,0,145681,A,S,78800,500,
600061.SH,600061,20251209,91512530,0,145682,A,S,79300,800,
600061.SH,600061,20251209,91512530,0,145689,A,S,79600,1100,
600061.SH,600061,20251209,91512530,0,145695,A,S,81000,100,
600061.SH,600061,20251209,91512530,0,145698,A,S,83600,100,
600061.SH,600061,20251209,91512700,0,146572,A,S,79300,5700,
600061.SH,600061,20251209,91512700,0,146843,A,S,83600,1000,
600061.SH,600061,20251209,91512700,0,148009,A,S,83600,300,
600061.SH,600061,20251209,91512860,0,149015,A,S,78800,2000,
600061.SH,600061,20251209,91512860,0,149017,A,S,82500,2000,
600061.SH,600061,20251209,91512860,0,149084,A,B,75100,1000,
600061.SH,600061,20251209,91512860,0,149103,A,S,83500,1000,
600061.SH,600061,20251209,91512860,0,149345,A,B,75200,3300,
600061.SH,600061,20251209,91512860,0,149447,A,S,76200,2700,
600061.SH,600061,20251209,91513020,0,150421,A,S,81500,5300,
600061.SH,600061,20251209,91513020,0,150429,A,S,83600,5000,
600061.SH,600061,20251209,91513020,0,150502,A,S,83300,900,
600061.SH,600061,20251209,91513020,0,150507,A,B,70000,400,
600061.SH,600061,20251209,91513020,0,150966,A,B,75100,3000,
600061.SH,600061,20251209,91513020,0,151050,A,S,78200,1300,
600061.SH,600061,20251209,91513020,0,151940,A,S,83600,100,
600061.SH,600061,20251209,91513190,0,152235,A,B,75000,500,
600061.SH,600061,20251209,91513190,0,152464,A,S,83600,2000,
600061.SH,600061,20251209,91513190,0,152486,A,S,76900,1200,
600061.SH,600061,20251209,91513190,0,152950,A,S,83600,700,
600061.SH,600061,20251209,91513190,0,153321,A,S,79600,4000,
600061.SH,600061,20251209,91513190,0,153437,A,S,77600,600,
600061.SH,600061,20251209,91513190,0,153447,A,S,82300,600,
600061.SH,600061,20251209,91513190,0,153475,A,B,74300,1000,
600061.SH,600061,20251209,91513190,0,153545,A,B,75200,5000,
600061.SH,600061,20251209,91513190,0,153872,A,S,77100,300,
600061.SH,600061,20251209,91513350,0,154355,A,B,76000,1000,
600061.SH,600061,20251209,91513350,0,154356,A,B,75000,1000,
600061.SH,600061,20251209,91513350,0,154357,A,B,74000,1000,
600061.SH,600061,20251209,91513350,0,154566,A,B,68400,100,
600061.SH,600061,20251209,91513350,0,154817,A,S,82500,2900,
600061.SH,600061,20251209,91513350,0,154818,A,S,83500,2900,
600061.SH,600061,20251209,91513350,0,154861,A,B,74200,200,
600061.SH,600061,20251209,91513350,0,155255,A,S,78500,100,
600061.SH,600061,20251209,91513350,0,155374,A,S,77800,4400,
600061.SH,600061,20251209,91513350,0,155632,A,B,75400,2000,
600061.SH,600061,20251209,91513510,0,156063,A,S,82400,2700,
600061.SH,600061,20251209,91513550,0,156534,A,B,68400,2000,
600061.SH,600061,20251209,91513550,0,156798,A,B,75600,300,
600061.SH,600061,20251209,91513550,0,156800,A,B,75800,200,
600061.SH,600061,20251209,91513550,0,156801,A,B,75400,300,
600061.SH,600061,20251209,91513550,0,156802,A,B,75000,400,
600061.SH,600061,20251209,91513550,0,156810,A,B,75200,300,
600061.SH,600061,20251209,91513550,0,156841,A,B,74800,200,
600061.SH,600061,20251209,91513550,0,156843,A,B,74500,500,
600061.SH,600061,20251209,91513550,0,157303,A,S,77400,2000,
600061.SH,600061,20251209,91513550,0,157304,A,B,75200,1000,
600061.SH,600061,20251209,91513550,0,157939,A,S,83600,500,
600061.SH,600061,20251209,91513710,0,158189,A,S,81800,2000,
600061.SH,600061,20251209,91513710,0,158217,A,S,77900,2000,
600061.SH,600061,20251209,91513710,0,158218,A,S,81600,2000,
600061.SH,600061,20251209,91513710,0,158343,A,B,73300,800,
600061.SH,600061,20251209,91513710,0,158435,A,S,77500,3000,
600061.SH,600061,20251209,91513710,0,159127,A,S,77100,400,
600061.SH,600061,20251209,91513710,0,159560,A,S,80000,1900,
600061.SH,600061,20251209,91513870,0,161294,A,S,83300,60000,
600061.SH,600061,20251209,91513870,0,161389,A,S,76800,2500,
600061.SH,600061,20251209,91513870,0,161869,A,B,75000,500,
600061.SH,600061,20251209,91513870,0,161888,A,S,83600,1000,
600061.SH,600061,20251209,91513870,0,161908,A,S,82000,1000,
600061.SH,600061,20251209,91513870,0,161973,A,S,83500,1000,
600061.SH,600061,20251209,91513870,0,161994,A,S,79600,1000,
600061.SH,600061,20251209,91513870,0,162004,A,S,83500,1500,
600061.SH,600061,20251209,91514050,0,162509,A,S,79300,4000,
600061.SH,600061,20251209,91514050,0,162789,A,B,72500,200,
600061.SH,600061,20251209,91514050,0,162790,A,B,71500,200,
600061.SH,600061,20251209,91514050,0,163029,A,S,78800,20000,
600061.SH,600061,20251209,91514050,0,163034,A,B,74100,20000,
600061.SH,600061,20251209,91514050,0,163118,A,S,83300,200,
600061.SH,600061,20251209,91514050,0,163133,A,B,70000,200,
600061.SH,600061,20251209,91514150,0,163205,A,S,77900,1600,
600061.SH,600061,20251209,91514150,0,163718,A,S,83400,500,
600061.SH,600061,20251209,91514150,0,163736,A,B,75000,1000,
600061.SH,600061,20251209,91514150,0,163854,A,S,78300,5000,
600061.SH,600061,20251209,91514150,0,163881,A,S,79600,6600,
600061.SH,600061,20251209,91514150,0,164010,A,S,77500,30000,
600061.SH,600061,20251209,91514150,0,164233,A,S,83000,208,
600061.SH,600061,20251209,91514150,0,164251,A,S,79700,9800,
600061.SH,600061,20251209,91514150,0,164386,A,B,75600,10000,
600061.SH,600061,20251209,91514150,0,164797,A,B,75200,5000,
600061.SH,600061,20251209,91514310,0,166040,A,B,74500,10000,
600061.SH,600061,20251209,91514310,0,166367,A,S,78000,1600,
600061.SH,600061,20251209,91514310,0,166582,A,S,83500,1400,
600061.SH,600061,20251209,91514470,0,167086,A,B,75700,5000,
600061.SH,600061,20251209,91514470,0,167087,A,B,73600,1100,
600061.SH,600061,20251209,91514470,0,167094,A,S,75900,1700,
600061.SH,600061,20251209,91514470,0,167216,A,S,78600,10000,
600061.SH,600061,20251209,91514470,0,167462,A,S,77100,300,
600061.SH,600061,20251209,91514470,0,167656,A,S,83600,500,
600061.SH,600061,20251209,91514470,0,168098,A,S,78000,1000,
600061.SH,600061,20251209,91514470,0,168189,A,S,83600,200,
600061.SH,600061,20251209,91514470,0,168309,A,B,76100,100,
600061.SH,600061,20251209,91514470,0,168804,A,S,77600,100,
600061.SH,600061,20251209,91514470,0,168826,A,S,83600,1400,
600061.SH,600061,20251209,91514470,0,168915,A,B,73200,10000,
600061.SH,600061,20251209,91514470,0,168969,A,S,79400,100,
600061.SH,600061,20251209,91514470,0,168970,A,B,75200,200,
600061.SH,600061,20251209,91514470,0,168971,A,B,74700,300,
600061.SH,600061,20251209,91514470,0,168972,A,B,74500,400,
600061.SH,600061,20251209,91514470,0,168977,A,S,77400,200,
600061.SH,600061,20251209,91514640,0,168979,A,S,77600,300,
600061.SH,600061,20251209,91514640,0,169114,A,B,75300,200,
600061.SH,600061,20251209,91514640,0,169119,A,B,74900,200,
600061.SH,600061,20251209,91514640,0,169120,A,B,74500,300,
600061.SH,600061,20251209,91514640,0,169121,A,S,76900,200,
600061.SH,600061,20251209,91514680,0,169574,A,S,83500,45000,
600061.SH,600061,20251209,91514680,0,169864,A,S,83600,2000,
600061.SH,600061,20251209,91514680,0,169879,A,S,83600,6100,
600061.SH,600061,20251209,91514680,0,170445,A,S,78100,1000,
600061.SH,600061,20251209,91514680,0,170551,A,B,74800,1000,
600061.SH,600061,20251209,91514680,0,170612,A,S,76800,10200,
600061.SH,600061,20251209,91514850,0,171774,A,S,83600,1300,
600061.SH,600061,20251209,91514850,0,171785,A,B,75300,2600,
600061.SH,600061,20251209,91515060,0,173376,A,S,78200,10000,
600061.SH,600061,20251209,91515060,0,173405,A,S,78500,800,
600061.SH,600061,20251209,91515150,0,174039,A,B,71500,4000,
600061.SH,600061,20251209,91515150,0,174161,A,B,74000,1000,
600061.SH,600061,20251209,91515150,0,174266,A,S,80000,300,
600061.SH,600061,20251209,91515150,0,174923,A,S,78000,800,
600061.SH,600061,20251209,91515150,0,175248,A,B,76100,100,
600061.SH,600061,20251209,91515150,0,175448,A,S,81400,1000,
600061.SH,600061,20251209,91515310,0,176061,A,B,74000,2000,
600061.SH,600061,20251209,91515310,0,176141,A,S,77400,100,
600061.SH,600061,20251209,91515310,0,176856,A,S,76300,300,
600061.SH,600061,20251209,91515310,0,176866,A,B,75000,300,
600061.SH,600061,20251209,91515310,0,177330,A,S,76800,100,
600061.SH,600061,20251209,91515310,0,177335,A,B,77900,800,
600061.SH,600061,20251209,91515310,0,177348,A,B,77900,100,
600061.SH,600061,20251209,91515460,0,178214,A,B,76100,100,
600061.SH,600061,20251209,91515660,0,179725,A,B,74700,400,
600061.SH,600061,20251209,91515660,0,181020,A,S,80700,200,
600061.SH,600061,20251209,91515660,0,181042,A,S,77000,4000,
600061.SH,600061,20251209,91515660,0,181059,A,B,75300,3500,
600061.SH,600061,20251209,91515830,0,181311,A,S,78500,200,
600061.SH,600061,20251209,91515830,0,181313,A,S,79500,200,
600061.SH,600061,20251209,91515830,0,181517,A,S,76700,5000,
600061.SH,600061,20251209,91515830,0,181765,A,B,75100,18000,
600061.SH,600061,20251209,91515830,0,181838,A,S,77500,2000,
600061.SH,600061,20251209,91515830,0,182002,A,B,74100,4000,
600061.SH,600061,20251209,91515830,0,182008,A,S,76600,200,
600061.SH,600061,20251209,91515830,0,182549,A,S,78500,4500,
600061.SH,600061,20251209,91516000,0,183444,A,S,83500,2400,
600061.SH,600061,20251209,91516000,0,183700,A,S,80000,600,
600061.SH,600061,20251209,91516180,0,185271,A,S,77300,300,
600061.SH,600061,20251209,91516180,0,185800,A,B,75000,2900,
600061.SH,600061,20251209,91516180,0,185893,A,S,76900,2000,
600061.SH,600061,20251209,91516180,0,186053,A,S,83600,4400,
600061.SH,600061,20251209,91516180,0,186450,A,S,79900,800,
600061.SH,600061,20251209,91516180,0,186451,A,S,81900,1000,
600061.SH,600061,20251209,91516180,0,186453,A,S,83600,1000,
600061.SH,600061,20251209,91516180,0,186606,A,B,72100,4000,
600061.SH,600061,20251209,91516180,0,186736,A,S,79200,3300,
600061.SH,600061,20251209,91516180,0,186737,A,S,83600,3300,
600061.SH,600061,20251209,91516350,0,187289,A,S,76500,10100,
600061.SH,600061,20251209,91516350,0,187439,A,S,77900,50500,
600061.SH,600061,20251209,91516350,0,187443,A,B,73800,300,
600061.SH,600061,20251209,91516350,0,187444,A,B,72300,300,
600061.SH,600061,20251209,91516350,0,187446,A,B,70800,300,
600061.SH,600061,20251209,91516350,0,187492,A,B,69300,300,
600061.SH,600061,20251209,91516350,0,187493,A,S,77300,300,
600061.SH,600061,20251209,91516350,0,187494,A,S,79300,200,
600061.SH,600061,20251209,91516350,0,187495,A,S,81300,300,
600061.SH,600061,20251209,91516350,0,187496,A,S,83300,200,
600061.SH,600061,20251209,91516350,0,188034,A,S,80000,900,
600061.SH,600061,20251209,91516350,0,188064,A,S,83600,32200,
600061.SH,600061,20251209,91516350,0,188114,A,S,83600,18000,
600061.SH,600061,20251209,91516350,0,188149,A,S,77900,100,
600061.SH,600061,20251209,91516350,0,188189,A,B,74900,1800,
600061.SH,600061,20251209,91516350,0,188288,A,S,77000,7000,
600061.SH,600061,20251209,91516350,0,188828,A,B,73000,400,
600061.SH,600061,20251209,91516520,0,189372,A,S,83600,700,
600061.SH,600061,20251209,91516520,0,189415,A,S,79800,100,
600061.SH,600061,20251209,91516520,0,190086,A,S,76100,900,
600061.SH,600061,20251209,91516520,0,190087,A,S,76200,1000,
600061.SH,600061,20251209,91516520,0,190092,A,S,76300,1000,
600061.SH,600061,20251209,91516520,0,190094,A,S,76400,900,
600061.SH,600061,20251209,91516520,0,190437,A,S,83600,4200,
600061.SH,600061,20251209,91516520,0,190548,A,B,75000,1800,
600061.SH,600061,20251209,91516520,0,190844,A,S,77500,2700,
600061.SH,600061,20251209,91516520,0,190871,A,S,81800,50000,
600061.SH,600061,20251209,91516690,0,191544,A,S,83500,1000,
600061.SH,600061,20251209,91516690,0,191999,A,S,76200,1000,
600061.SH,600061,20251209,91516890,0,193534,A,S,77300,700,
600061.SH,600061,20251209,91516890,0,193536,A,S,78800,700,
600061.SH,600061,20251209,91516890,0,193537,A,S,80400,700,
600061.SH,600061,20251209,91517040,0,194421,A,B,83600,1100,
600061.SH,600061,20251209,91517040,0,195300,A,S,78000,800,
600061.SH,600061,20251209,91517040,0,195441,A,B,74900,1800,
600061.SH,600061,20251209,91517040,0,195586,A,B,75000,1800,
600061.SH,600061,20251209,91517190,0,195441,D,B,74900,1800,
600061.SH,600061,20251209,91517190,0,195998,A,S,78000,2000,
600061.SH,600061,20251209,91517190,0,195586,D,B,75000,1800,
600061.SH,600061,20251209,91517190,0,196146,A,S,77900,800,
600061.SH,600061,20251209,91517270,0,196705,A,B,75000,3600,
600061.SH,600061,20251209,91517270,0,196709,A,B,74900,3600,
600061.SH,600061,20251209,91517270,0,196888,A,S,78400,600,
600061.SH,600061,20251209,91517270,0,197057,A,S,78800,500,
600061.SH,600061,20251209,91517270,0,197608,A,S,78000,3900,
600061.SH,600061,20251209,91517270,0,197786,A,S,83500,500,
600061.SH,600061,20251209,91517430,0,198857,A,S,79000,700,
600061.SH,600061,20251209,91517430,0,199254,A,S,83600,5000,
600061.SH,600061,20251209,91517430,0,199681,A,B,74200,1000,
600061.SH,600061,20251209,91517430,0,199943,A,S,78200,1000,
600061.SH,600061,20251209,91517430,0,199946,A,B,70800,1000,
600061.SH,600061,20251209,91517600,0,200659,A,B,74800,500,
600061.SH,600061,20251209,91517600,0,200819,A,S,79700,2500,
600061.SH,600061,20251209,91517600,0,200971,A,S,80000,1000,
600061.SH,600061,20251209,91517600,0,200976,A,S,83000,1000,
600061.SH,600061,20251209,91517600,0,201146,A,S,79300,1000,
600061.SH,600061,20251209,91517690,0,201410,A,S,78500,100,
600061.SH,600061,20251209,91517690,0,201497,A,S,81000,100,
600061.SH,600061,20251209,91517690,0,201771,A,S,83600,100,
600061.SH,600061,20251209,91517690,0,202095,A,S,82000,300,
600061.SH,600061,20251209,91517690,0,202150,A,B,75600,500,
600061.SH,600061,20251209,91517690,0,202151,A,S,77700,500,
600061.SH,600061,20251209,91517690,0,202265,A,S,79500,2000,
600061.SH,600061,20251209,91517690,0,202267,A,S,83600,4000,
600061.SH,600061,20251209,91517860,0,203646,A,B,75500,1000,
600061.SH,600061,20251209,91517860,0,203676,A,S,77100,800,
600061.SH,600061,20251209,91517860,0,204401,A,S,79000,500,
600061.SH,600061,20251209,91517860,0,204562,A,B,75000,200,
600061.SH,600061,20251209,91517860,0,204573,A,S,79500,500,
600061.SH,600061,20251209,91517860,0,204574,A,S,81900,500,
600061.SH,600061,20251209,91517860,0,204575,A,S,83600,500,
600061.SH,600061,20251209,91517860,0,204689,A,S,77900,500,
600061.SH,600061,20251209,91517860,0,204690,A,S,79900,500,
600061.SH,600061,20251209,91517860,0,204691,A,S,81900,500,
600061.SH,600061,20251209,91517860,0,204692,A,S,83500,600,
600061.SH,600061,20251209,91518030,0,205187,A,B,72100,1000,
600061.SH,600061,20251209,91518030,0,205404,A,S,78000,3000,
600061.SH,600061,20251209,91518030,0,205697,A,B,75100,1000,
600061.SH,600061,20251209,91518030,0,205760,A,S,80800,1000,
600061.SH,600061,20251209,91518030,0,205823,A,S,78000,500,
600061.SH,600061,20251209,91518030,0,205932,A,S,82500,9500,
600061.SH,600061,20251209,91518030,0,205978,A,S,77700,1000,
600061.SH,600061,20251209,91518250,0,207210,A,S,78000,6600,
600061.SH,600061,20251209,91518250,0,207327,A,B,73700,1000,
600061.SH,600061,20251209,91518250,0,208025,A,S,77900,600,
600061.SH,600061,20251209,91518250,0,208236,A,S,78000,2500,
600061.SH,600061,20251209,91518250,0,208417,A,S,77800,5000,
600061.SH,600061,20251209,91518250,0,208418,A,S,79800,10000,
600061.SH,600061,20251209,91518250,0,208461,A,B,75300,2000,
600061.SH,600061,20251209,91518250,0,208472,A,B,73400,4500,
600061.SH,600061,20251209,91518250,0,208564,A,B,74400,3000,
600061.SH,600061,20251209,91518250,0,208810,A,S,83200,10900,
600061.SH,600061,20251209,91518430,0,209047,A,B,74100,4000,
600061.SH,600061,20251209,91518430,0,209354,A,S,83600,800,
600061.SH,600061,20251209,91518430,0,209464,A,B,75000,10000,
600061.SH,600061,20251209,91518430,0,209762,A,S,76900,5000,
600061.SH,600061,20251209,91518430,0,209763,A,S,78900,5000,
600061.SH,600061,20251209,91518430,0,209911,A,S,77700,20000,
600061.SH,600061,20251209,91518530,0,210702,A,B,76100,100,
600061.SH,600061,20251209,91518530,0,210865,A,S,77200,500,
600061.SH,600061,20251209,91518710,0,212532,A,B,75300,3800,
600061.SH,600061,20251209,91518710,0,212547,A,S,80100,400,
600061.SH,600061,20251209,91518850,0,212954,A,S,79600,1000,
600061.SH,600061,20251209,91518920,0,214108,A,B,75100,1700,
600061.SH,600061,20251209,91518920,0,214150,A,S,78800,2600,
600061.SH,600061,20251209,91518920,0,214154,A,S,80400,2500,
600061.SH,600061,20251209,91518920,0,214165,A,S,83400,4200,
600061.SH,600061,20251209,91518920,0,214233,A,S,77600,23000,
600061.SH,600061,20251209,91518920,0,214597,A,B,74400,3400,
600061.SH,600061,20251209,91518920,0,214800,A,S,77100,3000,
600061.SH,600061,20251209,91518920,0,215008,A,B,75200,3000,
600061.SH,600061,20251209,91518920,0,215009,A,B,74600,3100,
600061.SH,600061,20251209,91518920,0,215010,A,B,74200,3100,
600061.SH,600061,20251209,91518920,0,215012,A,B,75200,2600,
600061.SH,600061,20251209,91518920,0,215013,A,B,74600,2600,
600061.SH,600061,20251209,91518920,0,215014,A,B,74200,2700,
600061.SH,600061,20251209,91519110,0,215452,A,S,79200,600,
600061.SH,600061,20251209,91519110,0,215681,A,S,76800,2700,
600061.SH,600061,20251209,91519110,0,215710,A,S,77900,800,
600061.SH,600061,20251209,91519110,0,215712,A,S,78000,800,
600061.SH,600061,20251209,91519110,0,216104,A,B,69500,600,
600061.SH,600061,20251209,91519110,0,216308,A,B,75000,2200,
600061.SH,600061,20251209,91519110,0,216469,A,B,75000,1800,
600061.SH,600061,20251209,91519110,0,216474,A,B,74900,1800,
600061.SH,600061,20251209,91519260,0,216729,A,S,76500,100,
600061.SH,600061,20251209,91519260,0,217130,A,S,78900,400,
600061.SH,600061,20251209,91519410,0,218254,A,S,79200,13200,
600061.SH,600061,20251209,91519410,0,218293,A,S,76700,700,
600061.SH,600061,20251209,91519410,0,218485,A,S,80900,3000,
600061.SH,600061,20251209,91519410,0,218486,A,S,82200,4200,
600061.SH,600061,20251209,91519410,0,218749,A,B,75000,4500,
600061.SH,600061,20251209,91519410,0,218943,A,S,83600,6600,
600061.SH,600061,20251209,91519410,0,218954,A,B,74500,1000,
600061.SH,600061,20251209,91519410,0,218967,A,B,75400,800,
600061.SH,600061,20251209,91519410,0,218998,A,S,79400,900,
600061.SH,600061,20251209,91519410,0,219356,A,S,76900,700,
600061.SH,600061,20251209,91519410,0,219679,A,S,78500,100,
600061.SH,600061,20251209,91519410,0,219682,A,S,81000,100,
600061.SH,600061,20251209,91519410,0,219683,A,S,83600,100,
600061.SH,600061,20251209,91519590,0,219863,A,B,73600,700,
600061.SH,600061,20251209,91519590,0,219866,A,B,75600,400,
600061.SH,600061,20251209,91519590,0,220313,A,S,78300,500,
600061.SH,600061,20251209,91519590,0,220315,A,S,79700,500,
600061.SH,600061,20251209,91519590,0,220320,A,S,81100,500,
600061.SH,600061,20251209,91519590,0,220703,A,S,79800,500,
600061.SH,600061,20251209,91519590,0,221067,A,S,80000,100,
600061.SH,600061,20251209,91519590,0,221304,A,S,82500,300,
600061.SH,600061,20251209,91519590,0,221495,A,B,72100,200,
600061.SH,600061,20251209,91519590,0,221499,A,B,70700,200,
600061.SH,600061,20251209,91519590,0,221501,A,B,69300,200,
600061.SH,600061,20251209,91519590,0,221502,A,B,68600,200,
600061.SH,600061,20251209,91519780,0,221927,A,S,83600,1000,
600061.SH,600061,20251209,91519780,0,222205,A,S,78800,5000,
600061.SH,600061,20251209,91519780,0,222439,A,S,76600,6600,
600061.SH,600061,20251209,91519780,0,222638,A,S,83600,800,
600061.SH,600061,20251209,91519780,0,222792,A,S,78800,7000,
600061.SH,600061,20251209,91519780,0,223408,A,S,83600,100,
600061.SH,600061,20251209,91519780,0,223451,A,S,82500,3500,
600061.SH,600061,20251209,91519780,0,223504,A,S,76900,700,
600061.SH,600061,20251209,91519780,0,223513,A,S,83600,15200,
600061.SH,600061,20251209,91519960,0,224316,A,S,76900,3500,
600061.SH,600061,20251209,91519960,0,224321,A,B,75400,400,
600061.SH,600061,20251209,91519960,0,224460,A,S,80900,1000,
600061.SH,600061,20251209,91519960,0,224537,A,S,83600,98000,
600061.SH,600061,20251209,91519960,0,225018,A,S,78900,5000,
600061.SH,600061,20251209,91519960,0,225067,A,B,75100,3500,
600061.SH,600061,20251209,91520110,0,225322,A,S,78800,1200,
600061.SH,600061,20251209,91520180,0,225932,A,B,83600,1200,
600061.SH,600061,20251209,91520180,0,226215,A,S,76900,5000,
600061.SH,600061,20251209,91520180,0,226380,A,S,76800,1000,
600061.SH,600061,20251209,91520180,0,226668,A,B,75000,200,
600061.SH,600061,20251209,91520290,0,227056,A,S,76200,10000,
600061.SH,600061,20251209,91520290,0,227365,A,S,76800,1000,
600061.SH,600061,20251209,91520290,0,227684,A,S,76400,100000,
600061.SH,600061,20251209,91520290,0,228108,A,S,76900,7500,
600061.SH,600061,20251209,91520290,0,228131,A,S,78900,7500,
600061.SH,600061,20251209,91520290,0,228350,A,S,81300,147800,
600061.SH,600061,20251209,91520470,0,228545,A,S,80000,1000,
600061.SH,600061,20251209,91520470,0,228764,A,B,75500,14000,
600061.SH,600061,20251209,91520590,0,230170,A,S,80900,43000,
600061.SH,600061,20251209,91520590,0,231505,A,S,72000,300,
600061.SH,600061,20251209,91520590,0,231530,A,S,83600,50000,
600061.SH,600061,20251209,91520760,0,231721,A,S,83300,1400,
600061.SH,600061,20251209,91520760,0,231788,A,S,76900,5000,
600061.SH,600061,20251209,91520760,0,231939,A,S,83300,2000,
600061.SH,600061,20251209,91520760,0,232016,A,S,83300,1300,
600061.SH,600061,20251209,91520760,0,232035,A,S,83300,1300,
600061.SH,600061,20251209,91520760,0,232230,A,S,77600,500,
600061.SH,600061,20251209,91520760,0,232234,A,S,79000,500,
600061.SH,600061,20251209,91520760,0,232235,A,S,80400,500,
600061.SH,600061,20251209,91520760,0,232422,A,S,83600,10000,
600061.SH,600061,20251209,91520760,0,232567,A,B,73000,2800,
600061.SH,600061,20251209,91520760,0,232900,A,S,83600,500,
600061.SH,600061,20251209,91520760,0,233130,A,B,71400,200,
600061.SH,600061,20251209,91520760,0,233140,A,B,70000,200,
600061.SH,600061,20251209,91520950,0,233588,A,S,79500,500,
600061.SH,600061,20251209,91520950,0,233707,A,S,79600,6900,
600061.SH,600061,20251209,91520950,0,234512,A,B,75000,2000,
600061.SH,600061,20251209,91521130,0,235701,A,S,83600,2400,
600061.SH,600061,20251209,91521130,0,235973,A,S,78300,2000,
600061.SH,600061,20251209,91521130,0,236256,A,B,75800,600,
600061.SH,600061,20251209,91521130,0,236392,A,S,76600,600,
600061.SH,600061,20251209,91521330,0,237134,A,S,80000,5000,
600061.SH,600061,20251209,91521330,0,237532,A,B,75300,1000,
600061.SH,600061,20251209,91521330,0,237535,A,B,75200,10000,
600061.SH,600061,20251209,91521330,0,237547,A,S,79900,500,
600061.SH,600061,20251209,91521420,0,238046,A,S,83600,1000,
600061.SH,600061,20251209,91521420,0,238562,A,B,75100,4500,
600061.SH,600061,20251209,91521420,0,238603,A,B,75200,500,
600061.SH,600061,20251209,91521570,0,239203,A,B,73800,500,
600061.SH,600061,20251209,91521570,0,239886,A,S,83600,1000,
600061.SH,600061,20251209,91521570,0,240054,A,B,73000,500,
600061.SH,600061,20251209,91521670,0,240591,A,S,79000,200,
600061.SH,600061,20251209,91521670,0,240691,A,S,79700,200,
600061.SH,600061,20251209,91521670,0,240737,A,S,83500,3000,
600061.SH,600061,20251209,91521670,0,240817,A,S,80300,200,
600061.SH,600061,20251209,91521670,0,240875,A,B,72300,200,
600061.SH,600061,20251209,91521670,0,241433,A,S,80400,3200,
600061.SH,600061,20251209,91521670,0,241770,A,S,79100,1600,
600061.SH,600061,20251209,91521670,0,241875,A,S,80400,3000,
600061.SH,600061,20251209,91521850,0,242168,A,S,79500,700,
600061.SH,600061,20251209,91521850,0,242323,A,B,75100,6000,
600061.SH,600061,20251209,91521850,0,242438,A,B,75100,2500,
600061.SH,600061,20251209,91521850,0,243011,A,S,83500,40000,
600061.SH,600061,20251209,91521850,0,243136,A,S,77500,10000,
600061.SH,600061,20251209,91521990,0,244040,A,S,83600,1200,
600061.SH,600061,20251209,91521990,0,244325,A,S,83500,1000,
600061.SH,600061,20251209,91521990,0,244898,A,S,79700,4100,
600061.SH,600061,20251209,91521990,0,244915,A,S,83600,700,
600061.SH,600061,20251209,91521990,0,244922,A,S,83300,612,
600061.SH,600061,20251209,91521990,0,244989,A,S,81500,500,
600061.SH,600061,20251209,91521990,0,245044,A,S,82900,600,
600061.SH,600061,20251209,91521990,0,245121,A,S,77300,500,
600061.SH,600061,20251209,91521990,0,245151,A,S,83500,1000,
600061.SH,600061,20251209,91522160,0,245355,A,B,75300,700,
600061.SH,600061,20251209,91522160,0,245866,A,B,74800,3000,
600061.SH,600061,20251209,91522160,0,245924,A,S,83600,100,
600061.SH,600061,20251209,91522160,0,246094,A,S,77600,2000,
600061.SH,600061,20251209,91522160,0,246815,A,S,79800,5000,
600061.SH,600061,20251209,91522330,0,248320,A,S,76000,800,
600061.SH,600061,20251209,91522510,0,249099,A,B,75000,4000,
600061.SH,600061,20251209,91522650,0,250006,A,B,75000,20000,
600061.SH,600061,20251209,91522650,0,250406,A,B,70000,800,
600061.SH,600061,20251209,91522650,0,250801,A,S,74500,400,
600061.SH,600061,20251209,91522780,0,251187,A,S,83500,5000,
600061.SH,600061,20251209,91522780,0,251712,A,S,79300,5000,
600061.SH,600061,20251209,91522780,0,251791,A,B,70100,800,
600061.SH,600061,20251209,91522900,0,252438,A,S,76900,5000,
600061.SH,600061,20251209,91522900,0,252609,A,S,83600,4200,
600061.SH,600061,20251209,91522900,0,252822,A,B,70400,1700,
600061.SH,600061,20251209,91522900,0,252849,A,S,82500,1800,
600061.SH,600061,20251209,91522900,0,252850,A,B,68600,900,
600061.SH,600061,20251209,91522900,0,253314,A,S,83200,5000,
600061.SH,600061,20251209,91523070,0,253943,A,S,77500,1100,
600061.SH,600061,20251209,91523110,0,254390,A,S,77000,1500,
600061.SH,600061,20251209,91523110,0,254805,A,B,69200,100,
600061.SH,600061,20251209,91523470,0,256468,A,S,83200,1000,
600061.SH,600061,20251209,91524390,0,257249,A,S,83600,152,
600061.SH,600061,20251209,91524880,0,257433,A,S,78000,1500,
600061.SH,600061,20251209,91530320,0,259183,A,S,77300,1000,
600061.SH,600061,20251209,91530360,0,259198,A,S,77300,2000,
600061.SH,600061,20251209,91530360,0,259199,A,B,75700,2000,
600061.SH,600061,20251209,91532280,0,259843,A,B,74800,300,
600061.SH,600061,20251209,91532280,0,259844,A,S,77800,300,
600061.SH,600061,20251209,91534080,0,260452,A,S,77700,1000,
600061.SH,600061,20251209,91534080,0,260453,A,B,75500,1000,
600061.SH,600061,20251209,91535450,0,260915,A,S,76400,100,
600061.SH,600061,20251209,91537420,0,261590,A,S,68400,5600,
600061.SH,600061,20251209,91538250,0,261864,A,S,77400,3000,
600061.SH,600061,20251209,91538250,0,261865,A,B,75700,3000,
600061.SH,600061,20251209,91540390,0,262634,A,B,76000,200,
600061.SH,600061,20251209,91541300,0,262925,A,B,72900,100,
600061.SH,600061,20251209,91541300,0,262926,A,S,79100,100,
600061.SH,600061,20251209,91541410,0,262987,A,S,76800,100,
600061.SH,600061,20251209,91544290,0,263869,A,S,77300,5000,
600061.SH,600061,20251209,91545250,0,264182,A,S,77300,1000,
600061.SH,600061,20251209,91547520,0,264930,A,S,77200,100,
600061.SH,600061,20251209,91548340,0,265191,A,S,77500,4000,
600061.SH,600061,20251209,91549300,0,265473,A,B,69700,500,
600061.SH,600061,20251209,91553660,0,266976,A,S,77600,100,
600061.SH,600061,20251209,91559650,0,269071,A,S,78000,100,
600061.SH,600061,20251209,91559690,0,269094,A,S,78000,7000,
600061.SH,600061,20251209,91604300,0,271099,A,B,71800,3500,
600061.SH,600061,20251209,91604340,0,271128,A,S,76000,400,
600061.SH,600061,20251209,91604370,0,271137,A,S,78200,3500,
600061.SH,600061,20251209,91605690,0,271602,A,B,75600,100,
600061.SH,600061,20251209,91608080,0,272486,A,S,82700,100,
600061.SH,600061,20251209,91608300,0,272582,A,B,74100,500,
600061.SH,600061,20251209,91609200,0,272755,A,B,74800,2000,
600061.SH,600061,20251209,91611250,0,273141,A,B,83600,2500,
600061.SH,600061,20251209,91611750,0,273244,A,B,75200,100,
600061.SH,600061,20251209,91614540,0,273746,A,B,74000,400,
600061.SH,600061,20251209,91623310,0,275156,A,S,68400,2200,
600061.SH,600061,20251209,91624920,0,275440,A,B,75000,1000,
600061.SH,600061,20251209,91627510,0,275858,A,S,83600,500,
600061.SH,600061,20251209,91628670,0,276051,A,B,75100,400,
600061.SH,600061,20251209,91632890,0,276896,A,S,76900,500,
600061.SH,600061,20251209,91634260,0,277130,A,B,75300,300,
600061.SH,600061,20251209,91634290,0,277135,A,B,75500,1000,
600061.SH,600061,20251209,91635600,0,277338,A,S,76400,10000,
600061.SH,600061,20251209,91636110,0,277425,A,S,77600,2000,
600061.SH,600061,20251209,91636240,0,277448,A,B,75200,500,
600061.SH,600061,20251209,91640430,0,278166,A,S,77400,6000,
600061.SH,600061,20251209,91641280,0,278314,A,S,77600,4000,
600061.SH,600061,20251209,91643080,0,278627,A,S,83600,1600,
600061.SH,600061,20251209,91644210,0,278811,A,S,83600,4000,
600061.SH,600061,20251209,91644230,0,278818,A,S,80000,500,
600061.SH,600061,20251209,91644810,0,278926,A,B,75100,100,
600061.SH,600061,20251209,91646550,0,279217,A,S,83600,2300,
600061.SH,600061,20251209,91648020,0,279473,A,S,76100,50000,
600061.SH,600061,20251209,91649960,0,279804,A,S,76000,400,
600061.SH,600061,20251209,91650390,0,279878,A,S,77300,100,
600061.SH,600061,20251209,91650820,0,279952,A,S,83600,1600,
600061.SH,600061,20251209,91655260,0,280753,A,B,75300,1000,
600061.SH,600061,20251209,91655400,0,280789,A,S,76400,2000,
600061.SH,600061,20251209,91659190,0,281487,A,S,76200,32900,
600061.SH,600061,20251209,91700210,0,281691,A,B,74800,100,
600061.SH,600061,20251209,91703760,0,281487,D,S,76200,32900,
600061.SH,600061,20251209,91706440,0,282964,A,B,75000,1000,
600061.SH,600061,20251209,91707810,0,283247,A,S,76000,500,
600061.SH,600061,20251209,91708640,0,283412,A,S,83600,9000,
600061.SH,600061,20251209,91709780,0,283657,A,S,76400,7600,
600061.SH,600061,20251209,91709780,0,283662,A,S,76000,11600,
600061.SH,600061,20251209,91710560,0,283829,A,S,83600,200,
600061.SH,600061,20251209,91712200,0,284182,A,B,76000,1000,
600061.SH,600061,20251209,91712610,0,284260,A,S,68400,200,
600061.SH,600061,20251209,91714730,0,284713,A,S,76200,32900,
600061.SH,600061,20251209,91714860,0,284737,A,S,78100,1000,
600061.SH,600061,20251209,91719430,0,285603,A,S,76400,30000,
600061.SH,600061,20251209,91726440,0,286993,A,S,82300,9700,
600061.SH,600061,20251209,91726920,0,287085,A,S,78100,2000,
600061.SH,600061,20251209,91734900,0,288658,A,S,78600,100,
600061.SH,600061,20251209,91735080,0,288709,A,S,83600,3000,
600061.SH,600061,20251209,91740090,0,289730,A,S,76000,6200,
600061.SH,600061,20251209,91740500,0,289824,A,S,82600,3000,
600061.SH,600061,20251209,91741360,0,289986,A,S,76000,2000,
600061.SH,600061,20251209,91742960,0,283247,D,S,76000,500,
600061.SH,600061,20251209,91746430,0,290990,A,B,75800,3000,
600061.SH,600061,20251209,91747820,0,291277,A,S,75900,1000,
600061.SH,600061,20251209,91750540,0,291858,A,S,83600,28300,
600061.SH,600061,20251209,91750690,0,291895,A,B,75200,1000,
600061.SH,600061,20251209,91753710,0,292502,A,S,76000,100,
600061.SH,600061,20251209,91754110,0,292578,A,B,75600,500,
600061.SH,600061,20251209,91757640,0,293355,A,S,77800,1500,
600061.SH,600061,20251209,91759790,0,293793,A,S,77800,300,
600061.SH,600061,20251209,91801760,0,294208,A,S,76900,3700,
600061.SH,600061,20251209,91810620,0,296150,A,S,77100,6000,
600061.SH,600061,20251209,91814130,0,289730,D,S,76000,6200,
600061.SH,600061,20251209,91817730,0,297600,A,B,74000,1400,
600061.SH,600061,20251209,91822670,0,298629,A,S,79900,2900,
600061.SH,600061,20251209,91824880,0,299087,A,S,69100,300,
600061.SH,600061,20251209,91825230,0,299148,A,S,77800,1800,
600061.SH,600061,20251209,91827020,0,299521,A,S,75900,10000,
600061.SH,600061,20251209,91829950,0,300169,A,S,77400,3000,
600061.SH,600061,20251209,91833430,0,300919,A,S,83600,1000,
600061.SH,600061,20251209,91834060,0,301050,A,B,75100,5000,
600061.SH,600061,20251209,91835740,0,301405,A,S,76800,200,
600061.SH,600061,20251209,91835990,0,301447,A,S,75900,10000,
600061.SH,600061,20251209,91837330,0,301749,A,S,78000,500,
600061.SH,600061,20251209,91838230,0,301920,A,S,75900,2000,
600061.SH,600061,20251209,91844100,0,303176,A,B,76200,15100,
600061.SH,600061,20251209,91845460,0,303428,A,B,74200,5000,
600061.SH,600061,20251209,91846430,0,303655,A,B,74800,10000,
600061.SH,600061,20251209,91848270,0,304014,A,S,78000,500,
600061.SH,600061,20251209,91850050,0,304343,A,S,76500,4900,
600061.SH,600061,20251209,91852180,0,283662,D,S,76000,11600,
600061.SH,600061,20251209,91852260,0,303176,D,B,76200,15100,
600061.SH,600061,20251209,91853790,0,305217,A,B,75500,200,
600061.SH,600061,20251209,91855720,0,305643,A,S,68400,8200,
600061.SH,600061,20251209,91857550,0,306023,A,S,83600,1000,
600061.SH,600061,20251209,91859830,0,102226,D,S,76600,1000,
600061.SH,600061,20251209,91903230,0,307308,A,S,79600,5000,
600061.SH,600061,20251209,91903580,0,307383,A,B,75500,3000,
600061.SH,600061,20251209,91904330,0,307563,A,S,75800,1000,
600061.SH,600061,20251209,91907760,0,308337,A,S,77000,800,
600061.SH,600061,20251209,91908850,0,308569,A,S,78700,1400,
600061.SH,600061,20251209,91910440,0,301447,D,S,75900,10000,
600061.SH,600061,20251209,91913500,0,309620,A,B,75300,1400,
600061.SH,600061,20251209,91913920,0,309713,A,B,75900,1000,
600061.SH,600061,20251209,91913940,0,309715,A,S,81200,10000,
600061.SH,600061,20251209,91915240,0,310000,A,S,78800,1000,
600061.SH,600061,20251209,91917190,0,310438,A,S,83600,1000,
600061.SH,600061,20251209,91919320,0,310904,A,S,77400,3000,
600061.SH,600061,20251209,91923690,0,311840,A,S,83400,10000,
600061.SH,600061,20251209,91934190,0,314229,A,B,75000,5000,
600061.SH,600061,20251209,91938230,0,315129,A,B,75500,100,
600061.SH,600061,20251209,91938280,0,315143,A,B,75100,3500,
600061.SH,600061,20251209,91940980,0,315775,A,S,76200,5000,
600061.SH,600061,20251209,91942020,0,316025,A,S,75400,1000,
600061.SH,600061,20251209,91944340,0,316574,A,S,75800,136900,
600061.SH,600061,20251209,91950130,0,169574,D,S,83500,45000,
600061.SH,600061,20251209,91954180,0,318920,A,S,80000,2000,
600061.SH,600061,20251209,91954460,0,318980,A,S,75800,3800,
600061.SH,600061,20251209,91954480,0,20058,D,B,75700,50000,
600061.SH,600061,20251209,91957180,0,319644,A,B,70700,1000,
600061.SH,600061,20251209,91957450,0,319708,A,S,77000,2000,
600061.SH,600061,20251209,91958250,0,20077,D,B,75600,100000,
600061.SH,600061,20251209,91959690,0,320251,A,B,75300,500,
600061.SH,600061,20251209,92000560,0,320514,A,S,83600,4800,
600061.SH,600061,20251209,92001550,0,320821,A,B,83600,500,
600061.SH,600061,20251209,92001570,0,320830,A,S,68400,100,
600061.SH,600061,20251209,92001860,0,320915,A,B,75000,600,
600061.SH,600061,20251209,92003720,0,321563,A,B,75500,1800,
600061.SH,600061,20251209,92006960,0,322610,A,B,75100,600,
600061.SH,600061,20251209,92008200,0,322910,A,S,76800,16000,
600061.SH,600061,20251209,92009200,0,323176,A,B,75100,5000,
600061.SH,600061,20251209,92014440,0,324498,A,B,75600,6400,
600061.SH,600061,20251209,92016200,0,324989,A,B,75000,10000,
600061.SH,600061,20251209,92016820,0,325134,A,B,68400,2000,
600061.SH,600061,20251209,92018860,0,325622,A,B,74600,1000,
600061.SH,600061,20251209,92018940,0,325651,A,B,68400,10000,
600061.SH,600061,20251209,92022280,0,326450,A,B,75400,1300,
600061.SH,600061,20251209,92023800,0,326843,A,B,75500,20000,
600061.SH,600061,20251209,92024010,0,326899,A,S,76900,800,
600061.SH,600061,20251209,92026980,0,327630,A,B,75700,2000,
600061.SH,600061,20251209,92028480,0,328015,A,S,80000,200,
600061.SH,600061,20251209,92031340,0,328804,A,S,80200,1100,
600061.SH,600061,20251209,92032500,0,329108,A,B,75600,1100,
600061.SH,600061,20251209,92033470,0,329347,A,S,78500,4500,
600061.SH,600061,20251209,92033510,0,329352,A,S,80000,4000,
600061.SH,600061,20251209,92033740,0,329400,A,S,76300,400,
600061.SH,600061,20251209,92036680,0,330100,A,B,75400,20000,
600061.SH,600061,20251209,92040100,0,330951,A,B,75000,1000,
600061.SH,600061,20251209,92042140,0,331456,A,B,75800,100,
600061.SH,600061,20251209,92048470,0,333094,A,B,75200,300,
600061.SH,600061,20251209,92052430,0,334182,A,S,83200,1100,
600061.SH,600061,20251209,92053680,0,334532,A,B,74000,200,
600061.SH,600061,20251209,92055810,0,335094,A,S,77000,500,
600061.SH,600061,20251209,92055910,0,335121,A,B,75300,20000,
600061.SH,600061,20251209,92058110,0,335654,A,S,77900,800,
600061.SH,600061,20251209,92058500,0,335729,A,S,68400,400,
600061.SH,600061,20251209,92059650,0,336019,A,B,75500,2000,
600061.SH,600061,20251209,92100620,0,336254,A,S,76800,100000,
600061.SH,600061,20251209,92101980,0,336647,A,S,78500,1000,
600061.SH,600061,20251209,92105840,0,337769,A,S,77500,1300,
600061.SH,600061,20251209,92106970,0,338058,A,B,75200,30000,
600061.SH,600061,20251209,92110400,0,339011,A,B,75000,2200,
600061.SH,600061,20251209,92111650,0,339380,A,S,76600,500,
600061.SH,600061,20251209,92112030,0,339481,A,S,79000,1000,
600061.SH,600061,20251209,92114270,0,340059,A,S,76600,3800,
600061.SH,600061,20251209,92116430,0,340605,A,S,68400,100,
600061.SH,600061,20251209,92117230,0,340820,A,S,78000,200,
600061.SH,600061,20251209,92121500,0,342024,A,S,75000,10100,
600061.SH,600061,20251209,92123750,0,342643,A,B,75600,200,
600061.SH,600061,20251209,92125150,0,343040,A,B,75500,1000,
600061.SH,600061,20251209,92125920,0,343239,A,B,75900,1000,
600061.SH,600061,20251209,92129920,0,344331,A,B,75400,100000,
600061.SH,600061,20251209,92130310,0,344443,A,B,74500,2000,
600061.SH,600061,20251209,92131920,0,344882,A,S,80900,10000,
600061.SH,600061,20251209,92134520,0,345590,A,B,75600,5000,
600061.SH,600061,20251209,92137650,0,346509,A,S,68400,100,
600061.SH,600061,20251209,92139820,0,347114,A,B,75500,3000,
600061.SH,600061,20251209,92141590,0,347631,A,B,75500,2600,
600061.SH,600061,20251209,92141980,0,347745,A,S,74200,2000,
600061.SH,600061,20251209,92143570,0,348204,A,B,75000,500,
600061.SH,600061,20251209,92148320,0,349530,A,S,75700,17400,
600061.SH,600061,20251209,92148780,0,349663,A,B,75100,20000,
600061.SH,600061,20251209,92151710,0,350540,A,S,75400,1000,
600061.SH,600061,20251209,92151770,0,350577,A,S,78500,41500,
600061.SH,600061,20251209,92154980,0,351501,A,B,75000,1000,
600061.SH,600061,20251209,92155570,0,351673,A,B,75000,5000,
600061.SH,600061,20251209,92157660,0,352261,A,B,74900,5000,
600061.SH,600061,20251209,92200030,0,352900,A,B,75500,500,
600061.SH,600061,20251209,92200740,0,353169,A,S,83600,13200,
600061.SH,600061,20251209,92200800,0,353207,A,S,81700,22000,
600061.SH,600061,20251209,92200960,0,353271,A,S,78300,2000,
600061.SH,600061,20251209,92201890,0,353649,A,B,75000,10000,
600061.SH,600061,20251209,92203910,0,354310,A,B,74800,700,
600061.SH,600061,20251209,92204150,0,354398,A,S,77800,100,
600061.SH,600061,20251209,92204910,0,354622,A,S,77200,5000,
600061.SH,600061,20251209,92205040,0,354663,A,B,75200,5000,
600061.SH,600061,20251209,92205410,0,354754,A,B,74900,500,
600061.SH,600061,20251209,92207740,0,355407,A,S,77100,1000,
600061.SH,600061,20251209,92210800,0,356345,A,B,75000,2500,
600061.SH,600061,20251209,92211740,0,356633,A,B,75600,1800,
600061.SH,600061,20251209,92211760,0,356643,A,S,75900,2800,
600061.SH,600061,20251209,92212080,0,356723,A,S,83500,8200,
600061.SH,600061,20251209,92212310,0,356789,A,S,70000,8700,
600061.SH,600061,20251209,92216500,0,358017,A,S,79800,300,
600061.SH,600061,20251209,92217160,0,358209,A,B,74800,500,
600061.SH,600061,20251209,92217400,0,358292,A,B,74500,1000,
600061.SH,600061,20251209,92218480,0,358630,A,S,76000,50000,
600061.SH,600061,20251209,92219270,0,358845,A,S,75700,10900,
600061.SH,600061,20251209,92219320,0,358852,A,B,75300,5000,
600061.SH,600061,20251209,92219350,0,358860,A,S,77700,700,
600061.SH,600061,20251209,92219780,0,358972,A,S,79000,1000,
600061.SH,600061,20251209,92221740,0,359593,A,S,83600,4600,
600061.SH,600061,20251209,92222180,0,359736,A,B,75000,1500,
600061.SH,600061,20251209,92224270,0,360369,A,B,75600,200,
600061.SH,600061,20251209,92224320,0,360389,A,S,76800,300,
600061.SH,600061,20251209,92224920,0,360552,A,B,75500,4300,
600061.SH,600061,20251209,92225160,0,360616,A,S,74300,5200,
600061.SH,600061,20251209,92226080,0,360912,A,S,75300,2300,
600061.SH,600061,20251209,92226790,0,361141,A,B,74700,100,
600061.SH,600061,20251209,92228830,0,361828,A,B,74300,400,
600061.SH,600061,20251209,92230520,0,362342,A,B,75000,1000,
600061.SH,600061,20251209,92230790,0,362429,A,B,74700,500,
600061.SH,600061,20251209,92231340,0,362603,A,S,76200,900,
600061.SH,600061,20251209,92232100,0,362854,A,B,75500,1100,
600061.SH,600061,20251209,92232720,0,363033,A,B,75300,5000,
600061.SH,600061,20251209,92233570,0,363305,A,B,75700,5000,
600061.SH,600061,20251209,92238130,0,364690,A,S,76900,300,
600061.SH,600061,20251209,92238780,0,364899,A,B,74000,1000,
600061.SH,600061,20251209,92239020,0,364984,A,B,72500,2000,
600061.SH,600061,20251209,92239370,0,365087,A,S,70000,10000,
600061.SH,600061,20251209,92239610,0,365160,A,S,75600,300,
600061.SH,600061,20251209,92240640,0,365493,A,S,77000,800,
600061.SH,600061,20251209,92241060,0,365646,A,S,73600,5300,
600061.SH,600061,20251209,92241710,0,365864,A,B,75100,1500,
600061.SH,600061,20251209,92242660,0,366166,A,S,76400,6600,
600061.SH,600061,20251209,92243010,0,366293,A,S,74500,6000,
600061.SH,600061,20251209,92243030,0,366306,A,B,72000,125400,
600061.SH,600061,20251209,92244590,0,366798,A,S,68400,50000,
600061.SH,600061,20251209,92248620,0,368146,A,B,70500,2000,
600061.SH,600061,20251209,92249230,0,368351,A,B,74600,500,
600061.SH,600061,20251209,92250590,0,368803,A,B,75100,5000,
600061.SH,600061,20251209,92251110,0,368987,A,B,74800,3000,
600061.SH,600061,20251209,92253200,0,369671,A,B,74800,2700,
600061.SH,600061,20251209,92255950,0,370534,A,S,76100,25800,
600061.SH,600061,20251209,92257290,0,370982,A,S,76900,3000,
600061.SH,600061,20251209,92257880,0,371191,A,S,76000,800,
600061.SH,600061,20251209,92300150,0,371896,A,B,69500,2000,
600061.SH,600061,20251209,92300350,0,371962,A,S,74300,4000,
600061.SH,600061,20251209,92300670,0,372093,A,S,73700,200,
600061.SH,600061,20251209,92302480,0,372743,A,S,75400,244000,
600061.SH,600061,20251209,92302770,0,372911,A,B,75200,5000,
600061.SH,600061,20251209,92303920,0,373310,A,B,74500,500,
600061.SH,600061,20251209,92304060,0,373350,A,S,77200,300,
600061.SH,600061,20251209,92307410,0,374527,A,S,76400,14000,
600061.SH,600061,20251209,92310010,0,375371,A,B,75000,30000,
600061.SH,600061,20251209,92310200,0,375420,A,B,75400,400,
600061.SH,600061,20251209,92310340,0,375475,A,B,75300,5000,
600061.SH,600061,20251209,92310490,0,375535,A,B,75600,100,
600061.SH,600061,20251209,92310890,0,375661,A,B,75800,1000,
600061.SH,600061,20251209,92311590,0,375907,A,S,77700,5000,
600061.SH,600061,20251209,92313020,0,376391,A,S,83600,9800,
600061.SH,600061,20251209,92315500,0,377220,A,S,78600,2000,
600061.SH,600061,20251209,92315550,0,377237,A,S,79500,1000,
600061.SH,600061,20251209,92316180,0,377448,A,B,74400,500,
600061.SH,600061,20251209,92317170,0,377808,A,B,75500,5000,
600061.SH,600061,20251209,92319220,0,378620,A,S,76000,1500,
600061.SH,600061,20251209,92320070,0,378987,A,S,82900,1000,
600061.SH,600061,20251209,92323070,0,380083,A,S,76100,1500,
600061.SH,600061,20251209,92323880,0,380391,A,B,75900,12000,
600061.SH,600061,20251209,92324910,0,380734,A,B,74800,500,
600061.SH,600061,20251209,92327270,0,381651,A,B,74300,500,
600061.SH,600061,20251209,92328960,0,382283,A,B,75200,5000,
600061.SH,600061,20251209,92329950,0,382651,A,B,77700,600,
600061.SH,600061,20251209,92330210,0,382761,A,B,75300,600,
600061.SH,600061,20251209,92331300,0,383182,A,S,75900,1500,
600061.SH,600061,20251209,92333770,0,384147,A,B,75600,3000,
600061.SH,600061,20251209,92335050,0,384622,A,B,75100,2000,
600061.SH,600061,20251209,92335400,0,384758,A,S,76700,800,
600061.SH,600061,20251209,92336690,0,385237,A,B,75400,100,
600061.SH,600061,20251209,92337160,0,385428,A,B,75300,5000,
600061.SH,600061,20251209,92337870,0,385742,A,B,74200,500,
600061.SH,600061,20251209,92338450,0,385959,A,S,77000,1300,
600061.SH,600061,20251209,92338540,0,386004,A,B,75600,100,
600061.SH,600061,20251209,92339800,0,386466,A,B,74700,30000,
600061.SH,600061,20251209,92340630,0,386781,A,B,75500,2000,
600061.SH,600061,20251209,92341040,0,386966,A,B,74900,500,
600061.SH,600061,20251209,92341100,0,387001,A,S,76900,20000,
600061.SH,600061,20251209,92344030,0,388181,A,B,75600,500,
600061.SH,600061,20251209,92344900,0,388544,A,B,75300,1800,
600061.SH,600061,20251209,92346360,0,389111,A,B,74000,700,
600061.SH,600061,20251209,92346890,0,389304,A,B,75400,1000,
600061.SH,600061,20251209,92347610,0,389610,A,S,68400,1400,
600061.SH,600061,20251209,92347700,0,389648,A,B,76300,200,
600061.SH,600061,20251209,92347860,0,389719,A,B,75500,1500,
600061.SH,600061,20251209,92348490,0,389986,A,B,74100,500,
600061.SH,600061,20251209,92349390,0,390328,A,S,77300,3100,
600061.SH,600061,20251209,92350040,0,390588,A,S,75600,1500,
600061.SH,600061,20251209,92351900,0,391325,A,B,75100,2000,
600061.SH,600061,20251209,92352610,0,391574,A,B,74800,3000,
600061.SH,600061,20251209,92354150,0,392214,A,B,75700,1000,
600061.SH,600061,20251209,92355170,0,392633,A,B,75500,2000,
600061.SH,600061,20251209,92355760,0,392846,A,B,75300,3000,
600061.SH,600061,20251209,92356770,0,393231,A,B,75500,5000,
600061.SH,600061,20251209,92356890,0,393285,A,B,74800,1000,
600061.SH,600061,20251209,92356920,0,393300,A,S,78600,300,
600061.SH,600061,20251209,92357150,0,393385,A,B,75100,700,
600061.SH,600061,20251209,92358070,0,393750,A,B,75300,18500,
600061.SH,600061,20251209,92358090,0,393763,A,B,75500,2000,
600061.SH,600061,20251209,92358820,0,394038,A,S,75400,1000,
600061.SH,600061,20251209,92359130,0,394170,A,B,75200,5300,
600061.SH,600061,20251209,92359390,0,394264,A,B,74000,500,
600061.SH,600061,20251209,92359660,0,394379,A,B,75400,10000,
600061.SH,600061,20251209,92400860,0,395064,A,B,75300,3000,
600061.SH,600061,20251209,92402270,0,395691,A,S,79900,2000,
600061.SH,600061,20251209,92403740,0,396333,A,B,75000,5000,
600061.SH,600061,20251209,92403890,0,396404,A,S,75900,132000,
600061.SH,600061,20251209,92404030,0,396462,A,B,73900,1000,
600061.SH,600061,20251209,92404250,0,396566,A,B,75500,4000,
600061.SH,600061,20251209,92404640,0,396752,A,S,76000,1500,
600061.SH,600061,20251209,92405370,0,397108,A,B,75500,1000,
600061.SH,600061,20251209,92405450,0,397147,A,B,75100,300,
600061.SH,600061,20251209,92408720,0,398725,A,B,75200,400,
600061.SH,600061,20251209,92408860,0,398794,A,B,74900,6700,
600061.SH,600061,20251209,92409400,0,399065,A,B,75400,1000,
600061.SH,600061,20251209,92409600,0,399153,A,S,76300,2800,
600061.SH,600061,20251209,92409730,0,399222,A,S,83600,20000,
600061.SH,600061,20251209,92409840,0,399266,A,S,74000,12000,
600061.SH,600061,20251209,92411710,0,400233,A,S,74000,200,
600061.SH,600061,20251209,92411930,0,400323,A,B,74900,20000,
600061.SH,600061,20251209,92413290,0,401023,A,B,75900,5000,
600061.SH,600061,20251209,92414940,0,401874,A,B,75400,5000,
600061.SH,600061,20251209,92415450,0,402180,A,B,75300,10000,
600061.SH,600061,20251209,92415460,0,402183,A,B,75500,4000,
600061.SH,600061,20251209,92415560,0,402233,A,B,75500,10000,
600061.SH,600061,20251209,92415890,0,402410,A,B,74800,2000,
600061.SH,600061,20251209,92417040,0,403038,A,B,74800,3800,
600061.SH,600061,20251209,92417490,0,403310,A,B,75600,10000,
600061.SH,600061,20251209,92418070,0,403623,A,B,73900,500,
600061.SH,600061,20251209,92418330,0,403776,A,B,75500,1000,
600061.SH,600061,20251209,92418630,0,403940,A,S,75500,5000,
600061.SH,600061,20251209,92419440,0,404404,A,B,74700,1000,
600061.SH,600061,20251209,92419720,0,404574,A,S,83500,4700,
600061.SH,600061,20251209,92420710,0,405106,A,S,75400,3000,
600061.SH,600061,20251209,92421760,0,405737,A,B,75000,50000,
600061.SH,600061,20251209,92421920,0,405813,A,B,74600,1000,
600061.SH,600061,20251209,92423010,0,406439,A,B,75200,1000,
600061.SH,600061,20251209,92423340,0,406624,A,S,75400,3300,
600061.SH,600061,20251209,92423710,0,406835,A,S,75200,21900,
600061.SH,600061,20251209,92424390,0,407255,A,B,75500,5000,
600061.SH,600061,20251209,92424680,0,407427,A,B,75500,4700,
600061.SH,600061,20251209,92424710,0,407449,A,B,83600,900,
600061.SH,600061,20251209,92424950,0,407564,A,S,68400,600,
600061.SH,600061,20251209,92426130,0,408273,A,B,74300,500,
600061.SH,600061,20251209,92426990,0,408753,A,B,75100,2000,
600061.SH,600061,20251209,92427410,0,408981,A,S,75400,31200,
600061.SH,600061,20251209,92427470,0,409024,A,S,75500,16000,
600061.SH,600061,20251209,92427490,0,409034,A,B,75300,1000,
600061.SH,600061,20251209,92427630,0,409112,A,B,75100,1000,
600061.SH,600061,20251209,92428910,0,409890,A,B,74700,700,
600061.SH,600061,20251209,92429030,0,409949,A,B,72900,1000,
600061.SH,600061,20251209,92429310,0,410117,A,S,68400,3900,
600061.SH,600061,20251209,92429600,0,410309,A,S,75900,10100,
600061.SH,600061,20251209,92430660,0,411042,A,S,74900,3100,
600061.SH,600061,20251209,92431380,0,411520,A,S,75500,5400,
600061.SH,600061,20251209,92431470,0,411576,A,B,73800,500,
600061.SH,600061,20251209,92432370,0,412158,A,S,77900,1400,
600061.SH,600061,20251209,92432840,0,412442,A,S,75400,10100,
600061.SH,600061,20251209,92432890,0,412474,A,B,75000,3000,
600061.SH,600061,20251209,92432980,0,412531,A,S,83600,5000,
600061.SH,600061,20251209,92434750,0,413621,A,B,75500,6600,
600061.SH,600061,20251209,92435130,0,413862,A,S,75000,400,
600061.SH,600061,20251209,92435200,0,413900,A,B,75600,1000,
600061.SH,600061,20251209,92436080,0,414450,A,B,75400,2000,
600061.SH,600061,20251209,92436740,0,414882,A,S,73700,800,
600061.SH,600061,20251209,92437840,0,415590,A,S,78300,100,
600061.SH,600061,20251209,92437850,0,415594,A,B,75500,1000,
600061.SH,600061,20251209,92438530,0,416048,A,S,83600,100,
600061.SH,600061,20251209,92438530,0,416053,A,B,75400,1000,
600061.SH,600061,20251209,92440380,0,417746,A,B,75300,6000,
600061.SH,600061,20251209,92440400,0,417758,A,S,76000,3000,
600061.SH,600061,20251209,92443160,0,419713,A,B,75200,2000,
600061.SH,600061,20251209,92443430,0,419895,A,B,75200,700,
600061.SH,600061,20251209,92443540,0,419987,A,B,73700,500,
600061.SH,600061,20251209,92444020,0,420340,A,S,74100,1900,
600061.SH,600061,20251209,92445970,0,421617,A,B,75600,6700,
600061.SH,600061,20251209,92446010,0,421647,A,B,75300,200,
600061.SH,600061,20251209,92446800,0,422202,A,B,75400,2000,
600061.SH,600061,20251209,92448080,0,423146,A,S,75100,3100,
600061.SH,600061,20251209,92449670,0,424446,A,B,75800,3000,
600061.SH,600061,20251209,92449860,0,424638,A,B,75500,1000,
600061.SH,600061,20251209,92450360,0,425348,A,B,76600,500,
600061.SH,600061,20251209,92450390,0,425409,A,B,83600,400,
600061.SH,600061,20251209,92450600,0,425674,A,S,77000,300,
600061.SH,600061,20251209,92452160,0,427161,A,S,75200,1300,
600061.SH,600061,20251209,92452280,0,427269,A,B,75000,1000,
600061.SH,600061,20251209,92452460,0,427426,A,S,68400,1900,
600061.SH,600061,20251209,92452490,0,427452,A,B,75100,1000,
600061.SH,600061,20251209,92452640,0,427565,A,B,83600,400,
600061.SH,600061,20251209,92453290,0,428278,A,S,73300,6500,
600061.SH,600061,20251209,92453290,0,428279,A,S,73300,3800,
600061.SH,600061,20251209,92453480,0,428514,A,B,73600,500,
600061.SH,600061,20251209,92453730,0,428778,A,B,75400,3300,
600061.SH,600061,20251209,92454150,0,429150,A,S,76900,1000,
600061.SH,600061,20251209,92454460,0,429510,A,B,76200,100,
600061.SH,600061,20251209,92454580,0,429657,A,B,76200,100,
600061.SH,600061,20251209,92454980,0,430184,A,B,76200,100,
600061.SH,600061,20251209,92455120,0,430394,A,B,82600,400,
600061.SH,600061,20251209,92455260,0,430662,A,S,78800,1000,
600061.SH,600061,20251209,92455520,0,431022,A,B,74800,3000,
600061.SH,600061,20251209,92455730,0,431258,A,S,76400,3000,
600061.SH,600061,20251209,92455900,0,431485,A,B,83600,900,
600061.SH,600061,20251209,92456210,0,432021,A,B,76200,100,
600061.SH,600061,20251209,92456290,0,432238,A,B,76800,13300,
600061.SH,600061,20251209,92456350,0,432349,A,B,83600,400,
600061.SH,600061,20251209,92456450,0,432577,A,S,78500,800,
600061.SH,600061,20251209,92457180,0,433945,A,B,83600,1500,
600061.SH,600061,20251209,92457620,0,435005,A,B,75600,30000,
600061.SH,600061,20251209,92458210,0,436298,A,B,79400,27600,
600061.SH,600061,20251209,92458210,0,436303,A,B,79400,7800,
600061.SH,600061,20251209,92458260,0,436444,A,B,79400,7100,
600061.SH,600061,20251209,92458400,0,436808,A,B,75300,6500,
600061.SH,600061,20251209,92459010,0,438260,A,B,79400,800,
600061.SH,600061,20251209,92459380,0,439354,A,B,75900,2300,
600061.SH,600061,20251209,92459490,0,439590,A,B,77000,29100,
600061.SH,600061,20251209,92459900,0,440940,A,B,79200,500,
600061.SH,600061,20251209,92459940,0,441160,A,B,77600,11200,
600061.SH,600061,20251209,92500850,0,0,S,O,0,0,
600061.SH,600061,20251209,93000080,0,441631,A,B,75500,900,
600061.SH,600061,20251209,93000170,0,441944,A,S,76600,3000,
600061.SH,600061,20251209,93000240,0,442269,A,B,75500,900,
600061.SH,600061,20251209,93000340,0,442861,A,B,75500,1500,
600061.SH,600061,20251209,93000340,0,443142,A,S,82600,5700,
600061.SH,600061,20251209,93000370,0,443245,A,S,76800,3000,
600061.SH,600061,20251209,93000400,0,443398,A,S,75800,16000,
600061.SH,600061,20251209,93000470,0,444052,A,B,75100,1000,
600061.SH,600061,20251209,93001550,0,444089,A,B,75500,700,
600061.SH,600061,20251209,93002150,0,444658,A,S,76000,15000,
600061.SH,600061,20251209,93002150,0,444662,A,B,75600,5700,
600061.SH,600061,20251209,93002520,0,446148,A,S,75800,200000,
600061.SH,600061,20251209,93002520,0,20348,D,S,76800,200000,
600061.SH,600061,20251209,93002520,0,446191,A,B,75600,2000,
600061.SH,600061,20251209,93002520,0,20023,D,S,76700,200000,
600061.SH,600061,20251209,93002570,0,446481,A,B,75500,500,
600061.SH,600061,20251209,93002570,0,446712,A,B,75300,3000,
600061.SH,600061,20251209,93002570,0,446838,A,S,76000,6000,
600061.SH,600061,20251209,93002610,0,446957,A,B,73400,500,
600061.SH,600061,20251209,93002610,0,447120,A,B,68400,1000,
600061.SH,600061,20251209,93002610,0,447364,A,B,75200,2000,
600061.SH,600061,20251209,93002610,0,447375,A,B,75500,5000,
600061.SH,600061,20251209,93002610,0,447403,A,B,75300,10000,
600061.SH,600061,20251209,93002610,0,447522,A,B,75600,5000,
600061.SH,600061,20251209,93002660,0,447791,A,B,75700,2000,
600061.SH,600061,20251209,93002660,0,447811,A,S,78800,1300,
600061.SH,600061,20251209,93002660,0,448474,A,B,75200,1500,
600061.SH,600061,20251209,93002660,0,448724,A,B,75200,18000,
600061.SH,600061,20251209,93002760,0,449239,A,S,76800,7800,
600061.SH,600061,20251209,93002760,0,449660,A,B,75500,4900,
600061.SH,600061,20251209,93002760,0,450059,A,B,75600,500,
600061.SH,600061,20251209,93002900,0,450838,A,S,75700,3600,
600061.SH,600061,20251209,93002900,0,451031,A,B,74700,500,
600061.SH,600061,20251209,93002900,0,451376,A,B,75500,5900,
600061.SH,600061,20251209,93002900,0,451604,A,B,75500,800,
600061.SH,600061,20251209,93002900,0,452016,A,B,74500,1000,
600061.SH,600061,20251209,93002900,0,330951,D,B,75000,1000,
600061.SH,600061,20251209,93002900,0,452105,A,B,75600,200,
600061.SH,600061,20251209,93003040,0,453116,A,S,83600,1824,
600061.SH,600061,20251209,93003190,0,454344,A,B,75300,500,
600061.SH,600061,20251209,93003350,0,456609,A,B,75300,1000,
600061.SH,600061,20251209,93003350,0,456667,A,S,75700,10000,
600061.SH,600061,20251209,93003500,0,458174,A,B,75200,7700,
600061.SH,600061,20251209,93003500,0,458524,A,B,74800,2700,
600061.SH,600061,20251209,93003500,0,459073,A,B,74700,10000,
600061.SH,600061,20251209,93003640,0,459458,A,B,74700,2000,
600061.SH,600061,20251209,93003640,0,459547,A,S,83600,6500,
600061.SH,600061,20251209,93003640,0,459684,A,B,75200,2000,
600061.SH,600061,20251209,93003640,0,460029,A,S,75700,3000,
600061.SH,600061,20251209,93003640,0,460261,A,B,75500,10000,
600061.SH,600061,20251209,93003640,0,460495,A,B,75200,10000,
600061.SH,600061,20251209,93003790,0,461475,A,S,76000,1000,
600061.SH,600061,20251209,93003790,0,461971,A,B,75200,20000,
600061.SH,600061,20251209,93003790,0,462030,A,S,77000,5000,
600061.SH,600061,20251209,93003790,0,462073,A,B,75000,1500,
600061.SH,600061,20251209,93003790,0,462296,A,S,77500,5000,
600061.SH,600061,20251209,93004110,0,465085,A,B,74100,1500,
600061.SH,600061,20251209,93004110,0,465886,A,B,75500,7400,
600061.SH,600061,20251209,93004420,0,468469,A,B,74700,1000,
600061.SH,600061,20251209,93004420,0,468651,A,S,82200,1900,
600061.SH,600061,20251209,93004420,0,469348,A,S,76500,2200,
600061.SH,600061,20251209,93004570,0,469828,A,B,74800,900,
600061.SH,600061,20251209,93004570,0,469882,A,B,74800,4000,
600061.SH,600061,20251209,93004570,0,470936,A,B,75000,1000,
600061.SH,600061,20251209,93004730,0,471695,A,S,75800,179200,
600061.SH,600061,20251209,93004730,0,70288,D,B,75300,8000,
600061.SH,600061,20251209,93004730,0,472527,A,B,75000,2000,
600061.SH,600061,20251209,93004730,0,472550,A,B,75100,8000,
600061.SH,600061,20251209,93004730,0,472839,A,B,74800,1400,
600061.SH,600061,20251209,93004730,0,472968,A,S,75500,2000,
600061.SH,600061,20251209,93004870,0,473987,A,B,75100,100,
600061.SH,600061,20251209,93004870,0,474368,A,S,76300,100,
600061.SH,600061,20251209,93004870,0,474519,A,B,74100,100,
600061.SH,600061,20251209,93005040,0,476174,A,S,78000,2000,
600061.SH,600061,20251209,93005040,0,476251,A,S,75500,2000,
600061.SH,600061,20251209,93005040,0,476383,A,S,78800,2000,
600061.SH,600061,20251209,93005180,0,477041,A,B,74100,2000,
600061.SH,600061,20251209,93005180,0,477296,A,S,76000,100,
600061.SH,600061,20251209,93005180,0,477374,A,B,75600,18000,
600061.SH,600061,20251209,93005180,0,477613,A,B,75300,500,
600061.SH,600061,20251209,93005330,0,479300,A,B,75200,3000,
600061.SH,600061,20251209,93005330,0,480089,A,B,75500,5000,
600061.SH,600061,20251209,93005480,0,480324,A,B,74800,5000,
600061.SH,600061,20251209,93005480,0,480416,A,B,75400,500,
600061.SH,600061,20251209,93005480,0,480439,A,B,75300,500,
600061.SH,600061,20251209,93005480,0,480470,A,B,75200,500,
600061.SH,600061,20251209,93005480,0,480497,A,B,75100,500,
600061.SH,600061,20251209,93005480,0,480534,A,B,75000,5000,
600061.SH,600061,20251209,93005480,0,480572,A,B,74900,5000,
600061.SH,600061,20251209,93005480,0,480610,A,B,74800,5000,
600061.SH,600061,20251209,93005480,0,480654,A,B,74700,5000,
600061.SH,600061,20251209,93005480,0,480736,A,S,75700,9400,
600061.SH,600061,20251209,93005480,0,480739,A,B,75100,200,
600061.SH,600061,20251209,93005480,0,480977,A,B,75200,30000,
600061.SH,600061,20251209,93005480,0,481709,A,B,75500,40000,
600061.SH,600061,20251209,93005480,0,481819,A,B,75300,3000,
600061.SH,600061,20251209,93005480,0,481855,A,S,76000,10000,
600061.SH,600061,20251209,93005480,0,481944,A,B,75200,10000,
600061.SH,600061,20251209,93005480,0,482010,A,B,75100,2000,
600061.SH,600061,20251209,93005610,0,482791,A,B,74900,1000,
600061.SH,600061,20251209,93005610,0,482883,A,B,75500,4000,
600061.SH,600061,20251209,93005610,0,482901,A,B,75500,30000,
600061.SH,600061,20251209,93005610,0,482940,A,B,75500,30000,
600061.SH,600061,20251209,93005610,0,236392,D,S,76600,600,
600061.SH,600061,20251209,93005770,0,483974,A,B,75500,500,
600061.SH,600061,20251209,93005770,0,484658,A,B,74600,4000,
600061.SH,600061,20251209,93005770,0,484853,A,S,76900,1000,
600061.SH,600061,20251209,93005770,0,485375,A,B,75500,500,
600061.SH,600061,20251209,93005920,0,422202,D,B,75400,2000,
600061.SH,600061,20251209,93005920,0,485991,A,S,76900,600,
600061.SH,600061,20251209,93006060,0,487750,A,B,74600,1500,
600061.SH,600061,20251209,93006210,0,490363,A,B,73500,500,
600061.SH,600061,20251209,93006210,0,490625,A,B,73400,500,
600061.SH,600061,20251209,93006210,0,490726,A,B,73300,500,
600061.SH,600061,20251209,93006360,0,490945,A,B,73200,500,
600061.SH,600061,20251209,93006360,0,491224,A,B,73100,500,
600061.SH,600061,20251209,93006360,0,491765,A,B,73000,500,
600061.SH,600061,20251209,93006360,0,492036,A,B,75100,2000,
600061.SH,600061,20251209,93006360,0,492167,A,S,77200,500,
600061.SH,600061,20251209,93006360,0,492218,A,B,75200,5400,
600061.SH,600061,20251209,93006510,0,493052,A,B,74600,2000,
600061.SH,600061,20251209,93006510,0,493229,A,S,75600,10200,
600061.SH,600061,20251209,93006510,0,493566,A,S,75800,2700,
600061.SH,600061,20251209,93006510,0,493846,A,B,75100,10000,
600061.SH,600061,20251209,93006510,0,494280,A,S,83600,1500,
600061.SH,600061,20251209,93006510,0,315775,D,S,76200,5000,
600061.SH,600061,20251209,93006640,0,494601,A,B,75400,500,
600061.SH,600061,20251209,93006640,0,494963,A,B,74100,2000,
600061.SH,600061,20251209,93006640,0,495548,A,B,75000,1000,
600061.SH,600061,20251209,93006640,0,495781,A,B,75300,1700,
600061.SH,600061,20251209,93006640,0,495896,A,B,75100,1000,
600061.SH,600061,20251209,93006790,0,496623,A,B,75500,1200,
600061.SH,600061,20251209,93006790,0,497440,A,B,75000,1000,
600061.SH,600061,20251209,93006790,0,497766,A,B,75400,10000,
600061.SH,600061,20251209,93006790,0,497802,A,B,75500,10000,
600061.SH,600061,20251209,93006790,0,497877,A,S,76000,10000,
600061.SH,600061,20251209,93006930,0,498055,A,B,75200,20000,
600061.SH,600061,20251209,93006930,0,498057,A,B,75500,1000,
600061.SH,600061,20251209,93007080,0,292502,D,S,76000,100,
600061.SH,600061,20251209,93007080,0,500865,A,B,75200,1000,
600061.SH,600061,20251209,93007080,0,501194,A,B,73500,1000,
600061.SH,600061,20251209,93007220,0,501790,A,B,75200,800,
600061.SH,600061,20251209,93007220,0,502115,A,B,74800,1000,
600061.SH,600061,20251209,93007220,0,502572,A,S,75600,900,
600061.SH,600061,20251209,93007220,0,502912,A,B,75200,500,
600061.SH,600061,20251209,93007380,0,503863,A,S,78600,500,
600061.SH,600061,20251209,93007540,0,505501,A,S,77500,10000,
600061.SH,600061,20251209,93007540,0,506425,A,B,75300,3000,
600061.SH,600061,20251209,93007540,0,506580,A,B,75200,1500,
600061.SH,600061,20251209,93007540,0,506751,A,B,68400,5000,
600061.SH,600061,20251209,93007700,0,507888,A,B,73400,20000,
600061.SH,600061,20251209,93007700,0,508046,A,B,75200,5000,
600061.SH,600061,20251209,93007850,0,508609,A,S,75700,3000,
600061.SH,600061,20251209,93007850,0,508942,A,B,75500,1400,
600061.SH,600061,20251209,93007850,0,508954,A,S,76100,56800,
600061.SH,600061,20251209,93007850,0,509064,A,S,76100,56800,
600061.SH,600061,20251209,93007850,0,509349,A,B,75000,1400,
600061.SH,600061,20251209,93007850,0,509411,A,B,75500,18900,
600061.SH,600061,20251209,93007850,0,509458,A,B,75200,2000,
600061.SH,600061,20251209,93007850,0,509923,A,B,75500,400,
600061.SH,600061,20251209,93007850,0,509969,A,B,75200,60000,
600061.SH,600061,20251209,93007850,0,510051,A,B,75500,10000,
600061.SH,600061,20251209,93007990,0,510520,A,B,75500,500,
600061.SH,600061,20251209,93007990,0,510758,A,B,75200,500,
600061.SH,600061,20251209,93007990,0,511430,A,B,74500,600,
600061.SH,600061,20251209,93008130,0,512528,A,B,75500,10000,
600061.SH,600061,20251209,93008130,0,512635,A,B,72500,200,
600061.SH,600061,20251209,93008130,0,513028,A,B,74100,300,
600061.SH,600061,20251209,93008290,0,513639,A,B,74500,10000,
600061.SH,600061,20251209,93008290,0,514135,A,B,75100,500,
600061.SH,600061,20251209,93008290,0,316574,D,S,75800,121800,
600061.SH,600061,20251209,93008440,0,409890,D,B,74700,700,
600061.SH,600061,20251209,93008440,0,516467,A,S,76500,6000,
600061.SH,600061,20251209,93008440,0,261864,D,S,77400,3000,
600061.SH,600061,20251209,93008440,0,259198,D,S,77300,2000,
600061.SH,600061,20251209,93008590,0,517030,A,B,75000,7000,
600061.SH,600061,20251209,93008590,0,517573,A,B,75200,1000,
600061.SH,600061,20251209,93008590,0,517754,A,S,75600,300,
600061.SH,600061,20251209,93008590,0,518053,A,S,75600,600,
600061.SH,600061,20251209,93008720,0,518966,A,S,75800,1300,
600061.SH,600061,20251209,93008860,0,520478,A,S,76000,1500,
600061.SH,600061,20251209,93008860,0,200659,D,B,74800,500,
600061.SH,600061,20251209,93008860,0,521111,A,B,75500,500,
600061.SH,600061,20251209,93008860,0,521680,A,S,75900,6000,
600061.SH,600061,20251209,93008860,0,521809,A,B,75200,1000,
600061.SH,600061,20251209,93009050,0,522738,A,S,75600,1300,
600061.SH,600061,20251209,93009050,0,523470,A,B,74800,800,
600061.SH,600061,20251209,93009200,0,260452,D,S,77700,1000,
600061.SH,600061,20251209,93009200,0,524413,A,B,75300,2500,
600061.SH,600061,20251209,93009200,0,524746,A,B,74700,100,
600061.SH,600061,20251209,93009200,0,525832,A,S,76500,3700,
600061.SH,600061,20251209,93009340,0,526385,A,B,75200,5000,
600061.SH,600061,20251209,93009340,0,527351,A,B,75200,2000,
600061.SH,600061,20251209,93009340,0,527633,A,S,75700,400,
600061.SH,600061,20251209,93009500,0,528172,A,B,74700,3000,
600061.SH,600061,20251209,93009500,0,528622,A,B,75200,1000,
600061.SH,600061,20251209,93009500,0,529473,A,B,75500,5000,
600061.SH,600061,20251209,93009650,0,529794,A,B,75200,3000,
600061.SH,600061,20251209,93009650,0,529865,A,B,75400,2000,
600061.SH,600061,20251209,93009650,0,530169,A,S,75700,1200,
600061.SH,600061,20251209,93009650,0,530451,A,B,75200,13200,
600061.SH,600061,20251209,93009650,0,530464,A,S,75800,1600,
600061.SH,600061,20251209,93009650,0,530871,A,S,75700,300,
600061.SH,600061,20251209,93009650,0,531285,A,S,76600,1000,
600061.SH,600061,20251209,93009790,0,532566,A,B,74800,2000,
600061.SH,600061,20251209,93009790,0,532827,A,B,75500,100,
600061.SH,600061,20251209,93009790,0,532834,A,S,77900,6000,
600061.SH,600061,20251209,93009790,0,532852,A,B,74800,400,
600061.SH,600061,20251209,93009940,0,533962,A,B,74900,1000,
600061.SH,600061,20251209,93009940,0,534078,A,S,75600,100,
600061.SH,600061,20251209,93009940,0,534746,A,S,75700,800,
600061.SH,600061,20251209,93010080,0,535195,A,B,74900,500,
600061.SH,600061,20251209,93010080,0,535312,A,B,75100,5000,
600061.SH,600061,20251209,93010080,0,536566,A,B,75200,1700,
600061.SH,600061,20251209,93010230,0,537438,A,B,75300,2000,
600061.SH,600061,20251209,93010230,0,538077,A,S,75700,100,
600061.SH,600061,20251209,93010230,0,538145,A,S,75600,2300,
600061.SH,600061,20251209,93010230,0,538327,A,S,77900,7100,
600061.SH,600061,20251209,93010230,0,538743,A,B,75200,2000,
