万得代码,交易所代码,自然日,时间,委托编号,交易所委托号,委托类型,委托代码,委托价格,委托数量,
600052.SH,600052,20251209,91400860,0,0,S,I,0,0,
600052.SH,600052,20251209,91500340,0,1778,A,S,55700,100,
600052.SH,600052,20251209,91501400,0,3260,A,S,55800,100,
600052.SH,600052,20251209,91501720,0,5346,A,S,55600,5000,
600052.SH,600052,20251209,91501770,0,6837,A,B,50800,400,
600052.SH,600052,20251209,91501830,0,8021,A,B,49200,5100,
600052.SH,600052,20251209,91501970,0,9411,A,S,55800,500,
600052.SH,600052,20251209,91501970,0,10329,A,B,49200,800,
600052.SH,600052,20251209,91502090,0,11682,A,B,50800,200,
600052.SH,600052,20251209,91502500,0,14472,A,S,55800,8000,
600052.SH,600052,20251209,91502660,0,17712,A,S,55800,1400,
600052.SH,600052,20251209,91502800,0,18950,A,S,51300,1000,
600052.SH,600052,20251209,91502800,0,19142,A,B,50300,2000,
600052.SH,600052,20251209,91502800,0,19260,A,S,54900,400,
600052.SH,600052,20251209,91503080,0,22837,A,S,48100,500,
600052.SH,600052,20251209,91503230,0,24725,A,S,55800,60000,
600052.SH,600052,20251209,91503230,0,25075,A,B,49000,1000,
600052.SH,600052,20251209,91503230,0,26225,A,S,52800,100,
600052.SH,600052,20251209,91503510,0,29787,A,S,53800,5000,
600052.SH,600052,20251209,91503650,0,30598,A,S,54900,2600,
600052.SH,600052,20251209,91503650,0,31909,A,S,55800,100,
600052.SH,600052,20251209,91503650,0,32404,A,B,50500,5000,
600052.SH,600052,20251209,91503780,0,33286,A,S,52600,100,
600052.SH,600052,20251209,91503930,0,35616,A,S,55500,300,
600052.SH,600052,20251209,91503930,0,35630,A,B,46500,400,
600052.SH,600052,20251209,91504200,0,38815,A,B,51200,600,
600052.SH,600052,20251209,91504200,0,39169,A,B,50900,100,
600052.SH,600052,20251209,91504200,0,39233,A,B,50900,100,
600052.SH,600052,20251209,91504200,0,39696,A,B,50900,100,
600052.SH,600052,20251209,91504200,0,39707,A,B,50900,100,
600052.SH,600052,20251209,91504200,0,39723,A,B,50900,100,
600052.SH,600052,20251209,91504370,0,40898,A,B,50100,2500,
600052.SH,600052,20251209,91504540,0,42011,A,S,52900,1400,
600052.SH,600052,20251209,91504540,0,43174,A,S,54900,1900,
600052.SH,600052,20251209,91504990,0,48793,A,S,51700,2000,
600052.SH,600052,20251209,91504990,0,48807,A,S,51400,2000,
600052.SH,600052,20251209,91504990,0,49332,A,S,54800,200,
600052.SH,600052,20251209,91505190,0,50450,A,B,50000,100,
600052.SH,600052,20251209,91505190,0,51795,A,S,55200,100,
600052.SH,600052,20251209,91505190,0,51833,A,S,55800,20000,
600052.SH,600052,20251209,91505190,0,52063,A,S,51800,2000,
600052.SH,600052,20251209,91505350,0,53464,A,S,53900,1400,
600052.SH,600052,20251209,91505350,0,53546,A,S,55500,2000,
600052.SH,600052,20251209,91505350,0,53863,A,S,55700,6200,
600052.SH,600052,20251209,91505500,0,54598,A,S,55800,100,
600052.SH,600052,20251209,91505500,0,55306,A,S,55700,800,
600052.SH,600052,20251209,91505660,0,56422,A,B,49100,100,
600052.SH,600052,20251209,91505990,0,60961,A,S,55800,100,
600052.SH,600052,20251209,91505990,0,61300,A,B,50800,2000,
600052.SH,600052,20251209,91505990,0,61504,A,S,55800,2700,
600052.SH,600052,20251209,91505990,0,61764,A,S,55800,5900,
600052.SH,600052,20251209,91506130,0,62491,A,S,55800,1600,
600052.SH,600052,20251209,91506290,0,64986,A,S,52600,2000,
600052.SH,600052,20251209,91506440,0,66272,A,B,50200,2400,
600052.SH,600052,20251209,91506440,0,67434,A,B,48700,700,
600052.SH,600052,20251209,91506440,0,67441,A,S,51700,700,
600052.SH,600052,20251209,91506590,0,69896,A,S,55800,2000,
600052.SH,600052,20251209,91506590,0,69949,A,S,55800,70000,
600052.SH,600052,20251209,91506880,0,73169,A,S,52000,5000,
600052.SH,600052,20251209,91506880,0,73170,A,B,50200,5000,
600052.SH,600052,20251209,91506880,0,73182,A,S,54200,100,
600052.SH,600052,20251209,91507060,0,75983,A,S,55800,100,
600052.SH,600052,20251209,91507220,0,76558,A,S,55700,2000,
600052.SH,600052,20251209,91507380,0,79022,A,S,55800,1000,
600052.SH,600052,20251209,91507380,0,79039,A,S,52000,1000,
600052.SH,600052,20251209,91507530,0,79791,A,S,55400,2000,
600052.SH,600052,20251209,91507530,0,80833,A,S,54700,1000,
600052.SH,600052,20251209,91507530,0,80850,A,S,54900,1000,
600052.SH,600052,20251209,91507530,0,80863,A,S,55800,1000,
600052.SH,600052,20251209,91507820,0,84902,A,S,51200,1000,
600052.SH,600052,20251209,91508650,0,94592,A,S,55800,5300,
600052.SH,600052,20251209,91508780,0,94766,A,S,51000,5000,
600052.SH,600052,20251209,91508780,0,94767,A,S,51400,5000,
600052.SH,600052,20251209,91508780,0,94768,A,S,51700,8000,
600052.SH,600052,20251209,91508780,0,94769,A,S,51800,4500,
600052.SH,600052,20251209,91508780,0,94772,A,S,52000,4500,
600052.SH,600052,20251209,91508780,0,96093,A,S,51200,1000,
600052.SH,600052,20251209,91508940,0,97447,A,S,51700,1000,
600052.SH,600052,20251209,91508940,0,98009,A,S,52900,100,
600052.SH,600052,20251209,91509430,0,102987,A,S,54400,500,
600052.SH,600052,20251209,91509430,0,103338,A,S,53500,2500,
600052.SH,600052,20251209,91509430,0,103949,A,S,55700,100,
600052.SH,600052,20251209,91509430,0,104037,A,S,52000,2000,
600052.SH,600052,20251209,91509580,0,105744,A,S,54900,3000,
600052.SH,600052,20251209,91509580,0,105901,A,B,48100,1000,
600052.SH,600052,20251209,91509750,0,106742,A,S,51900,1000,
600052.SH,600052,20251209,91509750,0,107139,A,S,55800,100,
600052.SH,600052,20251209,91509750,0,107951,A,S,55700,800,
600052.SH,600052,20251209,91509920,0,108571,A,S,52000,40000,
600052.SH,600052,20251209,91510080,0,110831,A,S,52000,19100,
600052.SH,600052,20251209,91510360,0,113919,A,B,51000,8800,
600052.SH,600052,20251209,91510540,0,115932,A,S,45600,200,
600052.SH,600052,20251209,91510690,0,117426,A,S,52000,100,
600052.SH,600052,20251209,91510690,0,117427,A,S,52500,100,
600052.SH,600052,20251209,91511180,0,124104,A,S,55700,1600,
600052.SH,600052,20251209,91511350,0,126892,A,B,49600,2500,
600052.SH,600052,20251209,91511700,0,129223,A,S,51000,52000,
600052.SH,600052,20251209,91511700,0,129884,A,B,49600,500,
600052.SH,600052,20251209,91511700,0,130113,A,S,55800,4000,
600052.SH,600052,20251209,91512050,0,134647,A,S,51500,20000,
600052.SH,600052,20251209,91512050,0,134648,A,B,50500,20000,
600052.SH,600052,20251209,91512050,0,134861,A,S,52500,1100,
600052.SH,600052,20251209,91512370,0,137480,A,S,52100,20000,
600052.SH,600052,20251209,91512370,0,138225,A,B,50800,20000,
600052.SH,600052,20251209,91512590,0,138737,A,B,49000,500,
600052.SH,600052,20251209,91512590,0,139061,A,S,55700,1000,
600052.SH,600052,20251209,91512590,0,139062,A,S,55700,1000,
600052.SH,600052,20251209,91513080,0,145556,A,S,51400,50000,
600052.SH,600052,20251209,91513270,0,146575,A,S,55700,2400,
600052.SH,600052,20251209,91513270,0,148099,A,S,55800,2100,
600052.SH,600052,20251209,91513810,0,152236,A,S,55700,1000,
600052.SH,600052,20251209,91513980,0,154620,A,S,55800,1000,
600052.SH,600052,20251209,91514160,0,156443,A,S,52100,20500,
600052.SH,600052,20251209,91514250,0,157096,A,B,48300,200,
600052.SH,600052,20251209,91514250,0,157097,A,B,47500,300,
600052.SH,600052,20251209,91514250,0,157121,A,S,53300,100,
600052.SH,600052,20251209,91514250,0,157307,A,S,55800,100,
600052.SH,600052,20251209,91514430,0,160637,A,B,49100,100,
600052.SH,600052,20251209,91514430,0,160638,A,B,48700,100,
600052.SH,600052,20251209,91514430,0,160652,A,B,47900,200,
600052.SH,600052,20251209,91514430,0,160758,A,S,52300,100,
600052.SH,600052,20251209,91514630,0,160812,A,S,54300,100,
600052.SH,600052,20251209,91514630,0,160814,A,S,54800,100,
600052.SH,600052,20251209,91514630,0,161521,A,S,55800,2800,
600052.SH,600052,20251209,91514760,0,162840,A,S,54300,1500,
600052.SH,600052,20251209,91515020,0,166431,A,S,52800,100,
600052.SH,600052,20251209,91515020,0,166435,A,S,53800,100,
600052.SH,600052,20251209,91515200,0,166975,A,S,54300,1500,
600052.SH,600052,20251209,91515200,0,168085,A,S,54300,1500,
600052.SH,600052,20251209,91515510,0,170757,A,B,50400,2200,
600052.SH,600052,20251209,91515730,0,172588,A,B,47300,1000,
600052.SH,600052,20251209,91515730,0,172590,A,S,55800,600,
600052.SH,600052,20251209,91515920,0,175560,A,B,50000,1800,
600052.SH,600052,20251209,91516110,0,176157,A,B,48500,2000,
600052.SH,600052,20251209,91516290,0,177910,A,S,55000,3000,
600052.SH,600052,20251209,91516290,0,177911,A,B,50000,2000,
600052.SH,600052,20251209,91516290,0,177912,A,B,49000,2000,
600052.SH,600052,20251209,91516490,0,179684,A,S,55000,100,
600052.SH,600052,20251209,91516490,0,179828,A,S,54700,1800,
600052.SH,600052,20251209,91516490,0,180551,A,S,54200,6000,
600052.SH,600052,20251209,91516860,0,185264,A,S,52300,2000,
600052.SH,600052,20251209,91517080,0,186050,A,S,55000,3100,
600052.SH,600052,20251209,91517080,0,186373,A,S,55400,500,
600052.SH,600052,20251209,91517080,0,186996,A,S,55800,2200,
600052.SH,600052,20251209,91517220,0,187131,A,S,52000,8500,
600052.SH,600052,20251209,91517300,0,187771,A,B,51000,100,
600052.SH,600052,20251209,91517300,0,187953,A,S,50700,300,
600052.SH,600052,20251209,91517300,0,189167,A,S,52700,100,
600052.SH,600052,20251209,91517680,0,191730,A,B,50900,200,
600052.SH,600052,20251209,91517940,0,194634,A,B,50000,5000,
600052.SH,600052,20251209,91517940,0,194901,A,B,49800,5000,
600052.SH,600052,20251209,91517940,0,195769,A,S,51200,5000,
600052.SH,600052,20251209,91517940,0,195794,A,S,51600,5000,
600052.SH,600052,20251209,91517940,0,195997,A,S,52200,5000,
600052.SH,600052,20251209,91517940,0,195998,A,S,52600,5000,
600052.SH,600052,20251209,91517940,0,196087,A,S,53200,5000,
600052.SH,600052,20251209,91517940,0,196089,A,S,55800,10000,
600052.SH,600052,20251209,91518130,0,196860,A,S,50700,2000,
600052.SH,600052,20251209,91518590,0,201032,A,S,52900,137200,
600052.SH,600052,20251209,91518970,0,203964,A,S,52000,300,
600052.SH,600052,20251209,91518970,0,204026,A,B,50700,19800,
600052.SH,600052,20251209,91518970,0,205358,A,S,55800,6700,
600052.SH,600052,20251209,91519120,0,206047,A,S,52800,10000,
600052.SH,600052,20251209,91519280,0,207109,A,B,49500,1000,
600052.SH,600052,20251209,91519590,0,210170,A,B,50000,10000,
600052.SH,600052,20251209,91519590,0,210171,A,B,49100,10000,
600052.SH,600052,20251209,91520290,0,216865,A,S,55700,800,
600052.SH,600052,20251209,91520750,0,222120,A,S,55800,2400,
600052.SH,600052,20251209,91521100,0,225548,A,S,55800,20000,
600052.SH,600052,20251209,91521100,0,225728,A,S,55800,4000,
600052.SH,600052,20251209,91521810,0,231980,A,S,54500,3000,
600052.SH,600052,20251209,91522280,0,236087,A,S,55500,1000,
600052.SH,600052,20251209,91522280,0,236437,A,S,53500,500,
600052.SH,600052,20251209,91522280,0,236462,A,B,49600,5000,
600052.SH,600052,20251209,91522820,0,241158,A,S,55700,2000,
600052.SH,600052,20251209,91522820,0,241398,A,S,51200,2400,
600052.SH,600052,20251209,91522980,0,242447,A,B,49000,400,
600052.SH,600052,20251209,91528270,0,246614,A,S,55800,2000,
600052.SH,600052,20251209,91533900,0,248199,A,S,55800,200,
600052.SH,600052,20251209,91546210,0,251753,A,S,51900,10000,
600052.SH,600052,20251209,91601010,0,256654,A,B,50200,1200,
600052.SH,600052,20251209,91609070,0,259134,A,S,52000,5000,
600052.SH,600052,20251209,91611500,0,259518,A,S,51000,200,
600052.SH,600052,20251209,91614220,0,259868,A,S,55700,1000,
600052.SH,600052,20251209,91615380,0,145556,D,S,51400,50000,
600052.SH,600052,20251209,91617400,0,260299,A,S,51000,4000,
600052.SH,600052,20251209,91637620,0,263242,A,S,55800,500,
600052.SH,600052,20251209,91639780,0,263701,A,S,51900,5000,
600052.SH,600052,20251209,91641170,0,263911,A,S,52000,200,
600052.SH,600052,20251209,91647510,0,264872,A,S,51500,300,
600052.SH,600052,20251209,91647760,0,264901,A,S,55500,3800,
600052.SH,600052,20251209,91708220,0,268152,A,S,54000,800,
600052.SH,600052,20251209,91712960,0,269033,A,S,55800,3000,
600052.SH,600052,20251209,91716270,0,269582,A,S,50900,41800,
600052.SH,600052,20251209,91731660,0,272226,A,B,50900,1300,
600052.SH,600052,20251209,91737710,0,273263,A,S,55800,2000,
600052.SH,600052,20251209,91738020,0,273328,A,S,50900,6000,
600052.SH,600052,20251209,91740870,0,273827,A,S,55800,4200,
600052.SH,600052,20251209,91748320,0,275081,A,B,50000,1000,
600052.SH,600052,20251209,91757330,0,276696,A,S,51100,1800,
600052.SH,600052,20251209,91810690,0,279122,A,S,51200,1700,
600052.SH,600052,20251209,91820430,0,280909,A,S,50900,2000,
600052.SH,600052,20251209,91827390,0,282133,A,B,50700,800,
600052.SH,600052,20251209,91828170,0,280909,D,S,50900,2000,
600052.SH,600052,20251209,91833420,0,201032,D,S,52900,137200,
600052.SH,600052,20251209,91836190,0,260299,D,S,51000,4000,
600052.SH,600052,20251209,91848970,0,286031,A,S,55800,162000,
600052.SH,600052,20251209,91854900,0,287109,A,S,55800,5000,
600052.SH,600052,20251209,91858510,0,287807,A,S,52800,2000,
600052.SH,600052,20251209,91905030,0,288973,A,S,53000,200,
600052.SH,600052,20251209,91921170,0,292120,A,B,50200,10000,
600052.SH,600052,20251209,91921360,0,292160,A,S,55500,3200,
600052.SH,600052,20251209,91948300,0,297552,A,S,55700,5000,
600052.SH,600052,20251209,91957190,0,299360,A,B,50200,3000,
600052.SH,600052,20251209,91957560,0,299438,A,S,55800,10000,
600052.SH,600052,20251209,92004130,0,301321,A,S,51900,2000,
600052.SH,600052,20251209,92010560,0,302909,A,B,50200,2000,
600052.SH,600052,20251209,92012450,0,303305,A,S,50900,4000,
600052.SH,600052,20251209,92022670,0,305464,A,S,55800,100,
600052.SH,600052,20251209,92031300,0,307345,A,B,50000,1000,
600052.SH,600052,20251209,92034070,0,307915,A,S,51500,1000,
600052.SH,600052,20251209,92034860,0,308080,A,B,50100,100,
600052.SH,600052,20251209,92036160,0,308357,A,S,52400,1000,
600052.SH,600052,20251209,92042560,0,309782,A,B,49700,1000,
600052.SH,600052,20251209,92048650,0,311163,A,B,49500,1000,
600052.SH,600052,20251209,92058960,0,313595,A,S,55700,2000,
600052.SH,600052,20251209,92100500,0,313978,A,S,51500,1000,
600052.SH,600052,20251209,92106170,0,315373,A,S,51800,1000,
600052.SH,600052,20251209,92111340,0,316554,A,S,52000,1000,
600052.SH,600052,20251209,92118110,0,318139,A,S,52000,200,
600052.SH,600052,20251209,92133470,0,321825,A,S,51800,50000,
600052.SH,600052,20251209,92133880,0,321933,A,S,55800,200,
600052.SH,600052,20251209,92139950,0,323443,A,S,51900,10000,
600052.SH,600052,20251209,92145530,0,324786,A,B,50500,3000,
600052.SH,600052,20251209,92147230,0,325201,A,B,49500,1000,
600052.SH,600052,20251209,92152030,0,326403,A,S,45600,3400,
600052.SH,600052,20251209,92152140,0,326426,A,B,49800,2500,
600052.SH,600052,20251209,92152260,0,326475,A,S,53900,1000,
600052.SH,600052,20251209,92156650,0,327557,A,S,51500,7000,
600052.SH,600052,20251209,92200510,0,328642,A,S,52100,3200,
600052.SH,600052,20251209,92215590,0,332890,A,S,52000,10000,
600052.SH,600052,20251209,92228440,0,336347,A,S,55800,1000,
600052.SH,600052,20251209,92248290,0,342049,A,B,49400,3000,
600052.SH,600052,20251209,92258760,0,345418,A,S,52500,10000,
600052.SH,600052,20251209,92316890,0,351584,A,S,55800,2200,
600052.SH,600052,20251209,92322200,0,353374,A,S,50900,100,
600052.SH,600052,20251209,92337890,0,358651,A,B,50000,1300,
600052.SH,600052,20251209,92357050,0,365585,A,S,54900,3600,
600052.SH,600052,20251209,92359770,0,366504,A,S,55800,100,
600052.SH,600052,20251209,92403200,0,367973,A,B,50300,5000,
600052.SH,600052,20251209,92419280,0,375200,A,S,45600,10000,
600052.SH,600052,20251209,92423030,0,377039,A,S,53500,1000,
600052.SH,600052,20251209,92426850,0,379093,A,S,50800,24100,
600052.SH,600052,20251209,92427520,0,379483,A,S,51800,1000,
600052.SH,600052,20251209,92430510,0,381060,A,S,48400,3900,
600052.SH,600052,20251209,92431840,0,381837,A,S,52500,4000,
600052.SH,600052,20251209,92433810,0,382933,A,S,55800,400,
600052.SH,600052,20251209,92433960,0,383032,A,S,50800,39500,
600052.SH,600052,20251209,92434250,0,383180,A,S,50800,10000,
600052.SH,600052,20251209,92437290,0,384932,A,S,52000,20000,
600052.SH,600052,20251209,92441900,0,387917,A,S,50600,2600,
600052.SH,600052,20251209,92441930,0,387951,A,S,50600,100,
600052.SH,600052,20251209,92442560,0,388308,A,S,52800,1000,
600052.SH,600052,20251209,92443730,0,389084,A,S,50000,3500,
600052.SH,600052,20251209,92443850,0,389156,A,S,50700,15000,
600052.SH,600052,20251209,92444960,0,389799,A,S,51500,10000,
600052.SH,600052,20251209,92446530,0,390782,A,S,50700,5000,
600052.SH,600052,20251209,92446880,0,390983,A,B,50300,3900,
600052.SH,600052,20251209,92449700,0,392878,A,S,52000,4000,
600052.SH,600052,20251209,92450400,0,393720,A,B,50200,400,
600052.SH,600052,20251209,92450620,0,393955,A,S,49800,5200,
600052.SH,600052,20251209,92452600,0,395700,A,S,48800,11500,
600052.SH,600052,20251209,92453590,0,396693,A,B,51200,3800,
600052.SH,600052,20251209,92453980,0,397071,A,S,51200,10000,
600052.SH,600052,20251209,92454380,0,397406,A,B,51200,200,
600052.SH,600052,20251209,92454890,0,397957,A,S,49400,300,
600052.SH,600052,20251209,92454930,0,398006,A,B,51500,400,
600052.SH,600052,20251209,92454950,0,398020,A,S,49400,1200,
600052.SH,600052,20251209,92455000,0,398107,A,S,49400,400,
600052.SH,600052,20251209,92455240,0,398485,A,S,49400,300,
600052.SH,600052,20251209,92455410,0,398724,A,S,49400,300,
600052.SH,600052,20251209,92455660,0,399027,A,S,49400,500,
600052.SH,600052,20251209,92455780,0,399162,A,S,49400,1500,
600052.SH,600052,20251209,92455950,0,399371,A,S,49400,2400,
600052.SH,600052,20251209,92456160,0,399801,A,S,49400,200,
600052.SH,600052,20251209,92456850,0,401045,A,S,52000,10000,
600052.SH,600052,20251209,92457120,0,401573,A,S,49200,2900,
600052.SH,600052,20251209,92457250,0,401819,A,S,49400,3100,
600052.SH,600052,20251209,92457430,0,402216,A,S,50200,10800,
600052.SH,600052,20251209,92457560,0,402494,A,S,49200,2500,
600052.SH,600052,20251209,92457600,0,402562,A,S,49700,2900,
600052.SH,600052,20251209,92457730,0,402917,A,S,49200,4300,
600052.SH,600052,20251209,92458420,0,404476,A,S,49400,2900,
600052.SH,600052,20251209,92458540,0,404765,A,S,50500,2400,
600052.SH,600052,20251209,92459530,0,407232,A,S,48200,500,
600052.SH,600052,20251209,92459560,0,407475,A,S,48200,3500,
600052.SH,600052,20251209,92500990,0,0,S,O,0,0,
600052.SH,600052,20251209,93001690,0,412361,A,S,53600,1000,
600052.SH,600052,20251209,93001920,0,412625,A,S,55800,1000,
600052.SH,600052,20251209,93002340,0,414467,A,S,50600,100,
600052.SH,600052,20251209,93002600,0,417294,A,B,50100,5200,
600052.SH,600052,20251209,93002600,0,417387,A,S,51400,40000,
600052.SH,600052,20251209,93002600,0,417549,A,S,51400,50000,
600052.SH,600052,20251209,93003060,0,421323,A,S,55800,2000,
600052.SH,600052,20251209,93003230,0,423384,A,S,51500,5000,
600052.SH,600052,20251209,93003390,0,425890,A,S,51200,3000,
600052.SH,600052,20251209,93003570,0,428307,A,S,50500,3800,
600052.SH,600052,20251209,93003730,0,302909,D,B,50200,2000,
600052.SH,600052,20251209,93003890,0,430304,A,B,50500,200,
600052.SH,600052,20251209,93003890,0,431247,A,S,51400,10000,
600052.SH,600052,20251209,93004060,0,432431,A,S,50500,4600,
600052.SH,600052,20251209,93004060,0,433200,A,B,49800,8000,
600052.SH,600052,20251209,93004060,0,433521,A,S,50900,10000,
600052.SH,600052,20251209,93004060,0,433529,A,S,50600,1300,
600052.SH,600052,20251209,93004060,0,353374,D,S,50900,100,
600052.SH,600052,20251209,93004400,0,436114,A,S,50500,100,
600052.SH,600052,20251209,93004580,0,437716,A,S,50500,100,
600052.SH,600052,20251209,93004740,0,439135,A,S,50500,600,
600052.SH,600052,20251209,93004740,0,439651,A,S,50500,300,
600052.SH,600052,20251209,93004740,0,440650,A,S,53200,10000,
600052.SH,600052,20251209,93005070,0,444010,A,S,50500,1700,
600052.SH,600052,20251209,93005420,0,446902,A,S,50500,100,
600052.SH,600052,20251209,93005590,0,448099,A,B,50500,28300,
600052.SH,600052,20251209,93005590,0,448722,A,S,50600,1900,
600052.SH,600052,20251209,93005920,0,451653,A,B,49500,10000,
600052.SH,600052,20251209,93005920,0,453100,A,B,50400,200,
600052.SH,600052,20251209,93006090,0,454060,A,S,50600,3300,
600052.SH,600052,20251209,93006430,0,457032,A,S,51900,50000,
600052.SH,600052,20251209,93006760,0,460537,A,S,50600,600,
600052.SH,600052,20251209,93006920,0,462966,A,S,50600,400,
600052.SH,600052,20251209,93007060,0,465077,A,S,53800,2000,
600052.SH,600052,20251209,93007060,0,465373,A,B,50500,200,
600052.SH,600052,20251209,93007250,0,465874,A,B,50100,5000,
600052.SH,600052,20251209,93007250,0,467268,A,B,49700,1000,
600052.SH,600052,20251209,93007600,0,470320,A,S,50600,200,
600052.SH,600052,20251209,93007600,0,470657,A,S,50600,400,
600052.SH,600052,20251209,93007600,0,470932,A,S,50700,2000,
600052.SH,600052,20251209,93008110,0,476213,A,B,50100,3000,
600052.SH,600052,20251209,93008280,0,476572,A,S,51800,21600,
600052.SH,600052,20251209,93008280,0,477319,A,S,50600,600,
600052.SH,600052,20251209,93008440,0,478266,A,S,50600,500,
600052.SH,600052,20251209,93008600,0,480551,A,B,49000,1000,
600052.SH,600052,20251209,93008600,0,480778,A,S,50600,2500,
600052.SH,600052,20251209,93008600,0,481430,A,S,53000,1000,
600052.SH,600052,20251209,93008600,0,481612,A,S,50600,200,
600052.SH,600052,20251209,93008910,0,484124,A,S,50600,1000,
600052.SH,600052,20251209,93009070,0,485311,A,S,55600,1500,
600052.SH,600052,20251209,93009070,0,486156,A,S,50600,1400,
600052.SH,600052,20251209,93009230,0,487320,A,S,55600,2000,
600052.SH,600052,20251209,93009230,0,487704,A,B,50000,5000,
600052.SH,600052,20251209,93009230,0,488076,A,S,51500,4400,
600052.SH,600052,20251209,93009580,0,490797,A,S,50500,6200,
600052.SH,600052,20251209,93009580,0,491177,A,S,50500,1500,
600052.SH,600052,20251209,93009580,0,491251,A,S,50500,200,
600052.SH,600052,20251209,93009580,0,367973,D,B,50300,5000,
600052.SH,600052,20251209,93009580,0,491929,A,S,50600,400,
600052.SH,600052,20251209,93009750,0,493772,A,S,50700,3500,
600052.SH,600052,20251209,93009930,0,494440,A,S,52900,20600,
600052.SH,600052,20251209,93009930,0,494831,A,S,50500,100,
600052.SH,600052,20251209,93009930,0,494843,A,S,50500,1300,
600052.SH,600052,20251209,93009930,0,494848,A,S,50500,300,
600052.SH,600052,20251209,93009930,0,494894,A,S,50500,100,
600052.SH,600052,20251209,93009930,0,495072,A,S,50500,400,
600052.SH,600052,20251209,93009930,0,495092,A,S,50500,100,
600052.SH,600052,20251209,93009930,0,496004,A,S,50600,1000,
600052.SH,600052,20251209,93009930,0,496120,A,S,50600,200,
600052.SH,600052,20251209,93010300,0,498863,A,B,50100,10000,
600052.SH,600052,20251209,93010300,0,499117,A,B,45600,10000,
600052.SH,600052,20251209,93010630,0,502177,A,B,50200,5000,
600052.SH,600052,20251209,93010630,0,502534,A,B,50400,2200,
600052.SH,600052,20251209,93010630,0,502676,A,B,49900,1000,
600052.SH,600052,20251209,93010630,0,502925,A,B,49800,10000,
600052.SH,600052,20251209,93010800,0,504695,A,S,50500,1100,
600052.SH,600052,20251209,93010800,0,505212,A,S,50500,2200,
600052.SH,600052,20251209,93010950,0,506015,A,S,50900,14000,
600052.SH,600052,20251209,93010950,0,506177,A,B,49500,2000,
600052.SH,600052,20251209,93011060,0,506652,A,S,50500,100,
600052.SH,600052,20251209,93011060,0,506915,A,B,50000,60000,
600052.SH,600052,20251209,93011060,0,507754,A,S,50500,100,
600052.SH,600052,20251209,93011060,0,508381,A,S,50500,1300,
600052.SH,600052,20251209,93011220,0,508749,A,B,50400,200,
600052.SH,600052,20251209,93011380,0,510490,A,S,50500,600,
600052.SH,600052,20251209,93011430,0,512099,A,S,50500,200,
600052.SH,600052,20251209,93011430,0,512106,A,S,50500,300,
600052.SH,600052,20251209,93011580,0,513911,A,S,52000,1000,
600052.SH,600052,20251209,93011580,0,514075,A,S,51600,10000,
600052.SH,600052,20251209,93011930,0,516874,A,B,50000,10000,
600052.SH,600052,20251209,93012160,0,519054,A,S,51600,10000,
600052.SH,600052,20251209,93012160,0,519571,A,S,50500,400,
600052.SH,600052,20251209,93012160,0,519878,A,B,50000,1000,
600052.SH,600052,20251209,93012470,0,523069,A,S,50500,5000,
600052.SH,600052,20251209,93012790,0,526680,A,S,50400,700,
600052.SH,600052,20251209,93012790,0,526800,A,S,50600,100,
600052.SH,600052,20251209,93012950,0,528251,A,S,50600,500,
600052.SH,600052,20251209,93013150,0,529923,A,S,52000,1000,
600052.SH,600052,20251209,93013310,0,531191,A,B,50000,20000,
600052.SH,600052,20251209,93013310,0,532172,A,S,51900,19400,
600052.SH,600052,20251209,93013310,0,532322,A,S,50400,1700,
600052.SH,600052,20251209,93013560,0,533808,A,S,50500,800,
600052.SH,600052,20251209,93013560,0,534223,A,S,50600,100,
600052.SH,600052,20251209,93013730,0,535382,A,S,50500,600,
600052.SH,600052,20251209,93013890,0,537952,A,S,50500,200,
600052.SH,600052,20251209,93014060,0,539996,A,S,50500,9300,
600052.SH,600052,20251209,93014240,0,540783,A,S,50400,700,
600052.SH,600052,20251209,93014240,0,540787,A,S,50400,2700,
600052.SH,600052,20251209,93014330,0,541639,A,S,50400,800,
600052.SH,600052,20251209,93014330,0,387917,D,S,50600,200,
600052.SH,600052,20251209,93014330,0,541888,A,S,50600,1100,
600052.SH,600052,20251209,93014330,0,542031,A,B,49400,400,
600052.SH,600052,20251209,93014330,0,542331,A,S,51000,20000,
600052.SH,600052,20251209,93014330,0,542828,A,S,50400,200,
600052.SH,600052,20251209,93014510,0,544029,A,S,50400,100,
600052.SH,600052,20251209,93014670,0,545351,A,S,50400,200,
600052.SH,600052,20251209,93014670,0,545466,A,S,50400,100,
600052.SH,600052,20251209,93014670,0,545484,A,S,50400,200,
600052.SH,600052,20251209,93014670,0,545620,A,S,50400,100,
600052.SH,600052,20251209,93014670,0,545674,A,S,50400,100,
600052.SH,600052,20251209,93014670,0,546095,A,S,50400,200,
600052.SH,600052,20251209,93014670,0,546098,A,B,49800,1000,
600052.SH,600052,20251209,93014670,0,546122,A,S,50400,200,
600052.SH,600052,20251209,93014830,0,548470,A,S,50500,5300,
600052.SH,600052,20251209,93014830,0,548622,A,S,50500,22000,
600052.SH,600052,20251209,93015000,0,549394,A,S,55600,1000,
600052.SH,600052,20251209,93015000,0,550144,A,S,50400,300,
600052.SH,600052,20251209,93015000,0,550181,A,S,50500,500,
600052.SH,600052,20251209,93015000,0,550182,A,S,50500,400,
600052.SH,600052,20251209,93015000,0,550223,A,S,50500,5300,
600052.SH,600052,20251209,93015000,0,550526,A,S,50600,900,
600052.SH,600052,20251209,93015330,0,552652,A,S,50500,100,
600052.SH,600052,20251209,93015330,0,552672,A,B,47400,2000,
600052.SH,600052,20251209,93015410,0,553250,A,S,50400,3700,
600052.SH,600052,20251209,93015410,0,553252,A,S,50500,1500,
600052.SH,600052,20251209,93015410,0,554595,A,S,50600,1000,
600052.SH,600052,20251209,93015580,0,554955,A,B,50000,5000,
600052.SH,600052,20251209,93015900,0,559517,A,S,50500,2100,
600052.SH,600052,20251209,93016080,0,560780,A,S,50500,200,
600052.SH,600052,20251209,93016080,0,560782,A,S,50500,200,
600052.SH,600052,20251209,93016080,0,560783,A,S,50500,200,
600052.SH,600052,20251209,93016080,0,560784,A,S,50500,200,
600052.SH,600052,20251209,93016080,0,560785,A,S,50500,200,
600052.SH,600052,20251209,93016080,0,560786,A,S,50500,200,
600052.SH,600052,20251209,93016080,0,560798,A,S,50500,200,
600052.SH,600052,20251209,93016080,0,560800,A,S,50500,400,
600052.SH,600052,20251209,93016080,0,560842,A,S,50500,2100,
600052.SH,600052,20251209,93016080,0,560934,A,S,50500,1300,
600052.SH,600052,20251209,93016080,0,560945,A,S,50500,2700,
600052.SH,600052,20251209,93016080,0,560960,A,S,50500,2500,
600052.SH,600052,20251209,93016080,0,561010,A,S,50500,100,
600052.SH,600052,20251209,93016080,0,561013,A,S,50500,300,
600052.SH,600052,20251209,93016080,0,561014,A,S,50500,100,
600052.SH,600052,20251209,93016080,0,561022,A,S,50500,100,
600052.SH,600052,20251209,93016080,0,561067,A,S,50500,200,
600052.SH,600052,20251209,93016250,0,562093,A,S,50500,200,
600052.SH,600052,20251209,93016250,0,562242,A,S,50400,400,
600052.SH,600052,20251209,93016250,0,563495,A,S,55800,300,
600052.SH,600052,20251209,93016250,0,563582,A,S,50600,13700,
600052.SH,600052,20251209,93016450,0,564330,A,S,50500,100,
600052.SH,600052,20251209,93016780,0,568384,A,S,50400,2400,
600052.SH,600052,20251209,93016780,0,568719,A,S,51800,2000,
600052.SH,600052,20251209,93016950,0,570141,A,B,50100,50000,
600052.SH,600052,20251209,93017110,0,570907,A,B,49800,10000,
600052.SH,600052,20251209,93017110,0,571060,A,S,50500,500,
600052.SH,600052,20251209,93017110,0,571872,A,S,51500,1900,
600052.SH,600052,20251209,93017440,0,575054,A,S,50500,100,
600052.SH,600052,20251209,93017440,0,575803,A,S,50500,1500,
600052.SH,600052,20251209,93017610,0,576188,A,S,50500,1900,
600052.SH,600052,20251209,93017610,0,576196,A,S,50500,100,
600052.SH,600052,20251209,93017610,0,576364,A,S,50500,1400,
600052.SH,600052,20251209,93017760,0,578284,A,S,50400,1100,
600052.SH,600052,20251209,93017930,0,580002,A,S,50500,200,
600052.SH,600052,20251209,93017930,0,580003,A,S,50500,200,
600052.SH,600052,20251209,93017930,0,580339,A,S,50500,100,
600052.SH,600052,20251209,93017930,0,580608,A,S,50500,500,
600052.SH,600052,20251209,93017930,0,580913,A,S,51900,50000,
600052.SH,600052,20251209,93017930,0,580953,A,S,50500,400,
600052.SH,600052,20251209,93017930,0,580963,A,S,50500,1500,
600052.SH,600052,20251209,93018200,0,583660,A,S,51400,40000,
600052.SH,600052,20251209,93018200,0,490797,D,S,50500,6100,
600052.SH,600052,20251209,93018420,0,585448,A,S,51800,700,
600052.SH,600052,20251209,93018780,0,589300,A,S,50400,300,
600052.SH,600052,20251209,93018780,0,589318,A,S,55800,42500,
600052.SH,600052,20251209,93018780,0,590022,A,S,50500,10500,
600052.SH,600052,20251209,93019010,0,590626,A,S,50500,600,
600052.SH,600052,20251209,93019010,0,591061,A,B,49100,2000,
600052.SH,600052,20251209,93019010,0,591621,A,S,50500,200,
600052.SH,600052,20251209,93019170,0,494831,D,S,50500,100,
600052.SH,600052,20251209,93019170,0,494894,D,S,50500,100,
600052.SH,600052,20251209,93019170,0,592432,A,S,50500,100,
600052.SH,600052,20251209,93019170,0,494843,D,S,50500,1300,
600052.SH,600052,20251209,93019170,0,593723,A,S,50400,100,
600052.SH,600052,20251209,93019420,0,433529,D,S,50600,1300,
600052.SH,600052,20251209,93019420,0,595836,A,S,50500,1200,
600052.SH,600052,20251209,93019580,0,507754,D,S,50500,100,
600052.SH,600052,20251209,93019840,0,599325,A,S,50500,200,
600052.SH,600052,20251209,93020070,0,601443,A,S,50400,100,
600052.SH,600052,20251209,93020070,0,602104,A,S,50500,2200,
600052.SH,600052,20251209,93020070,0,602352,A,S,50500,100,
600052.SH,600052,20251209,93020340,0,604445,A,S,50500,100,
600052.SH,600052,20251209,93020660,0,607550,A,B,50200,19900,
600052.SH,600052,20251209,93020910,0,609521,A,S,50600,22000,
600052.SH,600052,20251209,93020910,0,609946,A,S,50600,300,
600052.SH,600052,20251209,93021080,0,611516,A,S,50500,100,
600052.SH,600052,20251209,93021080,0,611549,A,S,50500,200,
600052.SH,600052,20251209,93021080,0,611566,A,S,50500,200,
600052.SH,600052,20251209,93021080,0,612340,A,S,50400,200,
600052.SH,600052,20251209,93021270,0,612895,A,S,50400,4200,
600052.SH,600052,20251209,93021410,0,614489,A,S,50500,200,
600052.SH,600052,20251209,93021410,0,494848,D,S,50500,300,
600052.SH,600052,20251209,93021410,0,614619,A,S,50400,200,
600052.SH,600052,20251209,93021410,0,519571,D,S,50500,400,
600052.SH,600052,20251209,93021410,0,614713,A,B,50300,100,
600052.SH,600052,20251209,93021410,0,614714,A,B,50300,100,
600052.SH,600052,20251209,93021410,0,614743,A,B,50300,100,
600052.SH,600052,20251209,93021410,0,614840,A,B,50300,100,
600052.SH,600052,20251209,93021410,0,537952,D,S,50500,200,
600052.SH,600052,20251209,93021570,0,615736,A,S,54300,10000,
600052.SH,600052,20251209,93021570,0,615938,A,S,50400,100,
600052.SH,600052,20251209,93021570,0,615973,A,S,50400,100,
600052.SH,600052,20251209,93021570,0,616258,A,S,50500,3500,
600052.SH,600052,20251209,93021570,0,616582,A,S,50500,200,
600052.SH,600052,20251209,93021570,0,616661,A,S,50400,100,
600052.SH,600052,20251209,93021570,0,616991,A,B,50300,100,
600052.SH,600052,20251209,93021570,0,544029,D,S,50400,100,
600052.SH,600052,20251209,93021730,0,617373,A,B,50300,100,
600052.SH,600052,20251209,93021730,0,617478,A,B,50300,300,
600052.SH,600052,20251209,93021730,0,617666,A,B,50300,100,
600052.SH,600052,20251209,93021730,0,617709,A,S,50400,3000,
600052.SH,600052,20251209,93021730,0,618842,A,S,51600,50000,
600052.SH,600052,20251209,93021910,0,619780,A,B,50300,100,
600052.SH,600052,20251209,93021910,0,454060,D,S,50600,3300,
600052.SH,600052,20251209,93021910,0,620411,A,B,50300,100,
600052.SH,600052,20251209,93022080,0,621305,A,S,50400,2400,
600052.SH,600052,20251209,93022080,0,414467,D,S,50600,100,
600052.SH,600052,20251209,93022570,0,495072,D,S,50500,400,
600052.SH,600052,20251209,93022880,0,534223,D,S,50600,100,
600052.SH,600052,20251209,93023040,0,491251,D,S,50500,200,
600052.SH,600052,20251209,93023040,0,630383,A,S,50500,4400,
600052.SH,600052,20251209,93023200,0,631870,A,B,50300,100,
600052.SH,600052,20251209,93023200,0,632553,A,S,50600,100,
600052.SH,600052,20251209,93023280,0,383032,D,S,50800,39500,
600052.SH,600052,20251209,93023280,0,633625,A,S,50400,200,
600052.SH,600052,20251209,93023280,0,633746,A,S,50400,100,
600052.SH,600052,20251209,93023280,0,634151,A,S,50500,300,
600052.SH,600052,20251209,93023280,0,634286,A,S,50500,200,
600052.SH,600052,20251209,93023280,0,634293,A,S,50500,200,
600052.SH,600052,20251209,93023550,0,635444,A,S,50600,300,
600052.SH,600052,20251209,93023720,0,638315,A,S,50400,200,
600052.SH,600052,20251209,93023720,0,638322,A,S,55400,14800,
600052.SH,600052,20251209,93023890,0,550182,D,S,50500,400,
600052.SH,600052,20251209,93023890,0,550181,D,S,50500,500,
600052.SH,600052,20251209,93023890,0,560842,D,S,50500,2100,
600052.SH,600052,20251209,93023890,0,542828,D,S,50400,200,
600052.SH,600052,20251209,93023890,0,550223,D,S,50500,5300,
600052.SH,600052,20251209,93023890,0,560934,D,S,50500,1300,
600052.SH,600052,20251209,93023890,0,560945,D,S,50500,2700,
600052.SH,600052,20251209,93023890,0,560960,D,S,50500,2500,
600052.SH,600052,20251209,93023890,0,638925,A,B,50300,100,
600052.SH,600052,20251209,93023890,0,638926,A,B,50300,100,
600052.SH,600052,20251209,93023890,0,639032,A,B,50300,100,
600052.SH,600052,20251209,93023890,0,484124,D,S,50600,1000,
600052.SH,600052,20251209,93023890,0,639329,A,S,50400,200,
600052.SH,600052,20251209,93023890,0,639583,A,S,50500,100,
600052.SH,600052,20251209,93024060,0,640220,A,S,50500,100,
600052.SH,600052,20251209,93024060,0,640482,A,S,50500,100,
600052.SH,600052,20251209,93024060,0,640596,A,S,50500,200,
600052.SH,600052,20251209,93024060,0,640854,A,S,50500,100,
600052.SH,600052,20251209,93024220,0,642156,A,S,50400,100,
600052.SH,600052,20251209,93024220,0,643133,A,S,50500,5600,
600052.SH,600052,20251209,93024380,0,644448,A,S,50500,200,
600052.SH,600052,20251209,93024380,0,644488,A,S,50400,100,
600052.SH,600052,20251209,93024380,0,644709,A,B,50300,700,
600052.SH,600052,20251209,93024530,0,552652,D,S,50500,100,
600052.SH,600052,20251209,93024700,0,528251,D,S,50600,500,
600052.SH,600052,20251209,93024700,0,647754,A,S,50500,100,
600052.SH,600052,20251209,93024700,0,647764,A,S,50500,100,
600052.SH,600052,20251209,93024890,0,649548,A,B,50300,100,
600052.SH,600052,20251209,93024890,0,649746,A,S,50400,900,
600052.SH,600052,20251209,93024890,0,649774,A,S,50400,600,
600052.SH,600052,20251209,93024890,0,649893,A,S,50400,3300,
600052.SH,600052,20251209,93025060,0,650038,A,S,51900,1000,
600052.SH,600052,20251209,93025060,0,650253,A,S,50400,600,
600052.SH,600052,20251209,93025060,0,650320,A,S,50500,100,
600052.SH,600052,20251209,93025060,0,650358,A,B,50300,2000,
600052.SH,600052,20251209,93025060,0,651100,A,S,50400,100,
600052.SH,600052,20251209,93025220,0,651533,A,S,50500,100,
600052.SH,600052,20251209,93025220,0,651692,A,S,50500,200,
600052.SH,600052,20251209,93025220,0,651950,A,B,50300,700,
600052.SH,600052,20251209,93025220,0,652027,A,S,50500,800,
600052.SH,600052,20251209,93025220,0,652498,A,S,50500,100,
600052.SH,600052,20251209,93025390,0,653541,A,S,50400,600,
600052.SH,600052,20251209,93025390,0,611516,D,S,50500,100,
600052.SH,600052,20251209,93025390,0,611549,D,S,50500,200,
600052.SH,600052,20251209,93025390,0,611566,D,S,50500,200,
600052.SH,600052,20251209,93025390,0,654457,A,B,49200,1000,
600052.SH,600052,20251209,93025530,0,654925,A,S,52500,100,
600052.SH,600052,20251209,93025530,0,73170,D,B,50200,5000,
600052.SH,600052,20251209,93025530,0,656171,A,S,50400,1600,
600052.SH,600052,20251209,93025780,0,563582,D,S,50600,13700,
600052.SH,600052,20251209,93025970,0,658702,A,S,50600,700,
600052.SH,600052,20251209,93025970,0,630383,D,S,50500,4400,
600052.SH,600052,20251209,93026290,0,662644,A,S,50500,300,
600052.SH,600052,20251209,93026460,0,345418,D,S,52500,10000,
600052.SH,600052,20251209,93026460,0,663905,A,B,50000,20000,
600052.SH,600052,20251209,93026460,0,589300,D,S,50400,300,
600052.SH,600052,20251209,93026460,0,595836,D,S,50500,1200,
600052.SH,600052,20251209,93026460,0,542031,D,B,49400,400,
600052.SH,600052,20251209,93026460,0,664118,A,S,50500,400,
600052.SH,600052,20251209,93026460,0,480778,D,S,50600,2500,
600052.SH,600052,20251209,93026610,0,303305,D,S,50900,4000,
600052.SH,600052,20251209,93027080,0,669927,A,B,50300,100,
600052.SH,600052,20251209,93027220,0,671064,A,S,50500,100,
600052.SH,600052,20251209,93027220,0,640596,D,S,50500,200,
600052.SH,600052,20251209,93027220,0,671884,A,B,50000,20000,
600052.SH,600052,20251209,93027370,0,672054,A,S,52600,2100,
600052.SH,600052,20251209,93027470,0,673292,A,B,50000,2000,
600052.SH,600052,20251209,93027470,0,673977,A,S,52600,8000,
600052.SH,600052,20251209,93027470,0,674219,A,B,50300,700,
600052.SH,600052,20251209,93027470,0,674329,A,S,50400,600,
600052.SH,600052,20251209,93027470,0,674492,A,S,50400,100,
600052.SH,600052,20251209,93027630,0,675409,A,S,52900,1000,
600052.SH,600052,20251209,93027630,0,675468,A,B,50000,1300,
600052.SH,600052,20251209,93027790,0,676352,A,S,50500,1900,
600052.SH,600052,20251209,93027840,0,677153,A,B,50000,500,
600052.SH,600052,20251209,93027840,0,658702,D,S,50600,700,
600052.SH,600052,20251209,93027840,0,678366,A,S,52600,2000,
600052.SH,600052,20251209,93028000,0,679576,A,S,50500,200,
600052.SH,600052,20251209,93028000,0,679820,A,B,50300,100,
600052.SH,600052,20251209,93028150,0,680355,A,S,50300,600,
600052.SH,600052,20251209,93028150,0,680369,A,S,50300,100,
600052.SH,600052,20251209,93028150,0,681355,A,S,50300,100,
600052.SH,600052,20251209,93028320,0,523069,D,S,50500,5000,
600052.SH,600052,20251209,93028320,0,682671,A,S,50500,1900,
600052.SH,600052,20251209,93028320,0,580963,D,S,50500,1500,
600052.SH,600052,20251209,93028470,0,683290,A,S,50300,100,
600052.SH,600052,20251209,93028470,0,683931,A,S,50300,100,
600052.SH,600052,20251209,93028470,0,470932,D,S,50700,2000,
600052.SH,600052,20251209,93028470,0,460537,D,S,50600,600,
600052.SH,600052,20251209,93028470,0,496120,D,S,50600,200,
600052.SH,600052,20251209,93028620,0,684744,A,S,50300,300,
600052.SH,600052,20251209,93028620,0,684814,A,S,50300,800,
600052.SH,600052,20251209,93028620,0,684815,A,S,50300,900,
600052.SH,600052,20251209,93028620,0,684817,A,S,50300,700,
600052.SH,600052,20251209,93028620,0,684818,A,S,50300,400,
600052.SH,600052,20251209,93028620,0,684830,A,S,50300,900,
600052.SH,600052,20251209,93028620,0,684831,A,S,50300,200,
600052.SH,600052,20251209,93028620,0,684832,A,S,50300,200,
600052.SH,600052,20251209,93028620,0,685132,A,S,50400,100,
600052.SH,600052,20251209,93028620,0,685136,A,S,50300,100,
600052.SH,600052,20251209,93028620,0,685227,A,S,50500,300,
600052.SH,600052,20251209,93028620,0,685266,A,S,50300,1900,
600052.SH,600052,20251209,93028620,0,685328,A,S,50300,200,
600052.SH,600052,20251209,93028620,0,685443,A,S,50500,200,
600052.SH,600052,20251209,93028770,0,686493,A,S,50300,700,
600052.SH,600052,20251209,93028940,0,687676,A,S,50300,100,
600052.SH,600052,20251209,93029000,0,651692,D,S,50500,200,
600052.SH,600052,20251209,93029000,0,651533,D,S,50500,100,
600052.SH,600052,20251209,93029150,0,690315,A,S,50300,100,
600052.SH,600052,20251209,93029150,0,690333,A,S,50300,200,
600052.SH,600052,20251209,93029150,0,690379,A,S,50300,100,
600052.SH,600052,20251209,93029150,0,690485,A,S,50300,100,
600052.SH,600052,20251209,93029280,0,690741,A,S,50300,100,
600052.SH,600052,20251209,93029280,0,691145,A,S,50300,100,
600052.SH,600052,20251209,93029280,0,643133,D,S,50500,5600,
600052.SH,600052,20251209,93029420,0,692170,A,S,50300,100,
600052.SH,600052,20251209,93029420,0,692533,A,S,50500,1100,
600052.SH,600052,20251209,93029620,0,694358,A,S,50300,100,
600052.SH,600052,20251209,93029980,0,697324,A,B,50100,20000,
600052.SH,600052,20251209,93029980,0,697343,A,S,50400,200,
600052.SH,600052,20251209,93030130,0,698711,A,S,50400,500,
600052.SH,600052,20251209,93030280,0,491929,D,S,50600,400,
600052.SH,600052,20251209,93030400,0,701450,A,S,50400,200,
600052.SH,600052,20251209,93030400,0,702579,A,S,50400,3300,
600052.SH,600052,20251209,93030690,0,704561,A,S,50300,2200,
600052.SH,600052,20251209,93030690,0,705128,A,S,50300,1500,
600052.SH,600052,20251209,93030840,0,706230,A,S,50300,200,
600052.SH,600052,20251209,93030840,0,692533,D,S,50500,1100,
600052.SH,600052,20251209,93030990,0,707890,A,S,50300,200,
600052.SH,600052,20251209,93030990,0,676352,D,S,50500,1900,
600052.SH,600052,20251209,93031140,0,709766,A,S,55800,2000,
600052.SH,600052,20251209,93031140,0,709885,A,S,50400,100,
600052.SH,600052,20251209,93031140,0,710280,A,S,50400,100,
600052.SH,600052,20251209,93031300,0,710427,A,S,50400,100,
600052.SH,600052,20251209,93031300,0,711043,A,S,50300,100,
600052.SH,600052,20251209,93031440,0,713280,A,S,50300,5000,
600052.SH,600052,20251209,93031620,0,713432,A,S,50500,200,
600052.SH,600052,20251209,93031620,0,713452,A,S,50500,200,
600052.SH,600052,20251209,93031620,0,671064,D,S,50500,100,
600052.SH,600052,20251209,93031770,0,714877,A,S,50400,2500,
600052.SH,600052,20251209,93031960,0,716697,A,S,50500,200,
600052.SH,600052,20251209,93031960,0,717787,A,S,55800,10000,
600052.SH,600052,20251209,93032130,0,718750,A,S,50300,100,
600052.SH,600052,20251209,93032130,0,718837,A,S,50300,100,
600052.SH,600052,20251209,93032250,0,650320,D,S,50500,100,
600052.SH,600052,20251209,93032550,0,723154,A,S,50600,100,
600052.SH,600052,20251209,93032550,0,723243,A,S,50400,700,
600052.SH,600052,20251209,93032550,0,723298,A,S,50400,100,
600052.SH,600052,20251209,93032690,0,724383,A,S,50300,700,
600052.SH,600052,20251209,93032690,0,553250,D,S,50400,1400,
600052.SH,600052,20251209,93032690,0,550526,D,S,50600,900,
600052.SH,600052,20251209,93032690,0,477319,D,S,50600,600,
600052.SH,600052,20251209,93032690,0,481612,D,S,50600,200,
600052.SH,600052,20251209,93032990,0,727227,A,B,50200,500,
600052.SH,600052,20251209,93032990,0,684817,D,S,50300,700,
600052.SH,600052,20251209,93032990,0,684818,D,S,50300,400,
600052.SH,600052,20251209,93032990,0,684815,D,S,50300,900,
600052.SH,600052,20251209,93032990,0,727686,A,S,50300,200,
600052.SH,600052,20251209,93032990,0,684830,D,S,50300,900,
600052.SH,600052,20251209,93032990,0,684831,D,S,50300,200,
600052.SH,600052,20251209,93032990,0,684832,D,S,50300,200,
600052.SH,600052,20251209,93032990,0,685328,D,S,50300,200,
600052.SH,600052,20251209,93033140,0,684814,D,S,50300,800,
600052.SH,600052,20251209,93033140,0,512099,D,S,50500,200,
600052.SH,600052,20251209,93033140,0,512106,D,S,50500,300,
600052.SH,600052,20251209,93033140,0,729136,A,S,50300,200,
600052.SH,600052,20251209,93033290,0,590022,D,S,50500,10500,
600052.SH,600052,20251209,93033290,0,591621,D,S,50500,200,
600052.SH,600052,20251209,93033440,0,602104,D,S,50500,2200,
600052.SH,600052,20251209,93033440,0,731450,A,S,50300,200,
600052.SH,600052,20251209,93033440,0,731591,A,S,50300,1600,
600052.SH,600052,20251209,93033740,0,470657,D,S,50600,400,
600052.SH,600052,20251209,93033740,0,478266,D,S,50600,500,
600052.SH,600052,20251209,93033740,0,734735,A,S,50500,2900,
600052.SH,600052,20251209,93033890,0,496004,D,S,50600,1000,
600052.SH,600052,20251209,93033890,0,486156,D,S,50600,1400,
600052.SH,600052,20251209,93033950,0,548470,D,S,50500,5300,
600052.SH,600052,20251209,93034100,0,737861,A,S,50300,1000,
600052.SH,600052,20251209,93034250,0,609521,D,S,50600,22000,
600052.SH,600052,20251209,93034400,0,739891,A,S,50300,100,
600052.SH,600052,20251209,93034400,0,740039,A,B,50200,10000,
600052.SH,600052,20251209,93034680,0,602352,D,S,50500,100,
600052.SH,600052,20251209,93034680,0,743001,A,S,50800,2000,
600052.SH,600052,20251209,93034680,0,647754,D,S,50500,100,
600052.SH,600052,20251209,93034680,0,647764,D,S,50500,100,
600052.SH,600052,20251209,93034820,0,745090,A,B,50200,1700,
600052.SH,600052,20251209,93034820,0,745243,A,S,51700,3000,
600052.SH,600052,20251209,93034820,0,745512,A,B,50200,200,
600052.SH,600052,20251209,93034820,0,462966,D,S,50600,400,
600052.SH,600052,20251209,93034970,0,674492,D,S,50400,100,
600052.SH,600052,20251209,93034970,0,652498,D,S,50500,100,
600052.SH,600052,20251209,93035130,0,640854,D,S,50500,100,
600052.SH,600052,20251209,93035130,0,640482,D,S,50500,100,
600052.SH,600052,20251209,93035270,0,639583,D,S,50500,100,
600052.SH,600052,20251209,93035270,0,749668,A,B,50200,100,
600052.SH,600052,20251209,93035270,0,749855,A,B,50200,200,
600052.SH,600052,20251209,93035540,0,751473,A,S,50400,200,
600052.SH,600052,20251209,93035540,0,751525,A,B,50200,300,
600052.SH,600052,20251209,93035540,0,470320,D,S,50600,200,
600052.SH,600052,20251209,93035540,0,599325,D,S,50500,200,
600052.SH,600052,20251209,93035690,0,559517,D,S,50500,2100,
600052.SH,600052,20251209,93035690,0,754013,A,B,50200,1800,
600052.SH,600052,20251209,93035690,0,754060,A,B,50200,1500,
600052.SH,600052,20251209,93035830,0,754877,A,S,50300,200,
600052.SH,600052,20251209,93035990,0,592432,D,S,50500,100,
600052.SH,600052,20251209,93036140,0,561010,D,S,50500,100,
600052.SH,600052,20251209,93036140,0,757255,A,S,50400,200,
600052.SH,600052,20251209,93036190,0,758116,A,B,50200,1100,
600052.SH,600052,20251209,93036190,0,758154,A,B,50200,1000,
600052.SH,600052,20251209,93036190,0,734735,D,S,50500,2900,
600052.SH,600052,20251209,93036330,0,758791,A,B,50300,3000,
600052.SH,600052,20251209,93036330,0,633625,D,S,50400,200,
600052.SH,600052,20251209,93036330,0,633746,D,S,50400,100,
600052.SH,600052,20251209,93036470,0,761014,A,B,50200,400,
600052.SH,600052,20251209,93036600,0,761802,A,S,50500,100,
600052.SH,600052,20251209,93036600,0,614489,D,S,50500,200,
600052.SH,600052,20251209,93036600,0,762283,A,S,55000,2500,
600052.SH,600052,20251209,93036600,0,762377,A,S,50400,600,
600052.SH,600052,20251209,93036740,0,763112,A,B,50200,800,
600052.SH,600052,20251209,93036870,0,764993,A,S,50600,300,
600052.SH,600052,20251209,93036870,0,765435,A,S,50400,1300,
600052.SH,600052,20251209,93037150,0,767408,A,S,50300,700,
600052.SH,600052,20251209,93037290,0,768981,A,S,53700,4800,
600052.SH,600052,20251209,93037430,0,770224,A,S,50600,1000,
600052.SH,600052,20251209,93037570,0,771750,A,S,50300,200,
600052.SH,600052,20251209,93037570,0,761802,D,S,50500,100,
600052.SH,600052,20251209,93037700,0,772925,A,B,50200,2700,
600052.SH,600052,20251209,93037700,0,632553,D,S,50600,100,
600052.SH,600052,20251209,93037700,0,774083,A,S,50300,100,
600052.SH,600052,20251209,93037830,0,774414,A,S,50300,100,
600052.SH,600052,20251209,93037830,0,774510,A,B,50200,1000,
600052.SH,600052,20251209,93037830,0,774744,A,S,50300,300,
600052.SH,600052,20251209,93037830,0,774883,A,B,49300,6100,
600052.SH,600052,20251209,93037830,0,774923,A,S,50600,4000,
600052.SH,600052,20251209,93037830,0,774962,A,S,51000,1000,
600052.SH,600052,20251209,93037830,0,562093,D,S,50500,200,
600052.SH,600052,20251209,93038390,0,780240,A,B,46000,2500,
600052.SH,600052,20251209,93038530,0,781640,A,S,50300,100,
600052.SH,600052,20251209,93038530,0,781967,A,B,49500,4000,
600052.SH,600052,20251209,93039100,0,770224,D,S,50600,1000,
600052.SH,600052,20251209,93039100,0,590626,D,S,50500,600,
600052.SH,600052,20251209,93039240,0,788610,A,B,50300,100,
600052.SH,600052,20251209,93039240,0,788611,A,B,50300,100,
600052.SH,600052,20251209,93039240,0,789076,A,S,50400,900,
600052.SH,600052,20251209,93039370,0,564330,D,S,50500,100,
600052.SH,600052,20251209,93039480,0,792032,A,S,50300,100,
600052.SH,600052,20251209,93039620,0,792480,A,S,51200,3300,
600052.SH,600052,20251209,93039620,0,526800,D,S,50600,100,
600052.SH,600052,20251209,93039720,0,793652,A,B,50300,100,
600052.SH,600052,20251209,93039720,0,793956,A,S,50500,100,
600052.SH,600052,20251209,93039770,0,794170,A,B,50200,2500,
600052.SH,600052,20251209,93039830,0,794699,A,S,50300,300,
600052.SH,600052,20251209,93039860,0,743001,D,S,50800,2000,
600052.SH,600052,20251209,93039930,0,795239,A,S,50300,2100,
600052.SH,600052,20251209,93039930,0,795386,A,B,50200,2400,
600052.SH,600052,20251209,93040010,0,723298,D,S,50400,100,
600052.SH,600052,20251209,93040050,0,796438,A,S,50300,2100,
600052.SH,600052,20251209,93040050,0,796448,A,S,50300,1600,
600052.SH,600052,20251209,93040070,0,796723,A,S,50400,1000,
600052.SH,600052,20251209,93040150,0,751473,D,S,50400,200,
600052.SH,600052,20251209,93040300,0,642156,D,S,50400,100,
600052.SH,600052,20251209,93040400,0,798844,A,B,50100,3000,
600052.SH,600052,20251209,93040960,0,802444,A,S,50300,100,
600052.SH,600052,20251209,93040960,0,802449,A,S,50300,100,
600052.SH,600052,20251209,93040960,0,802453,A,S,50300,200,
600052.SH,600052,20251209,93040960,0,802467,A,S,50300,100,
600052.SH,600052,20251209,93040960,0,802489,A,S,50300,100,
600052.SH,600052,20251209,93040960,0,802490,A,S,50300,200,
600052.SH,600052,20251209,93041130,0,554955,D,B,50000,5000,
600052.SH,600052,20251209,93041430,0,805477,A,B,50200,1100,
600052.SH,600052,20251209,93041490,0,805670,A,B,50200,600,
600052.SH,600052,20251209,93041620,0,806238,A,S,50300,2000,
600052.SH,600052,20251209,93041930,0,808076,A,S,50300,1000,
600052.SH,600052,20251209,93042830,0,813499,A,S,50300,200,
600052.SH,600052,20251209,93043090,0,814883,A,S,50300,1500,
600052.SH,600052,20251209,93043740,0,774923,D,S,50600,4000,
600052.SH,600052,20251209,93043890,0,819878,A,B,50200,400,
600052.SH,600052,20251209,93044270,0,822016,A,B,50200,200,
600052.SH,600052,20251209,93044600,0,823627,A,B,49000,2000,
600052.SH,600052,20251209,93044760,0,390782,D,S,50700,5000,
600052.SH,600052,20251209,93044910,0,554595,D,S,50600,1000,
600052.SH,600052,20251209,93045450,0,827976,A,S,50300,1400,
600052.SH,600052,20251209,93045470,0,828071,A,S,50300,100,
600052.SH,600052,20251209,93045760,0,617709,D,S,50400,600,
600052.SH,600052,20251209,93045990,0,830665,A,S,55800,20000,
600052.SH,600052,20251209,93046460,0,833858,A,B,50200,2000,
600052.SH,600052,20251209,93046650,0,671884,D,B,50000,20000,
600052.SH,600052,20251209,93047050,0,836897,A,S,50300,200,
600052.SH,600052,20251209,93047430,0,838904,A,S,50300,100,
600052.SH,600052,20251209,93047430,0,838940,A,S,50300,600,
600052.SH,600052,20251209,93047660,0,740039,D,B,50200,10000,
600052.SH,600052,20251209,93047800,0,765435,D,S,50400,1300,
600052.SH,600052,20251209,93047990,0,841440,A,B,49900,4100,
600052.SH,600052,20251209,93048030,0,789076,D,S,50400,900,
600052.SH,600052,20251209,93048110,0,793956,D,S,50500,100,
600052.SH,600052,20251209,93048980,0,846233,A,B,48100,15100,
600052.SH,600052,20251209,93049930,0,850810,A,S,50300,2000,
600052.SH,600052,20251209,93050160,0,851866,A,B,50200,3500,
600052.SH,600052,20251209,93050950,0,855019,A,S,50200,31700,
600052.SH,600052,20251209,93051570,0,857622,A,B,50000,200,
600052.SH,600052,20251209,93052590,0,862215,A,S,50200,5000,
600052.SH,600052,20251209,93052710,0,862673,A,S,50200,600,
600052.SH,600052,20251209,93053480,0,865530,A,S,50200,500,
600052.SH,600052,20251209,93053550,0,553252,D,S,50500,1500,
600052.SH,600052,20251209,93053590,0,576364,D,S,50500,1400,
600052.SH,600052,20251209,93053590,0,535382,D,S,50500,600,
600052.SH,600052,20251209,93053710,0,866325,A,S,50300,1400,
600052.SH,600052,20251209,93053710,0,866341,A,S,50300,600,
600052.SH,600052,20251209,93054040,0,714877,D,S,50400,2500,
600052.SH,600052,20251209,93054070,0,762377,D,S,50400,600,
600052.SH,600052,20251209,93054070,0,702579,D,S,50400,3300,
600052.SH,600052,20251209,93054070,0,757255,D,S,50400,200,
600052.SH,600052,20251209,93054260,0,723243,D,S,50400,700,
600052.SH,600052,20251209,93054480,0,698711,D,S,50400,500,
600052.SH,600052,20251209,93055030,0,871472,A,S,50200,2500,
600052.SH,600052,20251209,93055070,0,871606,A,S,50200,600,
600052.SH,600052,20251209,93055070,0,871616,A,S,50200,200,
600052.SH,600052,20251209,93055100,0,508381,D,S,50500,1300,
600052.SH,600052,20251209,93055100,0,576188,D,S,50500,1900,
600052.SH,600052,20251209,93055250,0,872483,A,S,50200,700,
600052.SH,600052,20251209,93055310,0,872559,A,B,49600,400,
600052.SH,600052,20251209,93055500,0,873530,A,S,50200,500,
600052.SH,600052,20251209,93056070,0,875806,A,S,50200,3300,
600052.SH,600052,20251209,93056450,0,877191,A,S,50200,100,
600052.SH,600052,20251209,93057070,0,879610,A,B,50100,10000,
600052.SH,600052,20251209,93057180,0,880039,A,B,50100,2200,
600052.SH,600052,20251209,93057220,0,880350,A,S,51100,25000,
600052.SH,600052,20251209,93058010,0,883435,A,S,50300,200,
600052.SH,600052,20251209,93100150,0,892340,A,B,50100,1000,
600052.SH,600052,20251209,93101070,0,898245,A,B,50000,10000,
600052.SH,600052,20251209,93101210,0,899132,A,B,49600,4500,
600052.SH,600052,20251209,93101550,0,900753,A,B,50100,2900,
600052.SH,600052,20251209,93102030,0,902930,A,S,50300,300,
600052.SH,600052,20251209,93102430,0,904776,A,B,50100,100,
600052.SH,600052,20251209,93102520,0,905297,A,S,52000,1000,
600052.SH,600052,20251209,93102970,0,907177,A,B,50200,16300,
600052.SH,600052,20251209,93103090,0,907875,A,B,50200,2000,
600052.SH,600052,20251209,93104040,0,912427,A,B,50100,600,
600052.SH,600052,20251209,93104070,0,510490,D,S,50500,600,
600052.SH,600052,20251209,93104070,0,912519,A,B,50100,400,
600052.SH,600052,20251209,93104070,0,533808,D,S,50500,800,
600052.SH,600052,20251209,93104800,0,916413,A,B,50100,100,
600052.SH,600052,20251209,93105220,0,918094,A,B,50000,2000,
600052.SH,600052,20251209,93106270,0,922700,A,B,50100,1900,
600052.SH,600052,20251209,93106270,0,674329,D,S,50400,600,
600052.SH,600052,20251209,93106720,0,924511,A,S,50300,900,
600052.SH,600052,20251209,93107010,0,925708,A,S,50300,200,
600052.SH,600052,20251209,93107050,0,925868,A,S,50300,5500,
600052.SH,600052,20251209,93107110,0,926149,A,B,50200,100,
600052.SH,600052,20251209,93107590,0,928843,A,B,49500,3200,
600052.SH,600052,20251209,93108480,0,932260,A,S,50300,100,
600052.SH,600052,20251209,93108710,0,933173,A,S,50300,800,
600052.SH,600052,20251209,93109160,0,935137,A,B,50200,800,
600052.SH,600052,20251209,93109330,0,935978,A,B,50200,2700,
600052.SH,600052,20251209,93110160,0,662644,D,S,50500,300,
600052.SH,600052,20251209,93111440,0,932260,D,S,50300,100,
600052.SH,600052,20251209,93111440,0,685132,D,S,50400,100,
600052.SH,600052,20251209,93111440,0,604445,D,S,50500,100,
600052.SH,600052,20251209,93111560,0,945283,A,S,50200,400,
600052.SH,600052,20251209,93111630,0,945595,A,B,50200,900,
600052.SH,600052,20251209,93112280,0,948220,A,B,50100,1500,
600052.SH,600052,20251209,93113540,0,953625,A,B,50200,1100,
600052.SH,600052,20251209,93113620,0,953893,A,B,50200,200,
600052.SH,600052,20251209,93114060,0,955502,A,B,50200,1900,
600052.SH,600052,20251209,93114630,0,957602,A,B,50200,200,
600052.SH,600052,20251209,93114630,0,957604,A,B,50200,200,
600052.SH,600052,20251209,93114630,0,957634,A,B,50200,5000,
600052.SH,600052,20251209,93114670,0,957841,A,S,50300,8000,
600052.SH,600052,20251209,93114810,0,958255,A,B,50200,1100,
600052.SH,600052,20251209,93115120,0,959525,A,B,50100,3000,
600052.SH,600052,20251209,93115220,0,959981,A,B,50000,6000,
600052.SH,600052,20251209,93115280,0,960230,A,B,50100,1500,
600052.SH,600052,20251209,93116620,0,965283,A,B,50100,3000,
600052.SH,600052,20251209,93116620,0,965313,A,S,50300,4000,
600052.SH,600052,20251209,93116670,0,965437,A,B,50200,1000,
600052.SH,600052,20251209,93117260,0,967877,A,B,50200,1100,
600052.SH,600052,20251209,93118530,0,972805,A,S,50300,800,
600052.SH,600052,20251209,93118820,0,974042,A,B,50200,100,
600052.SH,600052,20251209,93118960,0,974573,A,B,50200,1000,
600052.SH,600052,20251209,93119800,0,978369,A,B,50200,10000,
600052.SH,600052,20251209,93121250,0,983648,A,B,50200,1900,
600052.SH,600052,20251209,93122010,0,986485,A,S,50300,1700,
600052.SH,600052,20251209,93122280,0,987725,A,B,50200,100,
600052.SH,600052,20251209,93122580,0,989024,A,B,50000,50000,
600052.SH,600052,20251209,93124190,0,995267,A,B,49200,100,
600052.SH,600052,20251209,93124730,0,997312,A,B,50200,700,
600052.SH,600052,20251209,93124810,0,997617,A,S,50300,300,
600052.SH,600052,20251209,93124850,0,997839,A,B,50200,10000,
600052.SH,600052,20251209,93125460,0,1000435,A,B,50200,900,
600052.SH,600052,20251209,93125650,0,1001184,A,S,50600,2000,
600052.SH,600052,20251209,93125680,0,1001254,A,B,50200,600,
600052.SH,600052,20251209,93126050,0,1002656,A,B,50200,600,
600052.SH,600052,20251209,93126300,0,1003699,A,B,50200,700,
600052.SH,600052,20251209,93126440,0,1004256,A,S,50300,300,
600052.SH,600052,20251209,93126570,0,1004638,A,B,50000,500,
600052.SH,600052,20251209,93126790,0,1005552,A,S,50300,300,
600052.SH,600052,20251209,93126910,0,1005876,A,S,50300,300,
600052.SH,600052,20251209,93127000,0,1006253,A,S,50300,3000,
600052.SH,600052,20251209,93127040,0,1006399,A,B,50000,20000,
600052.SH,600052,20251209,93127260,0,1007348,A,S,50300,1500,
600052.SH,600052,20251209,93127300,0,1007659,A,B,50200,600,
600052.SH,600052,20251209,93127380,0,1007950,A,B,50200,600,
600052.SH,600052,20251209,93127940,0,1010404,A,B,49900,3000,
600052.SH,600052,20251209,93128490,0,1012685,A,B,50200,500,
600052.SH,600052,20251209,93129060,0,1014856,A,B,49600,3000,
600052.SH,600052,20251209,93129190,0,1015383,A,B,50200,1000,
600052.SH,600052,20251209,93129220,0,1015438,A,S,50800,5000,
600052.SH,600052,20251209,93130360,0,1019834,A,B,50200,20000,
600052.SH,600052,20251209,93130580,0,1020591,A,S,50300,1000,
600052.SH,600052,20251209,93131100,0,1022776,A,B,50200,700,
600052.SH,600052,20251209,93131450,0,1024299,A,B,50100,3000,
600052.SH,600052,20251209,93131520,0,1024603,A,S,50300,700,
600052.SH,600052,20251209,93132970,0,1029873,A,B,50200,10000,
600052.SH,600052,20251209,93134300,0,1035095,A,S,50300,200,
600052.SH,600052,20251209,93135800,0,916413,D,B,50100,100,
600052.SH,600052,20251209,93136020,0,1041216,A,S,50300,2300,
600052.SH,600052,20251209,93136310,0,1042464,A,B,50200,500,
600052.SH,600052,20251209,93137050,0,1045174,A,B,49700,1000,
600052.SH,600052,20251209,93137220,0,1046147,A,B,50200,1000,
600052.SH,600052,20251209,93137540,0,1047485,A,S,54800,2000,
600052.SH,600052,20251209,93138280,0,1050747,A,B,49200,5000,
600052.SH,600052,20251209,93140000,0,1058253,A,B,49100,6000,
600052.SH,600052,20251209,93140410,0,1060537,A,B,50200,60000,
600052.SH,600052,20251209,93140580,0,1061340,A,B,50000,5000,
600052.SH,600052,20251209,93141430,0,1064960,A,B,50200,700,
600052.SH,600052,20251209,93145560,0,1083935,A,B,50200,300,
600052.SH,600052,20251209,93145600,0,1084036,A,B,49000,200,
600052.SH,600052,20251209,93146950,0,1091437,A,B,50200,21200,
600052.SH,600052,20251209,93147680,0,723154,D,S,50600,100,
600052.SH,600052,20251209,93147780,0,1094903,A,B,50200,100,
600052.SH,600052,20251209,93148250,0,1096867,A,S,52000,4000,
600052.SH,600052,20251209,93148600,0,1098225,A,B,47500,10000,
600052.SH,600052,20251209,93149150,0,1100464,A,B,50200,10000,
600052.SH,600052,20251209,93149220,0,1100930,A,B,50100,2000,
600052.SH,600052,20251209,93149330,0,1101361,A,B,50000,500,
600052.SH,600052,20251209,93149480,0,1102147,A,B,50100,7000,
600052.SH,600052,20251209,93150430,0,1106313,A,S,50300,10000,
600052.SH,600052,20251209,93151290,0,1109910,A,B,50000,400,
600052.SH,600052,20251209,93151330,0,1110065,A,B,49000,1000,
600052.SH,600052,20251209,93151410,0,651100,D,S,50400,100,
600052.SH,600052,20251209,93151470,0,387951,D,S,50600,100,
600052.SH,600052,20251209,93151890,0,1112635,A,B,50200,100,
600052.SH,600052,20251209,93152050,0,1113288,A,B,50200,600,
600052.SH,600052,20251209,93152080,0,1113387,A,B,50000,10000,
600052.SH,600052,20251209,93152360,0,1114629,A,B,50200,1500,
600052.SH,600052,20251209,93152660,0,186996,D,S,55800,2200,
600052.SH,600052,20251209,93153490,0,1064960,D,B,50200,700,
600052.SH,600052,20251209,93153720,0,1120294,A,B,49500,2000,
600052.SH,600052,20251209,93153930,0,1121006,A,B,49900,2000,
600052.SH,600052,20251209,93155240,0,1126729,A,B,49000,2000,
600052.SH,600052,20251209,93155960,0,1129846,A,B,50200,3000,
600052.SH,600052,20251209,93156000,0,1129991,A,S,50300,200,
600052.SH,600052,20251209,93156320,0,1131150,A,S,50300,10500,
600052.SH,600052,20251209,93156320,0,1131152,A,B,50200,2000,
600052.SH,600052,20251209,93156380,0,1131519,A,S,50300,1500,
600052.SH,600052,20251209,93156480,0,1131927,A,S,50300,1600,
600052.SH,600052,20251209,93156730,0,1133068,A,S,50300,5600,
600052.SH,600052,20251209,93158670,0,1140929,A,S,50300,600,
600052.SH,600052,20251209,93158670,0,639329,D,S,50400,200,
600052.SH,600052,20251209,93159430,0,1143954,A,S,50300,200,
600052.SH,600052,20251209,93159750,0,1145120,A,S,50300,400,
600052.SH,600052,20251209,93200610,0,1148654,A,S,50400,100,
600052.SH,600052,20251209,93201720,0,1154315,A,B,50200,6000,
600052.SH,600052,20251209,93201960,0,1155246,A,B,49800,10000,
600052.SH,600052,20251209,93202590,0,1157713,A,B,50200,10000,
600052.SH,600052,20251209,93202880,0,1159116,A,B,50100,5000,
600052.SH,600052,20251209,93204240,0,1164864,A,B,50100,4000,
600052.SH,600052,20251209,93205120,0,417294,D,B,50100,5200,
600052.SH,600052,20251209,93205420,0,1169713,A,B,50300,13500,
600052.SH,600052,20251209,93205420,0,1169714,A,B,50300,1400,
600052.SH,600052,20251209,93205470,0,1121006,D,B,49900,2000,
600052.SH,600052,20251209,93205590,0,959525,D,B,50100,3000,
600052.SH,600052,20251209,93205650,0,1170674,A,B,50300,11400,
600052.SH,600052,20251209,93205650,0,1170681,A,B,50300,3900,
600052.SH,600052,20251209,93205680,0,1170683,A,B,50300,300,
600052.SH,600052,20251209,93205680,0,1170684,A,B,50300,500,
600052.SH,600052,20251209,93205680,0,1170698,A,B,50300,200,
600052.SH,600052,20251209,93205680,0,1170703,A,B,50300,600,
600052.SH,600052,20251209,93205680,0,1170706,A,B,50300,6800,
600052.SH,600052,20251209,93205680,0,1170707,A,B,50300,11400,
600052.SH,600052,20251209,93205680,0,1170708,A,B,50300,3900,
600052.SH,600052,20251209,93207020,0,1176141,A,B,50200,20000,
600052.SH,600052,20251209,93207870,0,1179560,A,S,50300,3900,
600052.SH,600052,20251209,93207920,0,1179684,A,S,50300,9600,
600052.SH,600052,20251209,93207920,0,1179688,A,S,50300,4200,
600052.SH,600052,20251209,93208000,0,1180137,A,S,50300,23500,
600052.SH,600052,20251209,93208080,0,1180418,A,B,50100,20900,
600052.SH,600052,20251209,93208080,0,1180419,A,B,50100,12400,
600052.SH,600052,20251209,93208160,0,1180848,A,S,52000,1400,
600052.SH,600052,20251209,93208420,0,1181715,A,B,50200,100,
600052.SH,600052,20251209,93208450,0,960230,D,B,50100,1500,
600052.SH,600052,20251209,93208660,0,1182583,A,S,50200,100,
600052.SH,600052,20251209,93208660,0,1182621,A,S,50200,100,
600052.SH,600052,20251209,93208660,0,1182631,A,S,50200,100,
600052.SH,600052,20251209,93208770,0,1183077,A,S,50300,1000,
600052.SH,600052,20251209,93208900,0,1183593,A,S,50300,100,
600052.SH,600052,20251209,93208900,0,1183646,A,S,50200,100,
600052.SH,600052,20251209,93209130,0,1184412,A,B,50200,1600,
600052.SH,600052,20251209,93209370,0,1185386,A,S,50300,800,
600052.SH,600052,20251209,93209370,0,1185387,A,S,50300,1400,
600052.SH,600052,20251209,93209410,0,1185560,A,S,50300,2200,
600052.SH,600052,20251209,93209610,0,1186366,A,S,50200,400,
600052.SH,600052,20251209,93209870,0,1180419,D,B,50100,12400,
600052.SH,600052,20251209,93209870,0,1180418,D,B,50100,20900,
600052.SH,600052,20251209,93210230,0,1188921,A,S,50300,1200,
600052.SH,600052,20251209,93211240,0,1192679,A,B,50100,300,
600052.SH,600052,20251209,93211240,0,1192680,A,B,50100,300,
600052.SH,600052,20251209,93211240,0,1192739,A,S,50200,33900,
600052.SH,600052,20251209,93211360,0,1186366,D,S,50200,400,
600052.SH,600052,20251209,93211360,0,1148654,D,S,50400,100,
600052.SH,600052,20251209,93211640,0,796723,D,S,50400,1000,
600052.SH,600052,20251209,93211830,0,1194747,A,S,51500,10000,
600052.SH,600052,20251209,93211870,0,1194992,A,S,50200,1000,
600052.SH,600052,20251209,93212180,0,1196043,A,S,50200,100,
600052.SH,600052,20251209,93212180,0,1196077,A,B,50100,100,
600052.SH,600052,20251209,93212290,0,1196510,A,B,50100,1500,
600052.SH,600052,20251209,93212560,0,1197588,A,B,50100,100,
600052.SH,600052,20251209,93212890,0,1199321,A,B,50100,100,
600052.SH,600052,20251209,93212930,0,1199773,A,B,50100,200,
600052.SH,600052,20251209,93213050,0,1200406,A,B,50100,200,
600052.SH,600052,20251209,93213160,0,1201282,A,B,50100,100,
600052.SH,600052,20251209,93213180,0,1201299,A,B,50100,800,
600052.SH,600052,20251209,93213270,0,1201895,A,B,50100,500,
600052.SH,600052,20251209,93213390,0,1202339,A,B,50100,100,
600052.SH,600052,20251209,93213390,0,1202349,A,B,50100,200,
600052.SH,600052,20251209,93213390,0,1202393,A,B,50100,600,
600052.SH,600052,20251209,93213620,0,1203742,A,B,50100,100,
600052.SH,600052,20251209,93213660,0,1204113,A,B,50100,300,
600052.SH,600052,20251209,93213690,0,1204625,A,B,50100,200,
600052.SH,600052,20251209,93213710,0,1204719,A,B,50100,400,
600052.SH,600052,20251209,93213740,0,1204996,A,B,50100,300,
600052.SH,600052,20251209,93213740,0,1205002,A,B,50100,100,
600052.SH,600052,20251209,93213740,0,1205026,A,B,50100,400,
600052.SH,600052,20251209,93213740,0,1205044,A,B,50100,300,
600052.SH,600052,20251209,93213770,0,1205109,A,B,50100,400,
600052.SH,600052,20251209,93213800,0,1205364,A,B,50100,100,
600052.SH,600052,20251209,93213890,0,1205791,A,B,50100,100,
600052.SH,600052,20251209,93213910,0,1205954,A,B,50100,300,
600052.SH,600052,20251209,93213910,0,1206107,A,B,50100,300,
600052.SH,600052,20251209,93213940,0,1206436,A,B,50100,300,
600052.SH,600052,20251209,93213940,0,1206481,A,B,50100,2000,
600052.SH,600052,20251209,93213960,0,1206581,A,B,50100,400,
600052.SH,600052,20251209,93214050,0,1206957,A,B,50100,100,
600052.SH,600052,20251209,93214080,0,1207094,A,B,50100,300,
600052.SH,600052,20251209,93214180,0,1207990,A,B,50100,600,
600052.SH,600052,20251209,93214210,0,1208199,A,B,50100,100,
600052.SH,600052,20251209,93214360,0,1208901,A,B,50100,300,
600052.SH,600052,20251209,93214450,0,1209620,A,B,50100,500,
600052.SH,600052,20251209,93214450,0,1209922,A,B,50100,500,
600052.SH,600052,20251209,93214550,0,1210785,A,S,50200,600,
600052.SH,600052,20251209,93214620,0,1211236,A,B,50100,100,
600052.SH,600052,20251209,93214650,0,1211440,A,B,50100,200,
600052.SH,600052,20251209,93214650,0,1211484,A,B,50100,200,
600052.SH,600052,20251209,93214650,0,1211485,A,B,50100,300,
600052.SH,600052,20251209,93214650,0,1211520,A,B,50100,100,
600052.SH,600052,20251209,93214650,0,1211573,A,B,50100,100,
600052.SH,600052,20251209,93214650,0,1211699,A,B,50100,200,
600052.SH,600052,20251209,93214650,0,1211712,A,B,50100,100,
600052.SH,600052,20251209,93214680,0,1211788,A,B,50100,400,
600052.SH,600052,20251209,93214680,0,1211791,A,B,50100,200,
600052.SH,600052,20251209,93214800,0,1212490,A,S,50200,3700,
600052.SH,600052,20251209,93214890,0,1212861,A,B,50100,200,
600052.SH,600052,20251209,93214890,0,1212929,A,B,50100,300,
600052.SH,600052,20251209,93214920,0,1213034,A,B,50100,700,
600052.SH,600052,20251209,93214920,0,1213096,A,B,50100,100,
600052.SH,600052,20251209,93214920,0,1213121,A,B,50100,600,
600052.SH,600052,20251209,93214920,0,1213129,A,B,50100,300,
600052.SH,600052,20251209,93214920,0,1213416,A,B,50100,1100,
600052.SH,600052,20251209,93214920,0,1213433,A,B,50100,500,
600052.SH,600052,20251209,93214990,0,1213674,A,B,50100,300,
600052.SH,600052,20251209,93215170,0,1214385,A,B,50100,300,
600052.SH,600052,20251209,93215170,0,1214405,A,B,50100,100,
600052.SH,600052,20251209,93215170,0,1214407,A,B,50100,100,
600052.SH,600052,20251209,93215170,0,1214442,A,B,50100,200,
600052.SH,600052,20251209,93215170,0,1214532,A,B,50100,100,
600052.SH,600052,20251209,93215170,0,1214563,A,B,50100,600,
600052.SH,600052,20251209,93215170,0,1214595,A,B,50100,300,
600052.SH,600052,20251209,93215190,0,1214694,A,B,50100,600,
600052.SH,600052,20251209,93215190,0,1214747,A,B,50100,100,
600052.SH,600052,20251209,93215550,0,1216512,A,B,50100,300,
600052.SH,600052,20251209,93215640,0,1216886,A,S,53800,2100,
600052.SH,600052,20251209,93215760,0,1217604,A,B,50200,28700,
600052.SH,600052,20251209,93215900,0,1218191,A,B,50000,1000,
600052.SH,600052,20251209,93216790,0,1221955,A,S,55800,3000,
600052.SH,600052,20251209,93217130,0,1223683,A,B,50200,100,
600052.SH,600052,20251209,93217230,0,1224151,A,B,50100,30000,
600052.SH,600052,20251209,93217460,0,1225101,A,B,49400,2000,
600052.SH,600052,20251209,93217560,0,1225287,A,B,50200,3000,
600052.SH,600052,20251209,93218630,0,1229702,A,B,50200,100,
600052.SH,600052,20251209,93218670,0,1229928,A,B,50200,100,
600052.SH,600052,20251209,93219890,0,1234436,A,B,49600,1000,
600052.SH,600052,20251209,93220160,0,1235255,A,B,50200,100,
600052.SH,600052,20251209,93220550,0,1236675,A,B,50200,10000,
600052.SH,600052,20251209,93220700,0,1237163,A,B,50100,40000,
600052.SH,600052,20251209,93221000,0,1179688,D,S,50300,4200,
600052.SH,600052,20251209,93221520,0,1014856,D,B,49600,3000,
600052.SH,600052,20251209,93221650,0,1240557,A,B,50200,100,
600052.SH,600052,20251209,93221650,0,1240566,A,B,50200,100,
600052.SH,600052,20251209,93221650,0,1240615,A,B,50200,800,
600052.SH,600052,20251209,93222700,0,1244339,A,B,50200,3000,
600052.SH,600052,20251209,93223110,0,1245736,A,B,50100,5200,
600052.SH,600052,20251209,93223640,0,1179684,D,S,50300,9300,
600052.SH,600052,20251209,93223640,0,1247450,A,B,50200,400,
600052.SH,600052,20251209,93223640,0,1247452,A,B,50200,500,
600052.SH,600052,20251209,93223640,0,1247454,A,B,50200,700,
600052.SH,600052,20251209,93223640,0,1247461,A,B,50200,700,
600052.SH,600052,20251209,93223640,0,1247464,A,B,50200,400,
600052.SH,600052,20251209,93223640,0,1247465,A,B,50200,500,
600052.SH,600052,20251209,93223640,0,1247468,A,B,50200,900,
600052.SH,600052,20251209,93223640,0,1247472,A,B,50200,400,
600052.SH,600052,20251209,93223640,0,1247478,A,B,50200,400,
600052.SH,600052,20251209,93223640,0,1247484,A,B,50200,500,
600052.SH,600052,20251209,93223640,0,1247503,A,B,50200,500,
600052.SH,600052,20251209,93223640,0,1247512,A,B,50200,500,
600052.SH,600052,20251209,93223710,0,1247685,A,S,51000,2100,
600052.SH,600052,20251209,93223930,0,1248383,A,B,50200,1200,
600052.SH,600052,20251209,93224430,0,1249848,A,B,49800,10000,
600052.SH,600052,20251209,93224940,0,1251622,A,B,50200,1100,
600052.SH,600052,20251209,93224970,0,1251751,A,B,50200,1100,
600052.SH,600052,20251209,93225100,0,1252209,A,B,50200,200000,
600052.SH,600052,20251209,93225130,0,1252332,A,B,50200,1100,
600052.SH,600052,20251209,93225620,0,1253850,A,B,50300,3900,
600052.SH,600052,20251209,93225620,0,1253880,A,B,50300,500,
600052.SH,600052,20251209,93225620,0,1253891,A,B,50300,26800,
600052.SH,600052,20251209,93225620,0,1253892,A,B,50300,1200,
600052.SH,600052,20251209,93225620,0,1253898,A,B,50300,200,
600052.SH,600052,20251209,93225620,0,1253905,A,B,50300,6700,
600052.SH,600052,20251209,93225620,0,1253906,A,B,50300,2700,
600052.SH,600052,20251209,93225620,0,1253907,A,B,50300,4000,
600052.SH,600052,20251209,93225620,0,1253908,A,B,50400,6700,
600052.SH,600052,20251209,93225620,0,1253909,A,B,50300,200,
600052.SH,600052,20251209,93225620,0,1253910,A,B,50300,4800,
600052.SH,600052,20251209,93225620,0,1253918,A,B,50300,5600,
600052.SH,600052,20251209,93225620,0,1253921,A,B,50300,6700,
600052.SH,600052,20251209,93225620,0,1253923,A,B,50400,8500,
600052.SH,600052,20251209,93225620,0,1253932,A,B,50300,1200,
600052.SH,600052,20251209,93225620,0,1253935,A,B,50400,14000,
600052.SH,600052,20251209,93225620,0,1253936,A,B,50400,8500,
600052.SH,600052,20251209,93225620,0,1253937,A,B,50400,7300,
600052.SH,600052,20251209,93225620,0,1253943,A,B,50300,1200,
600052.SH,600052,20251209,93225620,0,1253944,A,B,50200,100,
600052.SH,600052,20251209,93225620,0,1253955,A,B,50300,1200,
600052.SH,600052,20251209,93225660,0,1254021,A,B,50300,5600,
600052.SH,600052,20251209,93225660,0,1254023,A,B,50300,4200,
600052.SH,600052,20251209,93225660,0,1254027,A,B,50300,900,
600052.SH,600052,20251209,93225660,0,1254107,A,B,50300,400,
600052.SH,600052,20251209,93225660,0,1254179,A,B,50300,1100,
600052.SH,600052,20251209,93225700,0,1254198,A,B,50300,2000,
600052.SH,600052,20251209,93225700,0,1254236,A,B,50300,1200,
600052.SH,600052,20251209,93225700,0,1254273,A,B,50400,1300,
600052.SH,600052,20251209,93225700,0,1254299,A,B,50400,1900,
600052.SH,600052,20251209,93225740,0,1254432,A,B,50200,1000,
600052.SH,600052,20251209,93225770,0,1254586,A,B,50200,1100,
600052.SH,600052,20251209,93225860,0,1254851,A,B,50400,500,
600052.SH,600052,20251209,93225920,0,1255056,A,B,50400,100,
600052.SH,600052,20251209,93225960,0,548622,D,S,50500,22000,
600052.SH,600052,20251209,93226530,0,1196510,D,B,50100,1500,
600052.SH,600052,20251209,93226760,0,1254027,D,B,50300,900,
600052.SH,600052,20251209,93228400,0,1199321,D,B,50100,100,
600052.SH,600052,20251209,93228400,0,1201299,D,B,50100,800,
600052.SH,600052,20251209,93228440,0,1263166,A,B,49500,2000,
600052.SH,600052,20251209,93228600,0,1253935,D,B,50400,14000,
600052.SH,600052,20251209,93228640,0,1253908,D,B,50400,6600,
600052.SH,600052,20251209,93228640,0,1253923,D,B,50400,8500,
600052.SH,600052,20251209,93228640,0,1253936,D,B,50400,8500,
600052.SH,600052,20251209,93228640,0,1253918,D,B,50300,5600,
600052.SH,600052,20251209,93228640,0,1253932,D,B,50300,1200,
600052.SH,600052,20251209,93228640,0,1253921,D,B,50300,6700,
600052.SH,600052,20251209,93228640,0,1253905,D,B,50300,6700,
600052.SH,600052,20251209,93228640,0,1253907,D,B,50300,4000,
600052.SH,600052,20251209,93228640,0,1253906,D,B,50300,2700,
600052.SH,600052,20251209,93228640,0,1253892,D,B,50300,1200,
600052.SH,600052,20251209,93228640,0,1253955,D,B,50300,1200,
600052.SH,600052,20251209,93228640,0,1253943,D,B,50300,1200,
600052.SH,600052,20251209,93228640,0,1253891,D,B,50300,26800,
600052.SH,600052,20251209,93228640,0,1253910,D,B,50300,4800,
600052.SH,600052,20251209,93228640,0,1253937,D,B,50400,7300,
600052.SH,600052,20251209,93228640,0,1253880,D,B,50300,500,
600052.SH,600052,20251209,93228640,0,576196,D,S,50500,100,
600052.SH,600052,20251209,93228860,0,1254851,D,B,50400,500,
600052.SH,600052,20251209,93228890,0,1197588,D,B,50100,100,
600052.SH,600052,20251209,93228890,0,1199773,D,B,50100,200,
600052.SH,600052,20251209,93228890,0,1204113,D,B,50100,300,
600052.SH,600052,20251209,93228890,0,1196077,D,B,50100,100,
600052.SH,600052,20251209,93228890,0,1204625,D,B,50100,200,
600052.SH,600052,20251209,93228920,0,1204719,D,B,50100,400,
600052.SH,600052,20251209,93228920,0,1201282,D,B,50100,100,
600052.SH,600052,20251209,93228920,0,1203742,D,B,50100,100,
600052.SH,600052,20251209,93228950,0,1204996,D,B,50100,300,
600052.SH,600052,20251209,93228950,0,1200406,D,B,50100,200,
600052.SH,600052,20251209,93229140,0,1265627,A,B,50400,100,
600052.SH,600052,20251209,93229140,0,1265629,A,B,50400,100,
600052.SH,600052,20251209,93229140,0,1265647,A,B,50400,100,
600052.SH,600052,20251209,93229180,0,1265674,A,B,50400,200,
600052.SH,600052,20251209,93229180,0,1265675,A,B,50400,400,
600052.SH,600052,20251209,93229180,0,1265679,A,B,50400,200,
600052.SH,600052,20251209,93229180,0,1265702,A,B,50400,100,
600052.SH,600052,20251209,93229180,0,1265738,A,B,50400,300,
600052.SH,600052,20251209,93229180,0,1265748,A,B,50400,200,
600052.SH,600052,20251209,93229280,0,1266081,A,B,50400,1500,
600052.SH,600052,20251209,93229410,0,1266517,A,B,50400,300,
600052.SH,600052,20251209,93229920,0,1268282,A,B,50400,1000,
600052.SH,600052,20251209,93230590,0,1270736,A,B,50400,200,
600052.SH,600052,20251209,93230660,0,1270960,A,B,50200,600,
600052.SH,600052,20251209,93230790,0,1271509,A,B,50400,1100,
600052.SH,600052,20251209,93230880,0,1202339,D,B,50100,100,
600052.SH,600052,20251209,93230880,0,1202393,D,B,50100,600,
600052.SH,600052,20251209,93230880,0,1205791,D,B,50100,100,
600052.SH,600052,20251209,93230880,0,1202349,D,B,50100,200,
600052.SH,600052,20251209,93230880,0,1213433,D,B,50100,500,
600052.SH,600052,20251209,93230880,0,1206957,D,B,50100,100,
600052.SH,600052,20251209,93230880,0,1213034,D,B,50100,700,
600052.SH,600052,20251209,93230880,0,1209620,D,B,50100,500,
600052.SH,600052,20251209,93230900,0,1209922,D,B,50100,500,
600052.SH,600052,20251209,93230900,0,1206581,D,B,50100,400,
600052.SH,600052,20251209,93230900,0,1214563,D,B,50100,600,
600052.SH,600052,20251209,93230900,0,1201895,D,B,50100,500,
600052.SH,600052,20251209,93230900,0,1214694,D,B,50100,600,
600052.SH,600052,20251209,93230900,0,1207990,D,B,50100,600,
600052.SH,600052,20251209,93230930,0,1211236,D,B,50100,100,
600052.SH,600052,20251209,93230930,0,1205109,D,B,50100,400,
600052.SH,600052,20251209,93230930,0,1206436,D,B,50100,300,
600052.SH,600052,20251209,93230930,0,1205002,D,B,50100,100,
600052.SH,600052,20251209,93230930,0,1208901,D,B,50100,300,
600052.SH,600052,20251209,93230930,0,1205044,D,B,50100,300,
600052.SH,600052,20251209,93230930,0,1205026,D,B,50100,400,
600052.SH,600052,20251209,93231140,0,1208199,D,B,50100,100,
600052.SH,600052,20251209,93231140,0,1272842,A,B,50400,600,
600052.SH,600052,20251209,93231140,0,1272846,A,B,50400,100,
600052.SH,600052,20251209,93231140,0,1272872,A,B,50400,700,
600052.SH,600052,20251209,93231140,0,1272874,A,B,50400,100,
600052.SH,600052,20251209,93231140,0,1272877,A,B,50400,500,
600052.SH,600052,20251209,93231140,0,1272878,A,B,50400,200,
600052.SH,600052,20251209,93231140,0,1272886,A,B,50400,100,
600052.SH,600052,20251209,93231140,0,1272897,A,B,50400,500,
600052.SH,600052,20251209,93231140,0,1272923,A,B,50400,500,
600052.SH,600052,20251209,93231190,0,1272947,A,B,50400,500,
600052.SH,600052,20251209,93231190,0,1272955,A,B,50400,100,
600052.SH,600052,20251209,93231190,0,1272976,A,B,50400,300,
600052.SH,600052,20251209,93231190,0,1272991,A,B,50400,600,
600052.SH,600052,20251209,93231190,0,1272996,A,B,50400,300,
600052.SH,600052,20251209,93231190,0,1273019,A,B,50400,600,
600052.SH,600052,20251209,93231190,0,1273021,A,B,50400,400,
600052.SH,600052,20251209,93231190,0,1273022,A,B,50400,400,
600052.SH,600052,20251209,93231190,0,1273037,A,B,50400,100,
600052.SH,600052,20251209,93231190,0,1273047,A,B,50400,400,
600052.SH,600052,20251209,93231190,0,1273049,A,B,50400,300,
600052.SH,600052,20251209,93231190,0,1273067,A,B,50400,600,
600052.SH,600052,20251209,93231320,0,1273396,A,S,50500,200,
600052.SH,600052,20251209,93231430,0,1273867,A,B,50400,100,
600052.SH,600052,20251209,93231660,0,1254107,D,B,50300,400,
600052.SH,600052,20251209,93232660,0,1277776,A,B,49500,500,
600052.SH,600052,20251209,93232900,0,1223683,D,B,50200,100,
600052.SH,600052,20251209,93232980,0,1278968,A,B,49300,3000,
600052.SH,600052,20251209,93233100,0,1279342,A,B,50000,1800,
600052.SH,600052,20251209,93233180,0,1279578,A,B,50400,100,
600052.SH,600052,20251209,93233360,0,1280263,A,B,50200,1000,
600052.SH,600052,20251209,93234150,0,1283420,A,B,50100,2000,
600052.SH,600052,20251209,93235430,0,1253909,D,B,50300,200,
600052.SH,600052,20251209,93235430,0,1253898,D,B,50300,200,
600052.SH,600052,20251209,93235640,0,1235255,D,B,50200,100,
600052.SH,600052,20251209,93235640,0,1229702,D,B,50200,100,
600052.SH,600052,20251209,93235640,0,1229928,D,B,50200,100,
600052.SH,600052,20251209,93235940,0,1290037,A,B,50400,100,
600052.SH,600052,20251209,93235940,0,1290053,A,B,50400,100,
600052.SH,600052,20251209,93236340,0,1291395,A,B,50100,500,
600052.SH,600052,20251209,93237360,0,1294712,A,B,50000,4000,
600052.SH,600052,20251209,93239620,0,1302212,A,B,50200,2000,
600052.SH,600052,20251209,93241050,0,1306852,A,B,50000,5000,
600052.SH,600052,20251209,93241570,0,1308546,A,B,50200,2500,
600052.SH,600052,20251209,93242020,0,1309896,A,B,50200,2000,
600052.SH,600052,20251209,93242460,0,1311562,A,B,50400,1100,
600052.SH,600052,20251209,93243740,0,1316030,A,B,50200,1000,
600052.SH,600052,20251209,93243800,0,1316245,A,B,50400,100,
600052.SH,600052,20251209,93245390,0,1321602,A,B,50100,20000,
600052.SH,600052,20251209,93249030,0,1333708,A,B,50000,3000,
600052.SH,600052,20251209,93250090,0,76558,D,S,55700,2000,
600052.SH,600052,20251209,93250780,0,1339289,A,B,50100,3000,
600052.SH,600052,20251209,93254000,0,1349405,A,B,50400,1900,
600052.SH,600052,20251209,93254940,0,1352390,A,S,51400,2200,
600052.SH,600052,20251209,93257790,0,1361956,A,B,50400,1000,
600052.SH,600052,20251209,93257940,0,1362384,A,B,50400,500,
600052.SH,600052,20251209,93259460,0,1367221,A,B,49800,500,
600052.SH,600052,20251209,93300330,0,1369806,A,S,51100,2000,
600052.SH,600052,20251209,93302200,0,1376844,A,B,49000,15000,
600052.SH,600052,20251209,93302380,0,1377367,A,B,50400,100,
600052.SH,600052,20251209,93303300,0,1380744,A,B,48600,3600,
600052.SH,600052,20251209,93303360,0,1380933,A,S,51300,5000,
600052.SH,600052,20251209,93303650,0,1004638,D,B,50000,500,
600052.SH,600052,20251209,93305120,0,1387294,A,B,50400,100,
600052.SH,600052,20251209,93305620,0,1388966,A,S,50600,100,
600052.SH,600052,20251209,93305940,0,1389911,A,B,49600,1000,
600052.SH,600052,20251209,93306770,0,1392538,A,B,50100,5000,
600052.SH,600052,20251209,93307680,0,1395708,A,B,49800,10000,
600052.SH,600052,20251209,93307920,0,1396649,A,S,50400,7000,
600052.SH,600052,20251209,93308020,0,1396976,A,S,50500,200,
600052.SH,600052,20251209,93308480,0,1388966,D,S,50600,100,
600052.SH,600052,20251209,93308970,0,1400220,A,S,50400,39400,
600052.SH,600052,20251209,93309020,0,1400298,A,B,50300,18300,
600052.SH,600052,20251209,93309500,0,1402100,A,S,50400,200,
600052.SH,600052,20251209,93310070,0,1403913,A,B,50300,1000,
600052.SH,600052,20251209,93311050,0,383180,D,S,50800,10000,
600052.SH,600052,20251209,93311450,0,389156,D,S,50700,15000,
600052.SH,600052,20251209,93313170,0,1414241,A,S,54300,2000,
600052.SH,600052,20251209,93313410,0,1061340,D,B,50000,5000,
600052.SH,600052,20251209,93313560,0,1415450,A,B,50300,10000,
600052.SH,600052,20251209,93313800,0,1416244,A,B,50300,100,
600052.SH,600052,20251209,93314060,0,1417008,A,B,50200,500,
600052.SH,600052,20251209,93314680,0,1418897,A,B,49600,20000,
600052.SH,600052,20251209,93315900,0,1422717,A,B,50300,100,
600052.SH,600052,20251209,93317650,0,1428178,A,S,51500,5000,
600052.SH,600052,20251209,93319930,0,1435997,A,B,50300,30000,
600052.SH,600052,20251209,93320500,0,1437828,A,S,51200,5000,
600052.SH,600052,20251209,93323200,0,1270960,D,B,50200,600,
600052.SH,600052,20251209,93323440,0,1447392,A,B,50300,100,
600052.SH,600052,20251209,93324980,0,1452024,A,B,50300,2000,
600052.SH,600052,20251209,93328490,0,1462850,A,B,50300,100,
600052.SH,600052,20251209,93329010,0,1464379,A,B,50300,100,
600052.SH,600052,20251209,93330410,0,1468952,A,B,50300,100,
600052.SH,600052,20251209,93330490,0,1400220,D,S,50400,39400,
600052.SH,600052,20251209,93330750,0,1402100,D,S,50400,200,
600052.SH,600052,20251209,93332870,0,1476636,A,B,50200,10000,
600052.SH,600052,20251209,93333620,0,1478913,A,S,50400,100,
600052.SH,600052,20251209,93333820,0,1479521,A,B,50300,100,
600052.SH,600052,20251209,93334320,0,1481063,A,B,50200,800,
600052.SH,600052,20251209,93334490,0,1481583,A,S,51400,5000,
600052.SH,600052,20251209,93335870,0,1485769,A,B,50400,900,
600052.SH,600052,20251209,93335900,0,1485955,A,B,50400,2100,
600052.SH,600052,20251209,93335900,0,1485974,A,B,50400,1000,
600052.SH,600052,20251209,93335940,0,1485983,A,B,50400,200,
600052.SH,600052,20251209,93335970,0,1486081,A,B,50400,1100,
600052.SH,600052,20251209,93336210,0,1396976,D,S,50500,200,
600052.SH,600052,20251209,93336410,0,1487371,A,S,50500,100,
600052.SH,600052,20251209,93336800,0,1488607,A,B,50400,1000,
600052.SH,600052,20251209,93336900,0,1488987,A,B,50400,2100,
600052.SH,600052,20251209,93336940,0,1489093,A,B,50400,1100,
600052.SH,600052,20251209,93336970,0,1489180,A,B,50400,1100,
600052.SH,600052,20251209,93337160,0,1489784,A,B,50400,1100,
600052.SH,600052,20251209,93337220,0,1489936,A,S,50500,300,
600052.SH,600052,20251209,93337470,0,1490898,A,B,50400,1000,
600052.SH,600052,20251209,93337970,0,1492624,A,B,50400,200,
600052.SH,600052,20251209,93339580,0,1497507,A,S,52700,10000,
600052.SH,600052,20251209,93339580,0,1497565,A,B,50400,200,
600052.SH,600052,20251209,93339710,0,1497864,A,B,50400,900,
600052.SH,600052,20251209,93339770,0,1498077,A,B,50300,6700,
600052.SH,600052,20251209,93340450,0,1500153,A,B,50400,1000,
600052.SH,600052,20251209,93341290,0,1503047,A,B,50400,800,
600052.SH,600052,20251209,93341920,0,1485983,D,B,50400,200,
600052.SH,600052,20251209,93342960,0,1508745,A,B,50400,1000,
600052.SH,600052,20251209,93343000,0,1508883,A,B,50400,2000,
600052.SH,600052,20251209,93345170,0,1515610,A,B,49500,10000,
600052.SH,600052,20251209,93345230,0,1192679,D,B,50100,300,
600052.SH,600052,20251209,93345230,0,1192680,D,B,50100,300,
600052.SH,600052,20251209,93345820,0,1205364,D,B,50100,100,
600052.SH,600052,20251209,93346240,0,1519213,A,B,50400,300,
600052.SH,600052,20251209,93347080,0,1521809,A,B,50400,3500,
600052.SH,600052,20251209,93347320,0,1522530,A,S,52800,2500,
600052.SH,600052,20251209,93348250,0,1525599,A,B,50400,300,
600052.SH,600052,20251209,93348780,0,1527359,A,B,50300,5000,
600052.SH,600052,20251209,93351600,0,1536064,A,B,50500,500,
600052.SH,600052,20251209,93351680,0,1536217,A,S,53700,10000,
600052.SH,600052,20251209,93352770,0,1539655,A,B,50400,900,
600052.SH,600052,20251209,93353300,0,1541104,A,B,49200,9500,
600052.SH,600052,20251209,93353860,0,1542893,A,B,50500,1100,
600052.SH,600052,20251209,93353900,0,1543044,A,B,50500,1100,
600052.SH,600052,20251209,93353900,0,1543056,A,B,50500,1000,
600052.SH,600052,20251209,93353960,0,1543201,A,B,50500,1100,
600052.SH,600052,20251209,93354080,0,1543524,A,B,50500,1100,
600052.SH,600052,20251209,93354410,0,1468952,D,B,50300,100,
600052.SH,600052,20251209,93354610,0,1536064,D,B,50500,400,
600052.SH,600052,20251209,93354700,0,1545324,A,B,50500,1000,
600052.SH,600052,20251209,93354700,0,1545341,A,B,50500,800,
600052.SH,600052,20251209,93354900,0,1545972,A,B,50500,300,
600052.SH,600052,20251209,93355000,0,1546236,A,B,50500,1000,
600052.SH,600052,20251209,93355250,0,1547006,A,S,50600,200,
600052.SH,600052,20251209,93355400,0,1547555,A,B,50500,100,
600052.SH,600052,20251209,93355500,0,1547806,A,S,50600,100,
600052.SH,600052,20251209,93355610,0,1548035,A,S,50600,200,
600052.SH,600052,20251209,93355610,0,1548037,A,S,50600,200,
600052.SH,600052,20251209,93355610,0,1548060,A,S,50600,500,
600052.SH,600052,20251209,93359030,0,1558372,A,S,54800,2500,
600052.SH,600052,20251209,93359460,0,1244339,D,B,50200,3000,
600052.SH,600052,20251209,93401820,0,1567399,A,S,55800,20000,
600052.SH,600052,20251209,93402120,0,541888,D,S,50600,1100,
600052.SH,600052,20251209,93403790,0,1574092,A,B,50500,100,
600052.SH,600052,20251209,93406210,0,1581864,A,S,50600,1600,
600052.SH,600052,20251209,93407050,0,1584629,A,B,50500,100,
600052.SH,600052,20251209,93407820,0,1587175,A,S,52200,10000,
600052.SH,600052,20251209,93409170,0,1591131,A,B,49500,5000,
600052.SH,600052,20251209,93410000,0,1593651,A,S,53900,3000,
600052.SH,600052,20251209,93410000,0,1593684,A,B,50200,200,
600052.SH,600052,20251209,93410040,0,1581864,D,S,50600,1600,
600052.SH,600052,20251209,93411510,0,1598178,A,S,50700,200,
600052.SH,600052,20251209,93412110,0,1599993,A,S,50500,500,
600052.SH,600052,20251209,93412420,0,1600938,A,S,50600,200,
600052.SH,600052,20251209,93412420,0,1600950,A,S,50600,100,
600052.SH,600052,20251209,93412420,0,1600968,A,S,50600,100,
600052.SH,600052,20251209,93412420,0,1600993,A,S,50600,200,
600052.SH,600052,20251209,93412420,0,1601035,A,S,50600,600,
600052.SH,600052,20251209,93412640,0,1601629,A,B,50500,200,
600052.SH,600052,20251209,93412640,0,1601690,A,B,50500,400,
600052.SH,600052,20251209,93413000,0,1602716,A,B,50500,200,
600052.SH,600052,20251209,93414040,0,1254021,D,B,50300,1400,
600052.SH,600052,20251209,93415060,0,1608515,A,S,51100,2000,
600052.SH,600052,20251209,93415580,0,1609950,A,B,50500,200,
600052.SH,600052,20251209,93415710,0,1610259,A,S,51700,2000,
600052.SH,600052,20251209,93415900,0,1610833,A,B,50500,1000,
600052.SH,600052,20251209,93416110,0,1611341,A,S,50700,10000,
600052.SH,600052,20251209,93416300,0,1611928,A,B,50500,500,
600052.SH,600052,20251209,93417620,0,1615821,A,B,50500,200,
600052.SH,600052,20251209,93417960,0,1616817,A,B,50500,400,
600052.SH,600052,20251209,93418510,0,1618515,A,B,49900,50000,
600052.SH,600052,20251209,93418860,0,1619407,A,B,50100,10000,
600052.SH,600052,20251209,93419070,0,1620004,A,S,50600,1300,
600052.SH,600052,20251209,93419920,0,1622536,A,S,51200,10000,
600052.SH,600052,20251209,93420820,0,1624969,A,B,50200,1000,
600052.SH,600052,20251209,93422020,0,1628179,A,B,50500,100,
600052.SH,600052,20251209,93422430,0,1629493,A,S,50600,300,
600052.SH,600052,20251209,93422430,0,1629539,A,S,50600,200,
600052.SH,600052,20251209,93422490,0,1629628,A,B,50500,100,
600052.SH,600052,20251209,93422490,0,1629630,A,B,50500,32700,
600052.SH,600052,20251209,93422490,0,1629634,A,B,50500,17100,
600052.SH,600052,20251209,93424590,0,1635159,A,S,51200,200,
600052.SH,600052,20251209,93424780,0,1635709,A,B,50400,1700,
600052.SH,600052,20251209,93424810,0,1635804,A,B,50500,100,
600052.SH,600052,20251209,93426830,0,1245736,D,B,50100,5200,
600052.SH,600052,20251209,93427830,0,1643864,A,B,50500,100,
600052.SH,600052,20251209,93428190,0,1644827,A,B,50000,1000,
600052.SH,600052,20251209,93430350,0,1650700,A,B,50500,1000,
600052.SH,600052,20251209,93430350,0,1650701,A,B,50500,200,
600052.SH,600052,20251209,93430350,0,1650702,A,B,50500,400,
600052.SH,600052,20251209,93430380,0,1650759,A,S,50600,3900,
600052.SH,600052,20251209,93430380,0,1650813,A,B,50500,100,
600052.SH,600052,20251209,93431100,0,1652797,A,S,50600,100,
600052.SH,600052,20251209,93431360,0,1653602,A,B,50500,100,
600052.SH,600052,20251209,93432450,0,1656558,A,B,50600,4700,
600052.SH,600052,20251209,93432720,0,1657217,A,S,50700,200,
600052.SH,600052,20251209,93432960,0,1403913,D,B,50300,1000,
600052.SH,600052,20251209,93433820,0,1659975,A,B,49000,5000,
600052.SH,600052,20251209,93435180,0,1663813,A,B,50500,31100,
600052.SH,600052,20251209,93435400,0,1650701,D,B,50500,200,
600052.SH,600052,20251209,93435400,0,1650700,D,B,50500,1000,
600052.SH,600052,20251209,93435400,0,1650702,D,B,50500,400,
600052.SH,600052,20251209,93435400,0,1598178,D,S,50700,200,
600052.SH,600052,20251209,93435400,0,1653602,D,B,50500,100,
600052.SH,600052,20251209,93435420,0,1650813,D,B,50500,100,
600052.SH,600052,20251209,93435970,0,1665808,A,B,50600,300,
600052.SH,600052,20251209,93436780,0,1668249,A,S,50700,100,
600052.SH,600052,20251209,93437720,0,1670803,A,B,50600,200,
600052.SH,600052,20251209,93437790,0,1670961,A,B,50200,3900,
600052.SH,600052,20251209,93438100,0,1671702,A,B,50600,1000,
600052.SH,600052,20251209,93438440,0,1672797,A,B,50600,1000,
600052.SH,600052,20251209,93438440,0,1672798,A,B,50600,200,
600052.SH,600052,20251209,93438440,0,1672799,A,B,50600,400,
600052.SH,600052,20251209,93438660,0,1206481,D,B,50100,2000,
600052.SH,600052,20251209,93438960,0,1674108,A,B,50200,20000,
600052.SH,600052,20251209,93439150,0,1674621,A,B,50600,2000,
600052.SH,600052,20251209,93439410,0,1675392,A,B,49500,2000,
600052.SH,600052,20251209,93443690,0,1498077,D,B,50300,6700,
600052.SH,600052,20251209,93444210,0,1688123,A,B,50100,10000,
600052.SH,600052,20251209,93444310,0,1688313,A,B,50600,10000,
600052.SH,600052,20251209,93444490,0,1688885,A,S,51700,10000,
600052.SH,600052,20251209,93444620,0,1689131,A,S,50700,1200,
600052.SH,600052,20251209,93445950,0,1692864,A,S,51300,5000,
600052.SH,600052,20251209,93446330,0,1694002,A,S,55500,30000,
600052.SH,600052,20251209,93447080,0,1695959,A,B,50200,1000,
600052.SH,600052,20251209,93447960,0,1698306,A,B,50000,10000,
600052.SH,600052,20251209,93450100,0,493772,D,S,50700,3500,
600052.SH,600052,20251209,93450300,0,1704156,A,B,50500,2100,
600052.SH,600052,20251209,93450400,0,1704477,A,S,50800,100,
600052.SH,600052,20251209,93450730,0,96093,D,S,51200,1000,
600052.SH,600052,20251209,93451530,0,1707206,A,B,50500,6700,
600052.SH,600052,20251209,93452560,0,1709938,A,B,50600,1100,
600052.SH,600052,20251209,93452790,0,1710588,A,B,50600,100,
600052.SH,600052,20251209,93453630,0,1712646,A,B,50100,10000,
600052.SH,600052,20251209,93454920,0,1715741,A,S,50800,10000,
600052.SH,600052,20251209,93455350,0,1716862,A,B,50600,1000,
600052.SH,600052,20251209,93457750,0,1539655,D,B,50400,900,
600052.SH,600052,20251209,93458200,0,1724334,A,B,50300,3300,
600052.SH,600052,20251209,93458260,0,275081,D,B,50000,1000,
600052.SH,600052,20251209,93459430,0,1727673,A,B,50600,200,
600052.SH,600052,20251209,93500800,0,1732093,A,B,50600,1000,
600052.SH,600052,20251209,93501080,0,1733068,A,S,50700,3000,
600052.SH,600052,20251209,93501440,0,1734302,A,S,50600,18000,
600052.SH,600052,20251209,93502480,0,1704477,D,S,50800,100,
600052.SH,600052,20251209,93502710,0,1738334,A,B,50500,100,
600052.SH,600052,20251209,93502900,0,1240615,D,B,50200,800,
600052.SH,600052,20251209,93503400,0,1254198,D,B,50300,2000,
600052.SH,600052,20251209,93503540,0,1740628,A,B,50500,300,
600052.SH,600052,20251209,93503570,0,1740659,A,B,50500,300,
600052.SH,600052,20251209,93503850,0,1741674,A,B,50500,200,
600052.SH,600052,20251209,93504360,0,1743424,A,B,50600,100,
600052.SH,600052,20251209,93504400,0,1743504,A,B,50600,100,
600052.SH,600052,20251209,93504400,0,1743586,A,B,50600,1700,
600052.SH,600052,20251209,93504400,0,1743589,A,B,50500,100,
600052.SH,600052,20251209,93504450,0,1743715,A,B,50600,100,
600052.SH,600052,20251209,93504810,0,1744979,A,B,50600,200,
600052.SH,600052,20251209,93504810,0,1745045,A,B,50600,300,
600052.SH,600052,20251209,93504810,0,1745046,A,B,50600,200,
600052.SH,600052,20251209,93504980,0,1745765,A,B,50600,300,
600052.SH,600052,20251209,93505460,0,1747864,A,B,50600,900,
600052.SH,600052,20251209,93506110,0,1749984,A,S,50700,100,
600052.SH,600052,20251209,93506310,0,1657217,D,S,50700,200,
600052.SH,600052,20251209,93506630,0,1751573,A,S,55800,900,
600052.SH,600052,20251209,93506920,0,1752756,A,B,50600,300,
600052.SH,600052,20251209,93508410,0,1758053,A,B,50600,100,
600052.SH,600052,20251209,93508800,0,1759243,A,B,50600,1000,
600052.SH,600052,20251209,93508930,0,1759633,A,B,50600,1000,
600052.SH,600052,20251209,93508930,0,1759636,A,B,50600,2000,
600052.SH,600052,20251209,93508960,0,1759761,A,B,50600,1000,
600052.SH,600052,20251209,93509290,0,1760927,A,B,50600,800,
600052.SH,600052,20251209,93509360,0,1761105,A,B,50600,1100,
600052.SH,600052,20251209,93509540,0,1761744,A,B,50100,10000,
600052.SH,600052,20251209,93509610,0,1762032,A,B,50600,200,
600052.SH,600052,20251209,93509610,0,1762037,A,B,50600,200,
600052.SH,600052,20251209,93509760,0,1762390,A,B,50600,500,
600052.SH,600052,20251209,93509900,0,1762969,A,B,50600,1600,
600052.SH,600052,20251209,93509900,0,1763061,A,B,50600,2000,
600052.SH,600052,20251209,93509970,0,1763189,A,B,50600,1000,
600052.SH,600052,20251209,93510070,0,1763581,A,S,50700,100,
600052.SH,600052,20251209,93510380,0,1764671,A,B,50600,100,
600052.SH,600052,20251209,93512820,0,1773109,A,S,50700,1800,
600052.SH,600052,20251209,93513160,0,1774476,A,B,50600,100,
600052.SH,600052,20251209,93513210,0,1774525,A,B,50600,100,
600052.SH,600052,20251209,93513400,0,1775462,A,B,50600,200,
600052.SH,600052,20251209,93514440,0,1780704,A,B,50600,700,
600052.SH,600052,20251209,93514470,0,1780746,A,B,50600,300,
600052.SH,600052,20251209,93514470,0,1780750,A,B,50600,100,
600052.SH,600052,20251209,93514470,0,1780756,A,B,50600,100,
600052.SH,600052,20251209,93514470,0,1780778,A,B,50600,200,
600052.SH,600052,20251209,93514470,0,1780792,A,S,50700,300,
600052.SH,600052,20251209,93514470,0,1780796,A,B,50600,300,
600052.SH,600052,20251209,93514470,0,1780842,A,B,50600,100,
600052.SH,600052,20251209,93514470,0,1780885,A,B,50600,900,
600052.SH,600052,20251209,93514510,0,1780967,A,B,50600,500,
600052.SH,600052,20251209,93514510,0,1780987,A,B,50600,400,
600052.SH,600052,20251209,93514650,0,1781688,A,B,50600,1200,
600052.SH,600052,20251209,93514680,0,1781864,A,B,50600,2100,
600052.SH,600052,20251209,93514680,0,1782127,A,B,50600,200,
600052.SH,600052,20251209,93514700,0,1782150,A,B,50600,100,
600052.SH,600052,20251209,93514700,0,1782157,A,B,50600,100,
600052.SH,600052,20251209,93514700,0,1782186,A,B,50600,500,
600052.SH,600052,20251209,93514700,0,1782232,A,B,50600,200,
600052.SH,600052,20251209,93514920,0,1783411,A,B,50600,600,
600052.SH,600052,20251209,93514920,0,1783460,A,B,50600,500,
600052.SH,600052,20251209,93514920,0,1783581,A,B,50600,700,
600052.SH,600052,20251209,93514920,0,1783696,A,B,50600,1000,
600052.SH,600052,20251209,93514920,0,1783726,A,B,50600,400,
600052.SH,600052,20251209,93514950,0,1783822,A,B,50600,200,
600052.SH,600052,20251209,93514950,0,1783902,A,B,50600,100,
600052.SH,600052,20251209,93514950,0,1783921,A,B,50600,100,
600052.SH,600052,20251209,93514970,0,1783985,A,B,50600,200,
600052.SH,600052,20251209,93515000,0,1784125,A,B,50600,100,
600052.SH,600052,20251209,93515110,0,1784462,A,B,50200,4000,
600052.SH,600052,20251209,93515200,0,1785416,A,B,50600,600,
600052.SH,600052,20251209,93515200,0,1785575,A,B,50600,400,
600052.SH,600052,20251209,93515250,0,1785798,A,B,50600,400,
600052.SH,600052,20251209,93515410,0,1786613,A,B,50600,100,
600052.SH,600052,20251209,93515750,0,1788252,A,B,50600,500,
600052.SH,600052,20251209,93515890,0,1788760,A,B,50600,1100,
600052.SH,600052,20251209,93515910,0,1789010,A,B,50600,100,
600052.SH,600052,20251209,93515990,0,1789287,A,B,50600,400,
600052.SH,600052,20251209,93515990,0,1291395,D,B,50100,500,
600052.SH,600052,20251209,93517170,0,1793560,A,S,50700,2000,
600052.SH,600052,20251209,93517390,0,1794230,A,B,50600,100,
600052.SH,600052,20251209,93517390,0,1794352,A,B,50600,800,
600052.SH,600052,20251209,93517390,0,1794378,A,B,50600,100,
600052.SH,600052,20251209,93517440,0,1794503,A,B,50600,800,
600052.SH,600052,20251209,93518700,0,1279342,D,B,50000,1800,
600052.SH,600052,20251209,93518880,0,1798765,A,B,50600,100,
600052.SH,600052,20251209,93518990,0,1799196,A,S,50700,100,
600052.SH,600052,20251209,93521750,0,1218191,D,B,50000,1000,
600052.SH,600052,20251209,93522870,0,1810474,A,S,50800,13300,
600052.SH,600052,20251209,93523690,0,1812922,A,B,50000,2000,
600052.SH,600052,20251209,93524680,0,1815719,A,S,54600,500,
600052.SH,600052,20251209,93524720,0,1815867,A,B,50600,200,
600052.SH,600052,20251209,93524880,0,1816204,A,B,50600,400,
600052.SH,600052,20251209,93527000,0,1822036,A,S,50700,200,
600052.SH,600052,20251209,93532210,0,1836492,A,B,50500,12100,
600052.SH,600052,20251209,93532250,0,1836557,A,S,50700,60000,
600052.SH,600052,20251209,93532400,0,1836973,A,B,50600,100,
600052.SH,600052,20251209,93533780,0,1840782,A,S,51000,10000,
600052.SH,600052,20251209,93534130,0,1841847,A,S,50700,300,
600052.SH,600052,20251209,93534390,0,1842555,A,S,50700,100,
600052.SH,600052,20251209,93534640,0,1843202,A,S,50700,100,
600052.SH,600052,20251209,93534640,0,1843214,A,B,50600,700,
600052.SH,600052,20251209,93534640,0,1843215,A,B,50600,100,
600052.SH,600052,20251209,93534640,0,1843217,A,B,50600,300,
600052.SH,600052,20251209,93534640,0,1843218,A,B,50600,100,
600052.SH,600052,20251209,93534640,0,1843222,A,B,50600,100,
600052.SH,600052,20251209,93534640,0,1843226,A,B,50600,700,
600052.SH,600052,20251209,93534640,0,1843228,A,B,50600,600,
600052.SH,600052,20251209,93534640,0,1843239,A,B,50600,300,
600052.SH,600052,20251209,93534640,0,1843260,A,B,50600,200,
600052.SH,600052,20251209,93534640,0,1843262,A,B,50600,800,
600052.SH,600052,20251209,93534640,0,1843263,A,B,50600,100,
600052.SH,600052,20251209,93534640,0,1843264,A,B,50600,100,
600052.SH,600052,20251209,93534640,0,1843265,A,B,50600,200,
600052.SH,600052,20251209,93534640,0,1843267,A,B,50600,800,
600052.SH,600052,20251209,93534640,0,1843270,A,B,50600,100,
600052.SH,600052,20251209,93534640,0,1843276,A,B,50600,300,
600052.SH,600052,20251209,93534640,0,1843279,A,B,50600,100,
600052.SH,600052,20251209,93534640,0,1843286,A,B,50600,100,
600052.SH,600052,20251209,93534640,0,1843289,A,B,50600,600,
600052.SH,600052,20251209,93534640,0,1843297,A,B,50600,300,
600052.SH,600052,20251209,93534640,0,1843299,A,B,50600,600,
600052.SH,600052,20251209,93534640,0,1843305,A,B,50600,100,
600052.SH,600052,20251209,93534640,0,1843311,A,B,50600,200,
600052.SH,600052,20251209,93534640,0,1843315,A,B,50600,200,
600052.SH,600052,20251209,93534640,0,1843317,A,B,50600,100,
600052.SH,600052,20251209,93534640,0,1843319,A,B,50600,200,
600052.SH,600052,20251209,93534640,0,1843349,A,B,50600,300,
600052.SH,600052,20251209,93534640,0,1843362,A,B,50600,600,
600052.SH,600052,20251209,93534640,0,1843370,A,B,50600,600,
600052.SH,600052,20251209,93534690,0,1843444,A,B,50600,300,
600052.SH,600052,20251209,93537500,0,1851744,A,B,50200,5000,
600052.SH,600052,20251209,93537630,0,1852089,A,B,50600,100,
600052.SH,600052,20251209,93537630,0,1852123,A,B,50600,500,
600052.SH,600052,20251209,93537630,0,1852140,A,B,50600,500,
