万得代码,交易所代码,自然日,时间,成交价,成交量,成交额,成交笔数,IOPV,成交标志,BS标志,当日累计成交量,当日成交额,最高价,最低价,开盘价,前收盘,申卖价1,申卖价2,申卖价3,申卖价4,申卖价5,申卖价6,申卖价7,申卖价8,申卖价9,申卖价10,申卖量1,申卖量2,申卖量3,申卖量4,申卖量5,申卖量6,申卖量7,申卖量8,申卖量9,申卖量10,申买价1,申买价2,申买价3,申买价4,申买价5,申买价6,申买价7,申买价8,申买价9,申买价10,申买量1,申买量2,申买量3,申买量4,申买量5,申买量6,申买量7,申买量8,申买量9,申买量10,加权平均叫卖价,加权平均叫买价,叫卖总量,叫买总量,不加权指数,品种总数,上涨品种数,下跌品种数,持平品种数,
000058.SZ,000058,20251209,81609000,0,0,0,0,0,,,0,0,0,0,0,94100,0,0,0,0,0,0,0,0,0,0,0,0,0,0,0,0,0,0,0,0,0,0,0,0,0,0,0,0,0,0,0,0,0,0,0,0,0,0,0,0,0,0,0,0,0,0,0,0,0,
000058.SZ,000058,20251209,91500000,0,0,0,0,0,,,0,0,0,0,0,94100,103500,0,0,0,0,0,0,0,0,0,111600,0,0,0,0,0,0,0,0,0,103500,0,0,0,0,0,0,0,0,0,111600,1310700,0,0,0,0,0,0,0,0,0,0,0,0,0,0,0,0,0,
000058.SZ,000058,20251209,91509000,0,0,0,0,0,,,0,0,0,0,0,94100,103500,0,0,0,0,0,0,0,0,0,784400,0,0,0,0,0,0,0,0,0,103500,0,0,0,0,0,0,0,0,0,784400,985900,0,0,0,0,0,0,0,0,0,0,0,0,0,0,0,0,0,
000058.SZ,000058,20251209,91518000,0,0,0,0,0,,,0,0,0,0,0,94100,103500,0,0,0,0,0,0,0,0,0,787800,0,0,0,0,0,0,0,0,0,103500,0,0,0,0,0,0,0,0,0,787800,975800,0,0,0,0,0,0,0,0,0,0,0,0,0,0,0,0,0,
000058.SZ,000058,20251209,91527000,0,0,0,0,0,,,0,0,0,0,0,94100,103500,0,0,0,0,0,0,0,0,0,793600,0,0,0,0,0,0,0,0,0,103500,0,0,0,0,0,0,0,0,0,793600,966100,0,0,0,0,0,0,0,0,0,0,0,0,0,0,0,0,0,
000058.SZ,000058,20251209,91536000,0,0,0,0,0,,,0,0,0,0,0,94100,103500,0,0,0,0,0,0,0,0,0,793600,0,0,0,0,0,0,0,0,0,103500,0,0,0,0,0,0,0,0,0,793600,811000,0,0,0,0,0,0,0,0,0,0,0,0,0,0,0,0,0,
000058.SZ,000058,20251209,91545000,0,0,0,0,0,,,0,0,0,0,0,94100,103500,0,0,0,0,0,0,0,0,0,877300,0,0,0,0,0,0,0,0,0,103500,0,0,0,0,0,0,0,0,0,877300,725500,0,0,0,0,0,0,0,0,0,0,0,0,0,0,0,0,0,
000058.SZ,000058,20251209,91554000,0,0,0,0,0,,,0,0,0,0,0,94100,103500,0,0,0,0,0,0,0,0,0,890700,0,0,0,0,0,0,0,0,0,103500,0,0,0,0,0,0,0,0,0,890700,673500,0,0,0,0,0,0,0,0,0,0,0,0,0,0,0,0,0,
000058.SZ,000058,20251209,91603000,0,0,0,0,0,,,0,0,0,0,0,94100,103500,0,0,0,0,0,0,0,0,0,892900,0,0,0,0,0,0,0,0,0,103500,0,0,0,0,0,0,0,0,0,892900,337000,0,0,0,0,0,0,0,0,0,0,0,0,0,0,0,0,0,
000058.SZ,000058,20251209,91612000,0,0,0,0,0,,,0,0,0,0,0,94100,103500,0,0,0,0,0,0,0,0,0,906700,0,0,0,0,0,0,0,0,0,103500,0,0,0,0,0,0,0,0,0,906700,289500,0,0,0,0,0,0,0,0,0,0,0,0,0,0,0,0,0,
000058.SZ,000058,20251209,91621000,0,0,0,0,0,,,0,0,0,0,0,94100,103500,0,0,0,0,0,0,0,0,0,934700,0,0,0,0,0,0,0,0,0,103500,0,0,0,0,0,0,0,0,0,934700,261500,0,0,0,0,0,0,0,0,0,0,0,0,0,0,0,0,0,
000058.SZ,000058,20251209,91630000,0,0,0,0,0,,,0,0,0,0,0,94100,99900,0,0,0,0,0,0,0,0,0,295400,3200,0,0,0,0,0,0,0,0,99900,0,0,0,0,0,0,0,0,0,295400,0,0,0,0,0,0,0,0,0,0,0,0,0,0,0,0,0,0,
000058.SZ,000058,20251209,91639000,0,0,0,0,0,,,0,0,0,0,0,94100,99700,0,0,0,0,0,0,0,0,0,280100,5800,0,0,0,0,0,0,0,0,99700,0,0,0,0,0,0,0,0,0,280100,0,0,0,0,0,0,0,0,0,0,0,0,0,0,0,0,0,0,
000058.SZ,000058,20251209,91648000,0,0,0,0,0,,,0,0,0,0,0,94100,99600,0,0,0,0,0,0,0,0,0,260000,900,0,0,0,0,0,0,0,0,99600,0,0,0,0,0,0,0,0,0,260000,0,0,0,0,0,0,0,0,0,0,0,0,0,0,0,0,0,0,
000058.SZ,000058,20251209,91657000,0,0,0,0,0,,,0,0,0,0,0,94100,96400,0,0,0,0,0,0,0,0,0,68400,3400,0,0,0,0,0,0,0,0,96400,0,0,0,0,0,0,0,0,0,68400,0,0,0,0,0,0,0,0,0,0,0,0,0,0,0,0,0,0,
000058.SZ,000058,20251209,91706000,0,0,0,0,0,,,0,0,0,0,0,94100,96400,0,0,0,0,0,0,0,0,0,68100,4900,0,0,0,0,0,0,0,0,96400,0,0,0,0,0,0,0,0,0,68100,0,0,0,0,0,0,0,0,0,0,0,0,0,0,0,0,0,0,
000058.SZ,000058,20251209,91715000,0,0,0,0,0,,,0,0,0,0,0,94100,96400,0,0,0,0,0,0,0,0,0,68300,5100,0,0,0,0,0,0,0,0,96400,0,0,0,0,0,0,0,0,0,68300,0,0,0,0,0,0,0,0,0,0,0,0,0,0,0,0,0,0,
000058.SZ,000058,20251209,91724000,0,0,0,0,0,,,0,0,0,0,0,94100,96300,0,0,0,0,0,0,0,0,0,68300,1800,0,0,0,0,0,0,0,0,96300,0,0,0,0,0,0,0,0,0,68300,0,0,0,0,0,0,0,0,0,0,0,0,0,0,0,0,0,0,
000058.SZ,000058,20251209,91733000,0,0,0,0,0,,,0,0,0,0,0,94100,96100,0,0,0,0,0,0,0,0,0,67500,0,0,0,0,0,0,0,0,0,96100,0,0,0,0,0,0,0,0,0,67500,11200,0,0,0,0,0,0,0,0,0,0,0,0,0,0,0,0,0,
000058.SZ,000058,20251209,91742000,0,0,0,0,0,,,0,0,0,0,0,94100,96100,0,0,0,0,0,0,0,0,0,67200,0,0,0,0,0,0,0,0,0,96100,0,0,0,0,0,0,0,0,0,67200,11500,0,0,0,0,0,0,0,0,0,0,0,0,0,0,0,0,0,
000058.SZ,000058,20251209,91751000,0,0,0,0,0,,,0,0,0,0,0,94100,96100,0,0,0,0,0,0,0,0,0,67200,0,0,0,0,0,0,0,0,0,96100,0,0,0,0,0,0,0,0,0,67200,12300,0,0,0,0,0,0,0,0,0,0,0,0,0,0,0,0,0,
000058.SZ,000058,20251209,91800000,0,0,0,0,0,,,0,0,0,0,0,94100,96100,0,0,0,0,0,0,0,0,0,67800,0,0,0,0,0,0,0,0,0,96100,0,0,0,0,0,0,0,0,0,67800,13800,0,0,0,0,0,0,0,0,0,0,0,0,0,0,0,0,0,
000058.SZ,000058,20251209,91809000,0,0,0,0,0,,,0,0,0,0,0,94100,96100,0,0,0,0,0,0,0,0,0,69500,0,0,0,0,0,0,0,0,0,96100,0,0,0,0,0,0,0,0,0,69500,12100,0,0,0,0,0,0,0,0,0,0,0,0,0,0,0,0,0,
000058.SZ,000058,20251209,91818000,0,0,0,0,0,,,0,0,0,0,0,94100,96100,0,0,0,0,0,0,0,0,0,70600,0,0,0,0,0,0,0,0,0,96100,0,0,0,0,0,0,0,0,0,70600,11000,0,0,0,0,0,0,0,0,0,0,0,0,0,0,0,0,0,
000058.SZ,000058,20251209,91827000,0,0,0,0,0,,,0,0,0,0,0,94100,96100,0,0,0,0,0,0,0,0,0,69600,0,0,0,0,0,0,0,0,0,96100,0,0,0,0,0,0,0,0,0,69600,12100,0,0,0,0,0,0,0,0,0,0,0,0,0,0,0,0,0,
000058.SZ,000058,20251209,91845000,0,0,0,0,0,,,0,0,0,0,0,94100,96100,0,0,0,0,0,0,0,0,0,70300,0,0,0,0,0,0,0,0,0,96100,0,0,0,0,0,0,0,0,0,70300,13200,0,0,0,0,0,0,0,0,0,0,0,0,0,0,0,0,0,
000058.SZ,000058,20251209,91854000,0,0,0,0,0,,,0,0,0,0,0,94100,96100,0,0,0,0,0,0,0,0,0,69700,0,0,0,0,0,0,0,0,0,96100,0,0,0,0,0,0,0,0,0,69700,13900,0,0,0,0,0,0,0,0,0,0,0,0,0,0,0,0,0,
000058.SZ,000058,20251209,91903000,0,0,0,0,0,,,0,0,0,0,0,94100,96100,0,0,0,0,0,0,0,0,0,73700,0,0,0,0,0,0,0,0,0,96100,0,0,0,0,0,0,0,0,0,73700,9900,0,0,0,0,0,0,0,0,0,0,0,0,0,0,0,0,0,
000058.SZ,000058,20251209,91912000,0,0,0,0,0,,,0,0,0,0,0,94100,96100,0,0,0,0,0,0,0,0,0,73700,0,0,0,0,0,0,0,0,0,96100,0,0,0,0,0,0,0,0,0,73700,10800,0,0,0,0,0,0,0,0,0,0,0,0,0,0,0,0,0,
000058.SZ,000058,20251209,91921000,0,0,0,0,0,,,0,0,0,0,0,94100,96100,0,0,0,0,0,0,0,0,0,74200,0,0,0,0,0,0,0,0,0,96100,0,0,0,0,0,0,0,0,0,74200,11300,0,0,0,0,0,0,0,0,0,0,0,0,0,0,0,0,0,
000058.SZ,000058,20251209,91930000,0,0,0,0,0,,,0,0,0,0,0,94100,96100,0,0,0,0,0,0,0,0,0,74200,0,0,0,0,0,0,0,0,0,96100,0,0,0,0,0,0,0,0,0,74200,13800,0,0,0,0,0,0,0,0,0,0,0,0,0,0,0,0,0,
000058.SZ,000058,20251209,91939000,0,0,0,0,0,,,0,0,0,0,0,94100,96100,0,0,0,0,0,0,0,0,0,74200,0,0,0,0,0,0,0,0,0,96100,0,0,0,0,0,0,0,0,0,74200,15500,0,0,0,0,0,0,0,0,0,0,0,0,0,0,0,0,0,
000058.SZ,000058,20251209,91948000,0,0,0,0,0,,,0,0,0,0,0,94100,96100,0,0,0,0,0,0,0,0,0,74200,0,0,0,0,0,0,0,0,0,96100,0,0,0,0,0,0,0,0,0,74200,15800,0,0,0,0,0,0,0,0,0,0,0,0,0,0,0,0,0,
000058.SZ,000058,20251209,91957000,0,0,0,0,0,,,0,0,0,0,0,94100,95700,0,0,0,0,0,0,0,0,0,91600,900,0,0,0,0,0,0,0,0,95700,0,0,0,0,0,0,0,0,0,91600,0,0,0,0,0,0,0,0,0,0,0,0,0,0,0,0,0,0,
000058.SZ,000058,20251209,92000000,0,0,0,0,0,,,0,0,0,0,0,94100,95300,0,0,0,0,0,0,0,0,0,73600,2600,0,0,0,0,0,0,0,0,95300,0,0,0,0,0,0,0,0,0,73600,0,0,0,0,0,0,0,0,0,0,0,0,0,0,0,0,0,0,
000058.SZ,000058,20251209,92009000,0,0,0,0,0,,,0,0,0,0,0,94100,95300,0,0,0,0,0,0,0,0,0,73600,2700,0,0,0,0,0,0,0,0,95300,0,0,0,0,0,0,0,0,0,73600,0,0,0,0,0,0,0,0,0,0,0,0,0,0,0,0,0,0,
000058.SZ,000058,20251209,92018000,0,0,0,0,0,,,0,0,0,0,0,94100,95000,0,0,0,0,0,0,0,0,0,73600,9600,0,0,0,0,0,0,0,0,95000,0,0,0,0,0,0,0,0,0,73600,0,0,0,0,0,0,0,0,0,0,0,0,0,0,0,0,0,0,
000058.SZ,000058,20251209,92027000,0,0,0,0,0,,,0,0,0,0,0,94100,95000,0,0,0,0,0,0,0,0,0,73900,9300,0,0,0,0,0,0,0,0,95000,0,0,0,0,0,0,0,0,0,73900,0,0,0,0,0,0,0,0,0,0,0,0,0,0,0,0,0,0,
000058.SZ,000058,20251209,92045000,0,0,0,0,0,,,0,0,0,0,0,94100,95000,0,0,0,0,0,0,0,0,0,75400,7800,0,0,0,0,0,0,0,0,95000,0,0,0,0,0,0,0,0,0,75400,0,0,0,0,0,0,0,0,0,0,0,0,0,0,0,0,0,0,
000058.SZ,000058,20251209,92054000,0,0,0,0,0,,,0,0,0,0,0,94100,95000,0,0,0,0,0,0,0,0,0,83200,0,0,0,0,0,0,0,0,0,95000,0,0,0,0,0,0,0,0,0,83200,3700,0,0,0,0,0,0,0,0,0,0,0,0,0,0,0,0,0,
000058.SZ,000058,20251209,92103000,0,0,0,0,0,,,0,0,0,0,0,94100,95000,0,0,0,0,0,0,0,0,0,87000,7100,0,0,0,0,0,0,0,0,95000,0,0,0,0,0,0,0,0,0,87000,0,0,0,0,0,0,0,0,0,0,0,0,0,0,0,0,0,0,
000058.SZ,000058,20251209,92121000,0,0,0,0,0,,,0,0,0,0,0,94100,95100,0,0,0,0,0,0,0,0,0,95600,3000,0,0,0,0,0,0,0,0,95100,0,0,0,0,0,0,0,0,0,95600,0,0,0,0,0,0,0,0,0,0,0,0,0,0,0,0,0,0,
000058.SZ,000058,20251209,92130000,0,0,0,0,0,,,0,0,0,0,0,94100,95100,0,0,0,0,0,0,0,0,0,98100,3100,0,0,0,0,0,0,0,0,95100,0,0,0,0,0,0,0,0,0,98100,0,0,0,0,0,0,0,0,0,0,0,0,0,0,0,0,0,0,
000058.SZ,000058,20251209,92148000,0,0,0,0,0,,,0,0,0,0,0,94100,95100,0,0,0,0,0,0,0,0,0,101200,0,0,0,0,0,0,0,0,0,95100,0,0,0,0,0,0,0,0,0,101200,600,0,0,0,0,0,0,0,0,0,0,0,0,0,0,0,0,0,
000058.SZ,000058,20251209,92157000,0,0,0,0,0,,,0,0,0,0,0,94100,95100,0,0,0,0,0,0,0,0,0,101200,0,0,0,0,0,0,0,0,0,95100,0,0,0,0,0,0,0,0,0,101200,1400,0,0,0,0,0,0,0,0,0,0,0,0,0,0,0,0,0,
000058.SZ,000058,20251209,92206000,0,0,0,0,0,,,0,0,0,0,0,94100,95100,0,0,0,0,0,0,0,0,0,103200,0,0,0,0,0,0,0,0,0,95100,0,0,0,0,0,0,0,0,0,103200,2400,0,0,0,0,0,0,0,0,0,0,0,0,0,0,0,0,0,
000058.SZ,000058,20251209,92215000,0,0,0,0,0,,,0,0,0,0,0,94100,95100,0,0,0,0,0,0,0,0,0,103200,0,0,0,0,0,0,0,0,0,95100,0,0,0,0,0,0,0,0,0,103200,5400,0,0,0,0,0,0,0,0,0,0,0,0,0,0,0,0,0,
000058.SZ,000058,20251209,92224000,0,0,0,0,0,,,0,0,0,0,0,94100,95100,0,0,0,0,0,0,0,0,0,103200,0,0,0,0,0,0,0,0,0,95100,0,0,0,0,0,0,0,0,0,103200,5900,0,0,0,0,0,0,0,0,0,0,0,0,0,0,0,0,0,
000058.SZ,000058,20251209,92233000,0,0,0,0,0,,,0,0,0,0,0,94100,95100,0,0,0,0,0,0,0,0,0,103200,0,0,0,0,0,0,0,0,0,95100,0,0,0,0,0,0,0,0,0,103200,9500,0,0,0,0,0,0,0,0,0,0,0,0,0,0,0,0,0,
000058.SZ,000058,20251209,92242000,0,0,0,0,0,,,0,0,0,0,0,94100,95100,0,0,0,0,0,0,0,0,0,103200,0,0,0,0,0,0,0,0,0,95100,0,0,0,0,0,0,0,0,0,103200,19300,0,0,0,0,0,0,0,0,0,0,0,0,0,0,0,0,0,
000058.SZ,000058,20251209,92251000,0,0,0,0,0,,,0,0,0,0,0,94100,95100,0,0,0,0,0,0,0,0,0,105500,0,0,0,0,0,0,0,0,0,95100,0,0,0,0,0,0,0,0,0,105500,21500,0,0,0,0,0,0,0,0,0,0,0,0,0,0,0,0,0,
000058.SZ,000058,20251209,92300000,0,0,0,0,0,,,0,0,0,0,0,94100,95100,0,0,0,0,0,0,0,0,0,105500,0,0,0,0,0,0,0,0,0,95100,0,0,0,0,0,0,0,0,0,105500,29100,0,0,0,0,0,0,0,0,0,0,0,0,0,0,0,0,0,
000058.SZ,000058,20251209,92309000,0,0,0,0,0,,,0,0,0,0,0,94100,95100,0,0,0,0,0,0,0,0,0,106600,0,0,0,0,0,0,0,0,0,95100,0,0,0,0,0,0,0,0,0,106600,32100,0,0,0,0,0,0,0,0,0,0,0,0,0,0,0,0,0,
000058.SZ,000058,20251209,92318000,0,0,0,0,0,,,0,0,0,0,0,94100,95100,0,0,0,0,0,0,0,0,0,106600,0,0,0,0,0,0,0,0,0,95100,0,0,0,0,0,0,0,0,0,106600,35100,0,0,0,0,0,0,0,0,0,0,0,0,0,0,0,0,0,
000058.SZ,000058,20251209,92327000,0,0,0,0,0,,,0,0,0,0,0,94100,95100,0,0,0,0,0,0,0,0,0,106600,0,0,0,0,0,0,0,0,0,95100,0,0,0,0,0,0,0,0,0,106600,35500,0,0,0,0,0,0,0,0,0,0,0,0,0,0,0,0,0,
000058.SZ,000058,20251209,92336000,0,0,0,0,0,,,0,0,0,0,0,94100,95100,0,0,0,0,0,0,0,0,0,106600,0,0,0,0,0,0,0,0,0,95100,0,0,0,0,0,0,0,0,0,106600,36100,0,0,0,0,0,0,0,0,0,0,0,0,0,0,0,0,0,
000058.SZ,000058,20251209,92345000,0,0,0,0,0,,,0,0,0,0,0,94100,95100,0,0,0,0,0,0,0,0,0,109400,0,0,0,0,0,0,0,0,0,95100,0,0,0,0,0,0,0,0,0,109400,33800,0,0,0,0,0,0,0,0,0,0,0,0,0,0,0,0,0,
000058.SZ,000058,20251209,92354000,0,0,0,0,0,,,0,0,0,0,0,94100,95100,0,0,0,0,0,0,0,0,0,110400,0,0,0,0,0,0,0,0,0,95100,0,0,0,0,0,0,0,0,0,110400,35900,0,0,0,0,0,0,0,0,0,0,0,0,0,0,0,0,0,
000058.SZ,000058,20251209,92403000,0,0,0,0,0,,,0,0,0,0,0,94100,95200,0,0,0,0,0,0,0,0,0,110800,1200,0,0,0,0,0,0,0,0,95200,0,0,0,0,0,0,0,0,0,110800,0,0,0,0,0,0,0,0,0,0,0,0,0,0,0,0,0,0,
000058.SZ,000058,20251209,92412000,0,0,0,0,0,,,0,0,0,0,0,94100,95300,0,0,0,0,0,0,0,0,0,113800,2800,0,0,0,0,0,0,0,0,95300,0,0,0,0,0,0,0,0,0,113800,0,0,0,0,0,0,0,0,0,0,0,0,0,0,0,0,0,0,
000058.SZ,000058,20251209,92421000,0,0,0,0,0,,,0,0,0,0,0,94100,95500,0,0,0,0,0,0,0,0,0,121700,0,0,0,0,0,0,0,0,0,95500,0,0,0,0,0,0,0,0,0,121700,400,0,0,0,0,0,0,0,0,0,0,0,0,0,0,0,0,0,
000058.SZ,000058,20251209,92430000,0,0,0,0,0,,,0,0,0,0,0,94100,95300,0,0,0,0,0,0,0,0,0,138700,3500,0,0,0,0,0,0,0,0,95300,0,0,0,0,0,0,0,0,0,138700,0,0,0,0,0,0,0,0,0,0,0,0,0,0,0,0,0,0,
000058.SZ,000058,20251209,92439000,0,0,0,0,0,,,0,0,0,0,0,94100,95400,0,0,0,0,0,0,0,0,0,143900,900,0,0,0,0,0,0,0,0,95400,0,0,0,0,0,0,0,0,0,143900,0,0,0,0,0,0,0,0,0,0,0,0,0,0,0,0,0,0,
000058.SZ,000058,20251209,92448000,0,0,0,0,0,,,0,0,0,0,0,94100,95200,0,0,0,0,0,0,0,0,0,165600,0,0,0,0,0,0,0,0,0,95200,0,0,0,0,0,0,0,0,0,165600,2300,0,0,0,0,0,0,0,0,0,0,0,0,0,0,0,0,0,
000058.SZ,000058,20251209,92457000,0,0,0,0,0,,,0,0,0,0,0,94100,95400,0,0,0,0,0,0,0,0,0,205100,6000,0,0,0,0,0,0,0,0,95400,0,0,0,0,0,0,0,0,0,205100,0,0,0,0,0,0,0,0,0,0,0,0,0,0,0,0,0,0,
000058.SZ,000058,20251209,92500000,95100,240400,2286204,156,0,,,240400,2286204,95100,95100,95100,94100,95200,95300,95400,95500,95600,95700,95800,95900,96000,96100,23500,14600,6900,8700,2000,10000,21200,15300,71200,10500,95100,95000,94800,94600,94500,94400,94300,94200,94100,94000,42300,13200,11300,500,14900,1100,400,4700,5600,4000,101200,92200,1620600,303100,0,0,0,0,0,
000058.SZ,000058,20251209,93000000,95100,72500,689356,201,0,,,312900,2975560,95200,95000,95100,94100,95100,95200,95300,95400,95500,95600,95700,95800,95900,96000,16000,20800,14600,8300,8700,3200,10000,21200,22400,72700,95000,94800,94600,94500,94400,94300,94200,94100,94000,93800,91300,11300,2400,16100,1100,400,14700,10600,8000,11800,101000,92600,1848700,362800,0,0,0,0,0,
000058.SZ,000058,20251209,93003000,94900,501600,4769717,446,0,,,814500,7745277,95200,94900,95100,94100,95100,95200,95300,95400,95500,95600,95700,95800,95900,96000,22700,37600,17600,22100,24800,35300,18100,37300,24200,83200,94900,94800,94700,94600,94500,94400,94300,94200,94100,94000,900,15200,6800,19700,21400,10700,500,26600,25200,15500,100500,92400,2337500,390400,0,0,0,0,0,
000058.SZ,000058,20251209,93006000,95000,271600,2582993,705,0,,,1086100,10328270,95500,94800,95100,94100,94900,95000,95100,95200,95400,95500,95600,95700,95800,95900,1400,32620,19800,1000,2000,5800,35300,18100,38400,26200,94800,94700,94600,94500,94400,94300,94200,94100,94000,93900,24300,6800,20500,21700,14300,1800,26600,28000,16500,5100,100600,92500,2349320,415000,0,0,0,0,0,
000058.SZ,000058,20251209,93009000,94800,55200,523287,746,0,,,1141300,10851557,95500,94700,95100,94100,94800,94900,95000,95100,95200,95300,95400,95500,95600,95700,50200,23400,44420,24200,1000,500,2500,5800,35300,18100,94700,94600,94500,94400,94300,94200,94100,94000,93900,93800,5700,22100,21800,14300,1800,26600,28000,16500,5100,13600,100400,92400,2448420,389700,0,0,0,0,0,
000058.SZ,000058,20251209,93012000,94700,36300,343572,829,0,,,1177600,11195129,95500,94600,95100,94100,94700,94800,94900,95000,95100,95200,95300,95400,95500,95600,50000,56000,24600,19620,24200,1000,500,2500,5800,35500,94600,94500,94400,94300,94200,94100,94000,93900,93800,93700,16000,21800,14300,1800,26600,28000,16500,5100,13600,16200,100300,92400,2484420,379900,0,0,0,0,0,
000058.SZ,000058,20251209,93015000,94600,28400,268662,948,0,,,1206000,11463791,95500,94500,95100,94100,94600,94700,94800,94900,95000,95100,95200,95300,95400,95500,58900,68900,54100,11800,18120,20500,1000,500,3000,5800,94500,94400,94300,94200,94100,94000,93900,93800,93700,93600,24900,14300,1800,26600,28000,16500,5100,13600,16200,41300,100200,92300,2542820,367000,0,0,0,0,0,
000058.SZ,000058,20251209,93018000,94500,33200,313740,1067,0,,,1239200,11777531,95500,94500,95100,94100,94500,94600,94700,94800,94900,95000,95100,95200,95300,95400,45200,63000,70100,8400,10800,18120,19900,1000,500,3000,94400,94300,94200,94100,94000,93900,93800,93700,93600,93500,14300,1800,29600,28000,16500,5100,13600,16200,41300,8600,100200,92200,2546920,345100,0,0,0,0,0,
000058.SZ,000058,20251209,93021000,94400,14600,137824,1140,0,,,1253800,11915355,95500,94400,95100,94100,94400,94500,94600,94700,94800,94900,95000,95100,95200,95300,73100,41500,46000,63100,4600,10700,18120,19700,1000,500,94300,94200,94100,94000,93900,93800,93700,93600,93500,93400,1800,29600,28000,17600,5100,13600,16200,41300,8600,10600,100100,92100,2591920,331900,0,0,0,0,0,
000058.SZ,000058,20251209,93024000,94300,8000,75421,1164,0,,,1261800,11990776,95500,94200,95100,94100,94300,94400,94500,94600,94700,94800,94900,95000,95100,95200,5800,72400,46000,42900,62400,4300,7900,18120,19700,500,94200,94100,94000,93900,93800,93700,93600,93500,93400,93300,27700,28000,17600,5100,13600,16200,41300,8600,10600,1700,100100,92000,2594120,328200,0,0,0,0,0,
000058.SZ,000058,20251209,93027000,94300,34400,324193,1255,0,,,1296200,12314969,95500,94200,95100,94100,94300,94400,94500,94600,94700,94800,94900,95000,95100,95200,9400,210000,40500,42900,61800,3200,7400,13100,19700,500,94200,94100,94000,93900,93800,93700,93600,93500,93400,93300,17800,28000,17600,5100,16600,16200,41300,8600,10600,1700,99800,92000,2724300,321300,0,0,0,0,0,
000058.SZ,000058,20251209,93030000,94100,50500,475732,1431,0,,,1346700,12790701,95500,94100,95100,94100,94200,94300,94400,94500,94600,94700,94800,94900,95000,95100,20000,4000,207300,7000,8900,56100,3200,7300,29100,19700,94100,94000,93900,93800,93700,93600,93500,93400,93300,93200,22000,17600,5100,16600,16200,41300,8600,10600,1700,13600,99900,91800,2680800,297500,0,0,0,0,0,
000058.SZ,000058,20251209,93033000,94200,10400,97935,1455,0,,,1357100,12888636,95500,94100,95100,94100,94200,94300,94400,94500,94600,94700,94800,94900,95000,95100,21000,4000,155400,6400,5200,53700,3200,7200,29100,19700,94100,94000,93900,93800,93700,93600,93500,93400,93300,93200,18700,17800,5100,16600,16200,41300,8600,10600,1700,13600,100000,91800,2628500,295400,0,0,0,0,0,
000058.SZ,000058,20251209,93036000,94100,40700,383184,1560,0,,,1397800,13271820,95500,94100,95100,94100,94100,94200,94300,94400,94500,94600,94700,94800,94900,95000,900,2600,4000,13300,6400,5800,53700,3200,7200,16900,94000,93900,93800,93700,93600,93500,93400,93300,93200,93100,18300,5100,16700,16200,41300,8600,10600,1700,13600,3600,100400,91600,2460600,278000,0,0,0,0,0,
000058.SZ,000058,20251209,93039000,94100,17700,166746,1597,0,,,1415500,13438566,95500,94100,95100,94100,94300,94400,94500,94600,94700,94800,94900,95000,95100,95200,1700,6100,6400,4500,53700,3200,7200,16900,19700,500,94200,94100,94000,93900,93800,93700,93600,93500,93400,93300,300,400,18500,5100,18700,16200,41300,8600,10600,1700,100400,91700,2450300,280900,0,0,0,0,0,
000058.SZ,000058,20251209,93042000,94400,67200,632055,1686,0,,,1482700,14070621,95500,93900,95100,94100,94400,94500,94600,94700,94800,94900,95000,95100,95200,95300,5000,6200,4500,53700,3200,7200,17400,20700,500,500,94200,94100,93900,93800,93700,93600,93500,93400,93300,93200,4500,6600,185300,18700,16200,41300,8600,10600,1700,13600,100400,92500,2450300,453000,0,0,0,0,0,
000058.SZ,000058,20251209,93045000,94300,2300,21689,1691,0,,,1485000,14092310,95500,93900,95100,94100,94400,94500,94600,94700,94800,94900,95000,95100,95200,95300,12300,6200,4500,53700,3200,7200,17400,20700,500,500,94300,94200,94100,94000,93900,93800,93700,93600,93500,93400,3500,5900,34600,800,28300,18700,16200,41300,8600,10600,100400,92000,2462700,329700,0,0,0,0,0,
000058.SZ,000058,20251209,93048000,94400,7600,71714,1715,0,,,1492600,14164024,95500,93900,95100,94100,94400,94500,94600,94700,94800,94900,95000,95100,95200,95300,9700,6200,4100,53700,3200,7200,17400,20700,500,500,94300,94200,94100,94000,93900,93800,93700,93600,93500,93400,500,7600,50800,800,21900,18700,16200,41300,8600,10600,100400,92100,2461900,338200,0,0,0,0,0,
000058.SZ,000058,20251209,93051000,94300,30700,289674,1759,0,,,1523300,14453698,95500,93900,95100,94100,94400,94500,94600,94700,94800,94900,95000,95100,95200,95300,8000,6100,4100,49700,3200,7200,17400,20700,500,500,94200,94100,94000,93900,93800,93700,93600,93500,93400,93300,11100,51600,900,24700,18700,16200,41300,7800,10600,1700,100400,92100,2458600,344100,0,0,0,0,0,
000058.SZ,000058,20251209,93054000,94300,51600,486472,1784,0,,,1574900,14940170,95500,93900,95100,94100,94300,94400,94500,94600,94700,94800,94900,95000,95100,95200,131000,11200,6100,4100,49700,3200,7200,17400,20200,500,94200,94100,94000,93900,93800,93700,93600,93500,93400,93300,1700,53300,900,24200,18700,16200,41300,7800,13600,1700,100100,92100,2592300,338900,0,0,0,0,0,
000058.SZ,000058,20251209,93057000,94200,7600,71592,1801,0,,,1582500,15011762,95500,93900,95100,94100,94200,94300,94400,94500,94600,94700,94800,94900,95000,95100,43600,135700,12000,6200,4000,49700,3200,8600,17900,20200,94100,94000,93900,93800,93700,93600,93500,93400,93300,93200,54300,2900,24700,18700,16200,41300,7800,13600,1700,13600,100000,92100,2645300,340700,0,0,0,0,0,
000058.SZ,000058,20251209,93100000,94200,12300,115858,1813,0,,,1594800,15127620,95500,93900,95100,94100,94200,94300,94400,94500,94600,94700,94800,94900,95000,95100,36200,134100,9600,6500,4400,49700,3200,8600,17900,20200,94100,94000,93900,93800,93700,93600,93500,93400,93300,93200,51200,2900,24700,18700,16200,41300,7800,13600,1700,13600,100000,92100,2627600,337600,0,0,0,0,0,
000058.SZ,000058,20251209,93103000,94200,5200,48974,1821,0,,,1600000,15176594,95500,93900,95100,94100,94200,94300,94400,94500,94600,94700,94800,94900,95000,95100,34300,134200,9600,6400,4400,49700,3200,8600,17900,20200,94100,94000,93900,93800,93700,93600,93500,93400,93300,93200,53200,4900,26700,18700,16200,41300,7800,13600,1700,13600,100000,92100,2625700,342300,0,0,0,0,0,
000058.SZ,000058,20251209,93106000,94200,3700,34852,1828,0,,,1603700,15211446,95500,93900,95100,94100,94200,94300,94400,94500,94600,94700,94800,94900,95000,95100,32600,136700,9000,6400,4900,50500,3200,8600,17900,20200,94100,94000,93900,93800,93700,93600,93500,93400,93300,93200,59600,8300,26700,18700,16200,41300,10300,13600,1000,13600,100000,92200,2629800,354900,0,0,0,0,0,
000058.SZ,000058,20251209,93109000,94200,31900,300491,1869,0,,,1635600,15511937,95500,93900,95100,94100,94200,94300,94400,94500,94600,94700,94800,94900,95000,95100,19800,136700,7600,6400,4900,50500,3200,8300,17900,20200,94100,94000,93900,93800,93700,93600,93500,93400,93300,93200,53500,8800,27200,18700,16200,41300,10300,13600,1000,13600,100100,92100,2618500,350300,0,0,0,0,0,
000058.SZ,000058,20251209,93112000,94200,30900,291089,1910,0,,,1666500,15803026,95500,93900,95100,94100,94300,94400,94500,94600,94700,94800,94900,95000,95100,95200,4500,5000,6400,4900,50500,3200,8300,17900,20200,500,94200,94100,94000,93900,93800,93700,93600,93500,93400,93300,26400,54800,8800,27200,18700,16200,41300,10300,13600,1000,100400,92300,2463500,378000,0,0,0,0,0,
000058.SZ,000058,20251209,93115000,94700,53700,507895,2000,0,,,1720200,16310921,95500,93900,95100,94100,94500,94600,94700,94800,94900,95000,95100,95200,95300,95400,2700,8800,26000,3200,8300,17900,19200,500,500,3900,94300,94200,94100,94000,93900,93800,93700,93600,93500,93400,3000,32500,54500,10000,27200,18700,16200,41300,10300,13600,100500,92300,2428700,388000,0,0,0,0,0,
000058.SZ,000058,20251209,93118000,94400,1300,12275,2005,0,,,1721500,16323196,95500,93900,95100,94100,94400,94500,94600,94700,94800,94900,95000,95100,95200,95300,2300,2700,8800,26000,3200,8900,17900,19200,500,500,94300,94200,94100,94000,93900,93800,93700,93600,93500,93400,5900,33200,57100,10000,26500,18700,16200,41300,10300,13600,100500,92400,2434200,393500,0,0,0,0,0,
000058.SZ,000058,20251209,93121000,94400,3300,31137,2019,0,,,1724800,16354333,95500,93900,95100,94100,94400,94500,94600,94700,94800,94900,95000,95100,95200,95300,5800,2700,8800,25200,3200,7500,17900,19200,500,500,94300,94200,94100,94000,93900,93800,93700,93600,93500,93400,10900,34500,107100,12000,26500,18700,16200,41300,10300,13600,100500,92600,2435500,451800,0,0,0,0,0,
000058.SZ,000058,20251209,93124000,94400,6400,60416,2040,0,,,1731200,16414749,95500,93900,95100,94100,94500,94600,94700,94800,94900,95000,95100,95200,95300,95400,1800,8800,25200,4200,7500,17900,19200,500,500,3900,94300,94200,94100,94000,93900,93800,93700,93600,93500,93400,15100,34000,106100,13000,26500,18700,16200,41500,10300,13600,100500,92600,2429800,455900,0,0,0,0,0,
000058.SZ,000058,20251209,93127000,94500,3000,28329,2052,0,,,1734200,16443078,95500,93900,95100,94100,94500,94600,94700,94800,94900,95000,95100,95200,95300,95400,13800,8800,25200,4200,8100,17900,19200,500,500,3900,94400,94300,94200,94100,94000,93900,93800,93700,93600,93500,3600,15100,35000,105600,13000,26500,18700,16200,41500,10300,100500,92600,2415300,460400,0,0,0,0,0,
000058.SZ,000058,20251209,93130000,94500,1300,12285,2057,0,,,1735500,16455363,95500,93900,95100,94100,94500,94600,94700,94800,94900,95000,95100,95200,95300,95400,6300,5900,22700,4200,8100,18400,19200,500,500,3900,94400,94300,94200,94100,94000,93900,93800,93700,93600,93500,6000,15100,35600,104800,12900,26500,18700,16200,41500,10300,100600,92600,2408200,462500,0,0,0,0,0,
000058.SZ,000058,20251209,93133000,94500,8000,75585,2078,0,,,1743500,16530948,95500,93900,95100,94100,94500,94600,94700,94800,94900,95000,95100,95200,95300,95400,3300,4100,22700,4200,8100,18400,19200,500,500,3900,94400,94300,94200,94100,94000,93900,93800,93700,93600,93500,9300,15100,34100,105300,12900,25800,18700,16200,41500,10300,100600,92600,2377900,464100,0,0,0,0,0,
000058.SZ,000058,20251209,93136000,94400,6700,63313,2089,0,,,1750200,16594261,95500,93900,95100,94100,94500,94600,94700,94800,94900,95000,95100,95200,95300,95400,13600,4100,22700,4200,8600,18400,18200,500,500,3900,94400,94300,94200,94100,94000,93900,93800,93700,93600,93500,21300,13200,19500,96300,12900,25800,18700,16200,42100,10100,100600,92600,2396200,451000,0,0,0,0,0,
000058.SZ,000058,20251209,93139000,94600,16200,153101,2108,0,,,1766400,16747362,95500,93900,95100,94100,94600,94700,94800,94900,95000,95100,95200,95300,95400,95500,6200,22700,4200,9100,20300,18200,500,500,3900,6300,94400,94300,94200,94100,94000,93900,93800,93700,93600,93500,24800,13200,20500,108800,13900,25800,18700,16200,42100,10100,100600,92700,2393400,469000,0,0,0,0,0,
000058.SZ,000058,20251209,93142000,94400,35100,331344,2128,0,,,1801500,17078706,95500,93900,95100,94100,94400,94500,94600,94700,94800,94900,95000,95100,95200,95300,95900,7300,8800,22700,4200,9100,21300,18200,500,500,94300,94200,94100,94000,93900,93800,93700,93600,93500,93400,10700,20500,110600,18400,25800,18700,16200,42100,10100,13600,100300,92600,2501700,449000,0,0,0,0,0,
000058.SZ,000058,20251209,93145000,94400,3800,35872,2132,0,,,1805300,17114578,95500,93900,95100,94100,94400,94500,94600,94700,94800,94900,95000,95100,95200,95300,92200,9300,8800,22700,5700,9100,21300,18200,500,500,94300,94200,94100,94000,93900,93800,93700,93600,93500,93400,9700,20500,110600,18400,26300,18700,16200,42100,9100,13600,100300,92600,2506800,447500,0,0,0,0,0,
000058.SZ,000058,20251209,93148000,94400,10800,101901,2142,0,,,1816100,17216479,95500,93900,95100,94100,94400,94500,94600,94700,94800,94900,95000,95100,95200,95300,104300,9300,8800,22700,6700,9100,21300,18300,500,500,94300,94200,94100,94000,93900,93800,93700,93600,93500,93400,5800,21100,109300,18400,29200,18700,16200,42100,9100,13600,100300,92600,2520900,446300,0,0,0,0,0,
000058.SZ,000058,20251209,93151000,94400,6900,65100,2156,0,,,1823000,17281579,95500,93900,95100,94100,94400,94500,94600,94700,94800,94900,95000,95100,95200,95300,101100,9300,8800,22700,6700,19700,21300,17300,500,500,94300,94200,94100,94000,93900,93800,93700,93600,93500,93400,3300,18600,109300,67400,29200,18700,16200,42100,9100,13600,100300,92700,2546300,490300,0,0,0,0,0,
000058.SZ,000058,20251209,93154000,94300,12900,121720,2177,0,,,1835900,17403299,95500,93900,95100,94100,94300,94400,94500,94600,94700,94800,94900,95000,95100,95200,200,93800,9300,13800,22700,6700,19700,21300,17300,500,94200,94100,94000,93900,93800,93700,93600,93500,93400,93300,17900,109200,67400,29200,18700,16200,42100,9100,13600,1400,100300,92700,2546500,486200,0,0,0,0,0,
000058.SZ,000058,20251209,93157000,94300,6300,59409,2188,0,,,1842200,17462708,95500,93900,95100,94100,94300,94400,94500,94600,94700,94800,94900,95000,95100,95200,40100,94000,9300,10000,24200,6700,19700,19400,17300,500,94200,94100,94000,93900,93800,93700,93600,93500,93400,93300,18900,109200,68900,29200,18700,16200,42100,9100,13600,1400,100200,92700,2582600,488700,0,0,0,0,0,
000058.SZ,000058,20251209,93200000,94200,27500,259105,2236,0,,,1869700,17721813,95500,93900,95100,94100,94200,94300,94400,94500,94600,94700,94800,94900,95000,95100,17100,48300,18200,6100,10000,20400,6700,19700,19400,17300,94100,94000,93900,93800,93700,93600,93500,93400,93300,93200,109200,69000,29200,18700,16200,42100,9100,13600,1400,13600,100300,92600,2525100,469900,0,0,0,0,0,
000058.SZ,000058,20251209,93203000,94000,155300,1461020,2288,0,,,2025000,19182833,95500,93900,95100,94100,94100,94200,94300,94400,94500,94600,94700,94800,94900,95000,12300,25800,48300,18400,36800,10000,20400,6700,19700,19200,94000,93900,93800,93700,93600,93500,93400,93300,93200,93100,30300,23300,18700,16200,42100,8800,13600,1400,13600,4100,100200,91900,2577300,315800,0,0,0,0,0,
000058.SZ,000058,20251209,93206000,94000,34800,327201,2313,0,,,2059800,19510034,95500,93900,95100,94100,94100,94200,94300,94400,94500,94600,94700,94800,94900,95000,8500,25000,43900,18400,36800,10000,20400,6700,19700,19200,94000,93900,93800,93700,93600,93500,93400,93300,93200,93100,3700,12600,18700,16200,42100,8800,13600,1400,13600,4100,100300,91600,2567000,278500,0,0,0,0,0,
000058.SZ,000058,20251209,93209000,94000,28900,271552,2368,0,,,2088700,19781586,95500,93900,95100,94100,94000,94100,94200,94300,94400,94500,94600,94700,94800,94900,11800,8500,19300,43900,4900,36800,10000,20400,6700,14700,93900,93800,93700,93600,93500,93400,93300,93200,93100,93000,700,18900,16200,42100,8800,13600,1400,13600,4100,14300,100300,91500,2557500,263100,0,0,0,0,0,
000058.SZ,000058,20251209,93212000,94000,4100,38534,2379,0,,,2092800,19820120,95500,93900,95100,94100,94000,94100,94200,94300,94400,94500,94600,94700,94800,94900,18400,4400,19300,43900,4900,36800,10000,20400,3500,14700,93900,93800,93700,93600,93500,93400,93300,93200,93100,93000,100,20800,16200,42100,8800,13600,1400,13600,4100,14300,100300,91500,2557800,264400,0,0,0,0,0,
000058.SZ,000058,20251209,93215000,93900,10200,95778,2429,0,,,2103000,19915898,95500,93900,95100,94100,93900,94000,94100,94200,94300,94400,94500,94600,94700,94800,4400,24100,1400,17000,35300,700,36800,10000,19500,3500,93800,93700,93600,93500,93400,93300,93200,93100,93000,92900,20600,16200,42100,9000,13600,1400,13600,4100,14300,1400,100300,91500,2549700,264300,0,0,0,0,0,
000058.SZ,000058,20251209,93218000,93900,19800,185875,2488,0,,,2122800,20101773,95500,93800,95100,94100,93900,94000,94100,94200,94300,94400,94500,94600,94700,94800,13300,32100,1400,12500,35300,700,36800,10000,19500,3500,93800,93700,93600,93500,93400,93300,93200,93100,93000,92900,16400,16200,44100,9000,13600,1400,13600,4100,14600,1400,100300,91500,2562100,262400,0,0,0,0,0,
000058.SZ,000058,20251209,93221000,93800,6600,61908,2498,0,,,2129400,20163681,95500,93800,95100,94100,93900,94000,94100,94200,94300,94400,94500,94600,94700,94800,37000,32100,1500,12500,35300,700,36800,10000,19500,3500,93800,93700,93600,93500,93400,93300,93200,93100,93000,92900,9800,16200,44100,8800,13600,1400,13600,4100,14600,1400,100100,91400,2635400,255600,0,0,0,0,0,
000058.SZ,000058,20251209,93224000,93800,11700,109748,2550,0,,,2141100,20273429,95500,93800,95100,94100,93800,93900,94000,94100,94200,94300,94400,94500,94600,94700,1700,42000,31800,2000,12500,35300,700,36800,10000,19500,93700,93600,93500,93400,93300,93200,93100,93000,92900,92800,16500,44100,8800,13600,3400,13600,4100,14600,1400,400,100100,91300,2642300,248100,0,0,0,0,0,
000058.SZ,000058,20251209,93227000,93700,500,4685,2551,0,,,2141600,20278114,95500,93700,95100,94100,93800,93900,94000,94100,94200,94300,94400,94500,94600,94700,1500,42000,32800,2000,12500,35300,600,36800,10000,19500,93700,93600,93500,93400,93300,93200,93100,93000,92900,92800,17400,44100,9800,13600,3400,2400,4100,16600,1400,400,100100,91300,2654100,240800,0,0,0,0,0,
000058.SZ,000058,20251209,93230000,93800,2500,23450,2563,0,,,2144100,20301564,95500,93700,95100,94100,93900,94000,94100,94200,94300,94400,94500,94600,94700,94800,39600,32200,2000,12500,700,600,36800,10000,19500,3500,93800,93700,93600,93500,93400,93300,93200,93100,93000,92900,4900,17400,44100,9800,13600,3400,2400,4600,16600,1400,100200,91300,2616000,246200,0,0,0,0,0,
000058.SZ,000058,20251209,93233000,93800,96600,905222,2601,0,,,2240700,21206786,95500,93700,95100,94100,93900,94000,94100,94200,94300,94400,94500,94600,94700,94800,12700,31400,2000,12500,700,600,36800,10000,19500,3500,93800,93700,93600,93500,93400,93300,93200,93100,93000,92900,1700,15200,45700,9800,13600,3500,2400,4600,16600,1400,100200,91300,2597300,242500,0,0,0,0,0,
000058.SZ,000058,20251209,93236000,93800,100,938,2602,0,,,2240800,21207724,95500,93700,95100,94100,93900,94000,94100,94200,94300,94400,94500,94600,94700,94800,18000,31400,2000,12500,700,600,36800,10000,19500,3500,93800,93700,93600,93500,93400,93300,93200,93100,93000,92900,10800,9900,45700,9800,13600,3500,2400,4600,19600,1400,100200,91400,2604600,249300,0,0,0,0,0,
000058.SZ,000058,20251209,93239000,93900,1100,10329,2603,0,,,2241900,21218053,95500,93700,95100,94100,93900,94000,94100,94200,94300,94400,94500,94600,94700,94800,17100,31400,2000,13000,700,600,36800,10000,19500,3500,93800,93700,93600,93500,93400,93300,93200,93100,93000,92900,62800,9900,48000,10200,13600,3500,2600,4600,29600,1400,100200,91800,2609700,314200,0,0,0,0,0,
000058.SZ,000058,20251209,93242000,93900,61900,580678,2633,0,,,2303800,21798731,95500,93700,95100,94100,93900,94000,94100,94200,94300,94400,94500,94600,94700,94800,11500,31400,2000,14000,700,600,36800,10000,19500,3500,93800,93700,93600,93500,93400,93300,93200,93100,93000,92900,7000,10400,48000,10200,13600,3500,2600,4600,29600,1400,100200,91400,2605300,258900,0,0,0,0,0,
000058.SZ,000058,20251209,93245000,93900,7300,68519,2668,0,,,2311100,21867250,95500,93700,95100,94100,93900,94000,94100,94200,94300,94400,94500,94600,94700,94800,7100,33000,2000,14000,700,600,36800,10000,19500,3500,93800,93700,93600,93500,93400,93300,93200,93100,93000,92900,5600,10400,48500,10800,13600,3500,2600,4600,36600,1400,100200,91500,2602400,266100,0,0,0,0,0,
000058.SZ,000058,20251209,93248000,93800,6800,63784,2688,0,,,2317900,21931034,95500,93700,95100,94100,93800,93900,94000,94100,94200,94300,94400,94500,94600,94700,12700,6300,33000,2000,14000,700,600,36800,10000,19500,93700,93600,93500,93400,93300,93200,93100,93000,92900,92800,13900,48500,10800,13600,3500,2600,4600,36600,1400,400,100200,91400,2615300,264000,0,0,0,0,0,
000058.SZ,000058,20251209,93251000,93800,33700,315619,2704,0,,,2351600,22246653,95500,93600,95100,94100,93800,93900,94000,94100,94200,94300,94400,94500,94600,94700,25100,6300,33000,2000,14000,700,600,36800,10000,19500,93600,93500,93400,93300,93200,93100,93000,92900,92800,92700,31300,10800,13600,3500,2600,4600,36700,1400,400,1000,100200,91100,2626700,233500,0,0,0,0,0,
000058.SZ,000058,20251209,93254000,93800,13100,122868,2727,0,,,2364700,22369521,95500,93600,95100,94100,93800,93900,94000,94100,94200,94300,94400,94500,94600,94700,12400,6300,33000,2000,14000,700,600,36800,10000,19500,93700,93600,93500,93400,93300,93200,93100,93000,92900,92800,3000,30800,10800,13600,3500,2600,4600,36700,1400,400,100200,91200,2615000,237000,0,0,0,0,0,
000058.SZ,000058,20251209,93257000,93800,600,5627,2730,0,,,2365300,22375148,95500,93600,95100,94100,93800,93900,94000,94100,94200,94300,94400,94500,94600,94700,17200,6300,33000,2500,14000,700,600,36800,10000,19500,93700,93600,93500,93400,93300,93200,93100,93000,92900,92800,5000,39200,10800,13600,3500,2600,4600,36700,1400,400,100200,91300,2619900,247400,0,0,0,0,0,
000058.SZ,000058,20251209,93300000,93700,19200,180076,2757,0,,,2384500,22555224,95500,93600,95100,94100,93900,94000,94100,94200,94300,94400,94500,94600,94700,94800,6300,33000,2500,14000,700,600,36800,10000,19500,3500,93700,93600,93500,93400,93300,93200,93100,93000,92900,92800,4000,39200,12200,13600,3500,2600,4600,39700,1400,400,100200,91300,2603300,250800,0,0,0,0,0,
000058.SZ,000058,20251209,93303000,93800,100,938,2758,0,,,2384600,22556162,95500,93600,95100,94100,93800,93900,94000,94100,94200,94300,94400,94500,94600,94700,1800,6400,33000,2500,14000,700,600,36800,10000,19500,93700,93600,93500,93400,93300,93200,93100,93000,92900,92800,17600,40300,12200,13600,3500,2600,4600,39700,1400,400,100200,91400,2605200,269500,0,0,0,0,0,
000058.SZ,000058,20251209,93306000,93800,2100,19698,2768,0,,,2386700,22575860,95500,93600,95100,94100,93800,93900,94000,94100,94200,94300,94400,94500,94600,94700,300,6400,33000,3600,14000,700,600,36800,10000,19500,93700,93600,93500,93400,93300,93200,93100,93000,92900,92800,32600,40300,12200,13600,3500,2600,4600,39700,1400,400,100200,91500,2611100,284500,0,0,0,0,0,
000058.SZ,000058,20251209,93309000,93700,3700,34683,2782,0,,,2390400,22610543,95500,93600,95100,94100,93900,94000,94100,94200,94300,94400,94500,94600,94700,94800,8500,33000,3600,14000,700,600,36800,10000,19500,4500,93700,93600,93500,93400,93300,93200,93100,93000,92900,92800,36900,40300,12200,13600,3500,4100,4600,40200,1400,400,100200,91600,2617200,290800,0,0,0,0,0,
000058.SZ,000058,20251209,93312000,93800,25800,241778,2835,0,,,2416200,22852321,95500,93600,95100,94100,93900,94000,94100,94200,94300,94400,94500,94600,94700,94800,11700,33000,3600,14000,700,600,36800,10000,19500,4500,93700,93600,93500,93400,93300,93200,93100,93000,92900,92800,26800,40300,12200,13600,3500,4100,4600,40700,1400,900,100200,91500,2620900,281700,0,0,0,0,0,
000058.SZ,000058,20251209,93315000,93700,13100,122757,2847,0,,,2429300,22975078,95500,93600,95100,94100,93900,94000,94100,94200,94300,94400,94500,94600,94700,94800,11500,33000,3600,14000,700,600,36800,10000,19500,4500,93700,93600,93500,93400,93300,93200,93100,93000,92900,92800,14200,40300,13800,13600,3500,4100,4600,40700,1400,900,100200,91400,2615400,271700,0,0,0,0,0,
000058.SZ,000058,20251209,93318000,93700,6500,60906,2856,0,,,2435800,23035984,95500,93600,95100,94100,93900,94000,94100,94200,94300,94400,94500,94600,94700,94800,12300,31400,3600,14000,700,600,36800,10000,19500,4500,93700,93600,93500,93400,93300,93200,93100,93000,92900,92800,11100,41300,13900,13600,3500,4100,5600,40700,1400,900,100200,91400,2621700,270700,0,0,0,0,0,
000058.SZ,000058,20251209,93321000,93700,7500,70279,2877,0,,,2443300,23106263,95500,93600,95100,94100,93800,93900,94000,94100,94200,94300,94400,94500,94600,94700,8900,12600,31400,3600,14000,700,600,36800,10000,19500,93700,93600,93500,93400,93300,93200,93100,93000,92900,92800,7100,47300,13900,13600,3500,4100,5600,40200,1400,900,100200,91400,2633500,272200,0,0,0,0,0,
000058.SZ,000058,20251209,93324000,93700,12700,119010,2896,0,,,2456000,23225273,95500,93600,95100,94100,93700,93800,93900,94000,94100,94200,94300,94400,94500,94600,6300,10200,6200,31400,3600,14000,700,600,36800,10000,93600,93500,93400,93300,93200,93100,93000,92900,92800,92700,47300,13900,13600,3500,4100,5600,40200,1400,900,1000,100200,91400,2641100,265100,0,0,0,0,0,
000058.SZ,000058,20251209,93327000,93700,7500,70275,2902,0,,,2463500,23295548,95500,93600,95100,94100,93700,93800,93900,94000,94100,94200,94300,94400,94500,94600,1500,10200,6100,31100,3600,14000,700,600,36800,10000,93600,93500,93400,93300,93200,93100,93000,92900,92800,92700,47300,13900,13600,3500,4100,5600,40200,1400,900,1000,100200,91400,2640400,265100,0,0,0,0,0,
000058.SZ,000058,20251209,93330000,93700,3700,34669,2912,0,,,2467200,23330217,95500,93600,95100,94100,93800,93900,94000,94100,94200,94300,94400,94500,94600,94700,15800,6100,31100,3600,14000,700,600,36800,10000,19500,93700,93600,93500,93400,93300,93200,93100,93000,92900,92800,2800,56800,29200,13600,3500,4100,5600,44300,1400,900,100200,91600,2644500,296800,0,0,0,0,0,
000058.SZ,000058,20251209,93333000,93700,300,2811,2914,0,,,2467500,23333028,95500,93600,95100,94100,93800,93900,94000,94100,94200,94300,94400,94500,94600,94700,15900,6100,31100,3600,14000,700,600,36800,10000,19500,93700,93600,93500,93400,93300,93200,93100,93000,92900,92800,2600,58300,29200,13600,3500,4100,5600,44300,1400,900,100200,91600,2639800,298100,0,0,0,0,0,
000058.SZ,000058,20251209,93336000,93700,2800,26240,2918,0,,,2470300,23359268,95500,93600,95100,94100,93800,93900,94000,94100,94200,94300,94400,94500,94600,94700,15500,6100,33800,3600,14000,700,600,36800,10000,19500,93700,93600,93500,93400,93300,93200,93100,93000,92900,92800,29200,58300,29200,18600,3500,4100,5600,44500,1400,900,100200,91800,2642900,331700,0,0,0,0,0,
000058.SZ,000058,20251209,93339000,93700,15700,147109,2921,0,,,2486000,23506377,95500,93600,95100,94100,93800,93900,94000,94100,94200,94300,94400,94500,94600,94700,15500,6100,33800,3600,14000,700,600,36800,10000,19500,93700,93600,93500,93400,93300,93200,93100,93000,92900,92800,17600,57300,29200,18600,4700,4100,5600,44500,1400,900,100200,91700,2647900,320300,0,0,0,0,0,
000058.SZ,000058,20251209,93342000,93700,0,0,2921,0,,,2486000,23506377,95500,93600,95100,94100,93800,93900,94000,94100,94200,94300,94400,94500,94600,94700,15600,6100,33800,3600,14000,700,600,36800,10000,19500,93700,93600,93500,93400,93300,93200,93100,93000,92900,92800,18000,57300,29200,18600,4700,4100,5600,44500,1400,900,100200,91700,2648000,320700,0,0,0,0,0,
000058.SZ,000058,20251209,93345000,93800,8800,82539,2947,0,,,2494800,23588916,95500,93600,95100,94100,93900,94000,94100,94200,94300,94400,94500,94600,94700,94800,7600,33800,3600,14000,700,600,36800,10000,18500,4500,93800,93700,93600,93500,93400,93300,93200,93100,93000,92900,1500,19500,107300,29300,18600,4700,4100,5600,44500,1400,100300,92000,2632900,373800,0,0,0,0,0,
000058.SZ,000058,20251209,93348000,93800,300,2814,2948,0,,,2495100,23591730,95500,93600,95100,94100,93900,94000,94100,94200,94300,94400,94500,94600,94700,94800,7600,33800,3600,14000,700,600,36800,10000,18500,4500,93800,93700,93600,93500,93400,93300,93200,93100,93000,92900,1200,27300,107300,30100,18600,4700,4100,5600,44500,1400,100300,92000,2630400,379100,0,0,0,0,0,
000058.SZ,000058,20251209,93351000,93800,0,0,2948,0,,,2495100,23591730,95500,93600,95100,94100,93900,94000,94100,94200,94300,94400,94500,94600,94700,94800,7600,33800,4100,14000,700,600,36800,10000,7300,4500,93800,93700,93600,93500,93400,93300,93200,93100,93000,92900,2600,27300,106800,30800,18600,4700,4100,5600,44500,1400,100300,92000,2620700,380700,0,0,0,0,0,
000058.SZ,000058,20251209,93354000,93800,500,4690,2949,0,,,2495600,23596420,95500,93600,95100,94100,93900,94000,94100,94200,94300,94400,94500,94600,94700,94800,7600,33800,4100,14000,400,600,36800,10000,5600,4500,93800,93700,93600,93500,93400,93300,93200,93100,93000,92900,3100,29800,107300,30800,18600,4700,4800,5600,44700,1400,100300,92000,2618700,385100,0,0,0,0,0,
000058.SZ,000058,20251209,93357000,93800,1000,9380,2951,0,,,2496600,23605800,95500,93600,95100,94100,93900,94000,94100,94200,94300,94400,94500,94600,94700,94800,9200,33800,4600,14000,400,600,36800,10000,5600,4500,93800,93700,93600,93500,93400,93300,93200,93100,93000,92900,2100,30800,107300,30800,18600,4700,4800,5600,44700,3400,100300,92100,2620800,387100,0,0,0,0,0,
000058.SZ,000058,20251209,93400000,93900,6600,61974,2982,0,,,2503200,23667774,95500,93600,95100,94100,94000,94100,94200,94300,94400,94500,94600,94700,94800,94900,33400,4600,14000,400,600,36800,5000,5600,4500,13900,93900,93800,93700,93600,93500,93400,93300,93200,93100,93000,1200,25000,35600,108300,33900,18600,4700,4800,5600,43900,100300,92200,2612200,419300,0,0,0,0,0,
000058.SZ,000058,20251209,93403000,93900,1400,13159,2990,0,,,2504600,23680933,95500,93600,95100,94100,94000,94100,94200,94300,94400,94500,94600,94700,94800,94900,32200,4600,14000,400,600,36800,5000,5600,4500,13900,93900,93800,93700,93600,93500,93400,93300,93200,93100,93000,7000,25000,43200,108300,33900,18600,4700,4800,5600,43900,100300,92200,2611000,432700,0,0,0,0,0,
000058.SZ,000058,20251209,93406000,93900,0,0,2990,0,,,2504600,23680933,95500,93600,95100,94100,94000,94100,94200,94300,94400,94500,94600,94700,94800,94900,32200,4600,14000,400,600,36800,5000,5600,4500,13900,93900,93800,93700,93600,93500,93400,93300,93200,93100,93000,7200,25800,42300,109800,33900,18600,4700,4800,5600,44900,100300,92200,2611000,435300,0,0,0,0,0,
000058.SZ,000058,20251209,93409000,94100,43200,406190,3041,0,,,2547800,24087123,95500,93600,95100,94100,94200,94300,94400,94500,94600,94700,94800,94900,95000,95100,13600,400,600,36800,5000,5600,4500,13900,20300,15600,94100,94000,93900,93800,93700,93600,93500,93400,93300,93200,3500,5200,12700,27000,41800,109800,33900,18600,12300,4800,100400,92300,2574900,457800,0,0,0,0,0,
000058.SZ,000058,20251209,93412000,94100,200,1882,3042,0,,,2548000,24089005,95500,93600,95100,94100,94200,94300,94400,94500,94600,94700,94800,94900,95000,95100,13900,400,600,36800,5000,5600,4500,13900,20300,15600,94100,94000,93900,93800,93700,93600,93500,93400,93300,93200,4100,5300,12700,27000,36200,109300,33900,18600,12300,4800,100400,92300,2575200,451400,0,0,0,0,0,
000058.SZ,000058,20251209,93415000,94200,5600,52734,3052,0,,,2553600,24141739,95500,93600,95100,94100,94200,94300,94400,94500,94600,94700,94800,94900,95000,95100,14300,400,1100,36800,5000,5600,4500,13900,20300,15600,94100,94000,93900,93800,93700,93600,93500,93400,93300,93200,2800,5500,12700,27000,38300,108800,33800,18600,12300,4600,100400,92300,2576100,451600,0,0,0,0,0,
000058.SZ,000058,20251209,93418000,94200,2200,20719,3057,0,,,2555800,24162458,95500,93600,95100,94100,94200,94300,94400,94500,94600,94700,94800,94900,95000,95100,12600,400,1100,36800,5000,5600,4500,13900,20300,15600,94100,94000,93900,93800,93700,93600,93500,93400,93300,93200,2900,5600,12100,27000,40600,108800,33800,18600,12300,4600,100400,92300,2574400,453500,0,0,0,0,0,
000058.SZ,000058,20251209,93421000,94200,1100,10362,3058,0,,,2556900,24172820,95500,93600,95100,94100,94200,94300,94400,94500,94600,94700,94800,94900,95000,95100,12700,400,1100,36800,5000,5600,4500,13900,20300,15600,94100,94000,93900,93800,93700,93600,93500,93400,93300,93200,2400,5600,11000,27000,40600,110000,33800,18600,12300,4600,100400,92300,2574500,452100,0,0,0,0,0,
000058.SZ,000058,20251209,93424000,94200,8900,83804,3084,0,,,2565800,24256624,95500,93600,95100,94100,94200,94300,94400,94500,94600,94700,94800,94900,95000,95100,10100,400,1100,36800,5000,5600,4500,13900,20300,15600,94000,93900,93800,93700,93600,93500,93400,93300,93200,93100,5600,11000,27000,40600,110000,33800,18600,12100,4600,5600,100400,92300,2571900,449500,0,0,0,0,0,
000058.SZ,000058,20251209,93427000,94200,1100,10362,3087,0,,,2566900,24266986,95500,93600,95100,94100,94100,94200,94300,94400,94500,94600,94700,94800,94900,95000,5400,9600,400,1100,36800,5000,5600,4500,13900,20300,94000,93900,93800,93700,93600,93500,93400,93300,93200,93100,4600,11000,26700,40600,110000,33800,18600,12100,4600,5600,100400,92300,2579300,448500,0,0,0,0,0,
000058.SZ,000058,20251209,93430000,94100,4800,45168,3095,0,,,2571700,24312154,95500,93600,95100,94100,94100,94200,94300,94400,94500,94600,94700,94800,94900,95000,1100,9600,900,6900,36800,5000,5600,4500,13900,20300,94000,93900,93800,93700,93600,93500,93400,93300,93200,93100,2100,13000,26700,189100,110000,33800,18600,12100,4600,5600,100400,92600,2587200,596000,0,0,0,0,0,
000058.SZ,000058,20251209,93433000,94100,5700,53637,3111,0,,,2577400,24365791,95500,93600,95100,94100,94200,94300,94400,94500,94600,94700,94800,94900,95000,95100,9600,1400,6900,3500,5000,5600,4500,13900,20300,15600,94100,94000,93900,93800,93700,93600,93500,93400,93300,93200,4500,2400,7900,26700,189100,91400,33800,18600,12100,4600,100500,92600,2553300,578100,0,0,0,0,0,
000058.SZ,000058,20251209,93436000,94100,0,0,3111,0,,,2577400,24365791,95500,93600,95100,94100,94200,94300,94400,94500,94600,94700,94800,94900,95000,95100,9600,2300,6900,3500,5000,5600,4500,13900,20300,15600,94100,94000,93900,93800,93700,93600,93500,93400,93300,93200,12200,2400,7900,38100,189100,91400,34300,18600,12100,4600,100500,92700,2555700,597700,0,0,0,0,0,
000058.SZ,000058,20251209,93439000,94200,1600,15072,3115,0,,,2579000,24380863,95500,93600,95100,94100,94200,94300,94400,94500,94600,94700,94800,94900,95000,95100,8000,4300,6900,3500,5000,5600,4500,13900,20300,15600,94100,94000,93900,93800,93700,93600,93500,93400,93300,93200,14200,3400,7600,38100,186000,91400,34300,18600,12600,4600,100500,92700,2556600,597800,0,0,0,0,0,
000058.SZ,000058,20251209,93442000,94200,600,5652,3116,0,,,2579600,24386515,95500,93600,95100,94100,94200,94300,94400,94500,94600,94700,94800,94900,95000,95100,7400,4300,6900,3500,5000,5600,4500,13900,20300,15600,94100,94000,93900,93800,93700,93600,93500,93400,93300,93200,14400,3400,8600,38200,186100,91400,44300,18600,12600,4600,100500,92700,2557000,609200,0,0,0,0,0,
000058.SZ,000058,20251209,93445000,94200,7400,69708,3128,0,,,2587000,24456223,95500,93600,95100,94100,94300,94400,94500,94600,94700,94800,94900,95000,95100,95200,4300,7400,3500,5000,5600,4500,13900,20300,15600,1500,94100,94000,93900,93800,93700,93600,93500,93400,93300,93200,26500,3400,8600,38200,185000,92400,44300,18600,12600,4600,100500,92700,2553100,621200,0,0,0,0,0,
000058.SZ,000058,20251209,93448000,94200,0,0,3128,0,,,2587000,24456223,95500,93600,95100,94100,94300,94400,94500,94600,94700,94800,94900,95000,95100,95200,4900,7400,3500,5000,5600,4500,13900,20300,15600,1500,94200,94100,94000,93900,93800,93700,93600,93500,93400,93300,500,26500,4500,8600,37700,185000,92400,44300,18600,12600,100500,92700,2556300,622300,0,0,0,0,0,
000058.SZ,000058,20251209,93451000,94200,100,942,3129,0,,,2587100,24457165,95500,93600,95100,94100,94300,94400,94500,94600,94700,94800,94900,95000,95100,95200,4900,7400,4000,5000,5600,4500,13900,20300,15600,1500,94200,94100,94000,93900,93800,93700,93600,93500,93400,93300,3900,26500,4600,8600,37700,185000,92400,44300,18600,12600,100500,92700,2556800,625800,0,0,0,0,0,
000058.SZ,000058,20251209,93454000,94300,1500,14140,3135,0,,,2588600,24471305,95500,93600,95100,94100,94300,94400,94500,94600,94700,94800,94900,95000,95100,95200,4500,7400,4000,5000,5600,4500,13900,20300,15600,1500,94200,94100,94000,93900,93800,93700,93600,93500,93400,93300,3700,26500,4600,8400,37700,185000,92400,44300,18600,12600,100500,92700,2556700,626300,0,0,0,0,0,
000058.SZ,000058,20251209,93457000,94300,0,0,3135,0,,,2588600,24471305,95500,93600,95100,94100,94300,94400,94500,94600,94700,94800,94900,95000,95100,95200,4500,7400,5000,5000,5600,4500,13900,20300,15600,1500,94200,94100,94000,93900,93800,93700,93600,93500,93400,93300,9100,26500,5200,8400,37700,184000,112000,44300,18600,12600,100500,92700,2558200,650900,0,0,0,0,0,
000058.SZ,000058,20251209,93500000,94300,5100,48093,3143,0,,,2593700,24519398,95500,93600,95100,94100,94300,94400,94500,94600,94700,94800,94900,95000,95100,95200,1600,7400,5000,5000,5600,4500,13900,20300,15600,1500,94200,94100,94000,93900,93800,93700,93600,93500,93400,93300,9300,26500,5200,8400,40700,184000,112000,44300,18600,12600,100500,92800,2558000,654100,0,0,0,0,0,
000058.SZ,000058,20251209,93503000,94300,5400,50919,3153,0,,,2599100,24570317,95500,93600,95100,94100,94300,94400,94500,94600,94700,94800,94900,95000,95100,95200,3500,7400,5000,5000,5600,4500,13900,21300,15600,1500,94200,94100,94000,93900,93800,93700,93600,93500,93400,93300,17500,26500,5200,8600,40700,185000,112000,43700,18600,12600,100500,92800,2560900,662900,0,0,0,0,0,
000058.SZ,000058,20251209,93506000,94300,2300,21689,3155,0,,,2601400,24592006,95500,93600,95100,94100,94300,94400,94500,94600,94700,94800,94900,95000,95100,95200,3200,7400,5000,5000,5600,4500,13900,26300,15600,1500,94200,94100,94000,93900,93800,93700,93600,93500,93400,93300,17500,26500,5200,8600,40700,185000,112800,43700,18600,12600,100500,92800,2565600,663700,0,0,0,0,0,
000058.SZ,000058,20251209,93509000,94300,3200,30176,3161,0,,,2604600,24622182,95500,93600,95100,94100,94400,94500,94600,94700,94800,94900,95000,95100,95200,95300,7400,5000,5000,5600,4500,13900,26300,15600,1500,1600,94300,94200,94100,94000,93900,93800,93700,93600,93500,93400,2900,16700,21800,6200,8600,40700,185000,111700,43700,18600,100500,92800,2561900,661000,0,0,0,0,0,
000058.SZ,000058,20251209,93512000,94300,4400,41492,3166,0,,,2609000,24663674,95500,93600,95100,94100,94400,94500,94600,94700,94800,94900,95000,95100,95200,95300,7400,5000,5000,5600,4500,13900,26300,15600,1500,1600,94300,94200,94100,94000,93900,93800,93700,93600,93500,93400,32900,16700,21800,6200,8600,40700,187000,111700,43700,18600,100500,92800,2566700,692600,0,0,0,0,0,
000058.SZ,000058,20251209,93515000,94400,3500,33040,3172,0,,,2612500,24696714,95500,93600,95100,94100,94400,94500,94600,94700,94800,94900,95000,95100,95200,95300,10000,5000,6000,7600,4500,13900,26300,15600,1500,1600,94300,94200,94100,94000,93900,93800,93700,93600,93500,93400,34300,16400,34300,6200,8600,40700,187000,109700,43700,18600,100500,92900,2574800,704200,0,0,0,0,0,
000058.SZ,000058,20251209,93518000,94400,9700,91555,3206,0,,,2622200,24788269,95500,93600,95100,94100,94400,94500,94600,94700,94800,94900,95000,95100,95200,95300,5200,5000,6000,5700,4500,13900,26300,15600,1500,1600,94300,94200,94100,94000,93900,93800,93700,93600,93500,93400,33000,16400,34300,7000,7600,40700,187000,109700,43700,18600,100500,92900,2568100,703800,0,0,0,0,0,
000058.SZ,000058,20251209,93521000,94400,6500,61360,3241,0,,,2628700,24849629,95500,93600,95100,94100,94500,94600,94700,94800,94900,95000,95100,95200,95300,95400,5000,6500,5700,4500,13900,26300,15600,1500,1600,2900,94400,94300,94200,94100,94000,93900,93800,93700,93600,93500,36300,39100,16400,34300,7000,7600,40700,187000,109700,43700,100500,92900,2573500,740600,0,0,0,0,0,
000058.SZ,000058,20251209,93524000,94400,0,0,3241,0,,,2628700,24849629,95500,93600,95100,94100,94500,94600,94700,94800,94900,95000,95100,95200,95300,95400,3600,6500,5700,4500,13900,26300,15600,1500,1600,2900,94400,94300,94200,94100,94000,93900,93800,93700,93600,93500,38800,39100,16400,34300,6900,23600,46900,187000,109700,43700,100500,93000,2571600,765200,0,0,0,0,0,
000058.SZ,000058,20251209,93527000,94500,300,2835,3242,0,,,2629000,24852464,95500,93600,95100,94100,94500,94600,94700,94800,94900,95000,95100,95200,95300,95400,3300,6500,6200,4500,13900,26300,15600,1500,1600,2900,94400,94300,94200,94100,94000,93900,93800,93700,93600,93500,39400,38200,16400,34300,11900,23600,48900,187000,109700,43700,100500,93000,2578900,771900,0,0,0,0,0,
000058.SZ,000058,20251209,93530000,94500,1800,17004,3247,0,,,2630800,24869468,95500,93600,95100,94100,94500,94600,94700,94800,94900,95000,95100,95200,95300,95400,4300,6500,6700,4500,13900,26300,15600,1500,1600,2900,94400,94300,94200,94100,94000,93900,93800,93700,93600,93500,38300,38200,16500,34300,11900,23600,48900,188000,109700,43700,100500,93000,2580400,771100,0,0,0,0,0,
000058.SZ,000058,20251209,93533000,94500,4300,40635,3265,0,,,2635100,24910103,95500,93600,95100,94100,94500,94600,94700,94800,94900,95000,95100,95200,95300,95400,2200,6500,6700,4500,13900,26300,15600,1500,1600,2900,94400,94300,94200,94100,94000,93900,93800,93700,93600,93500,38300,38200,16500,34300,11900,23600,48900,188000,109700,43200,100500,93000,2580800,770600,0,0,0,0,0,
000058.SZ,000058,20251209,93536000,94500,3400,32130,3270,0,,,2638500,24942233,95500,93600,95100,94100,94600,94700,94800,94900,95000,95100,95200,95300,95400,95500,9100,7100,4500,15800,26300,15600,1500,1600,2900,55600,94500,94400,94300,94200,94100,94000,93900,93800,93700,93600,11800,44300,38200,16500,34300,11900,23600,48700,188000,109700,100500,93000,2587900,788200,0,0,0,0,0,
000058.SZ,000058,20251209,93539000,94500,15700,148365,3347,0,,,2654200,25090598,95500,93600,95100,94100,94500,94600,94700,94800,94900,95000,95100,95200,95300,95400,3300,9100,7100,4500,15800,26300,15600,1500,1600,2900,94400,94300,94200,94100,94000,93900,93800,93700,93600,93500,44300,35000,16500,34300,12100,23600,48700,188000,109700,45100,100500,93000,2607700,775300,0,0,0,0,0,
000058.SZ,000058,20251209,93542000,94500,1000,9450,3353,0,,,2655200,25100048,95500,93600,95100,94100,94500,94600,94700,94800,94900,95000,95100,95200,95300,95400,2400,13100,7100,4500,15800,26300,15600,1500,1600,2900,94400,94300,94200,94100,94000,93900,93800,93700,93600,93500,44300,35000,20800,34300,12100,23600,48200,188000,101700,45100,100500,93000,2629500,771100,0,0,0,0,0,
000058.SZ,000058,20251209,93545000,94500,300,2835,3356,0,,,2655500,25102883,95500,93600,95100,94100,94500,94600,94700,94800,94900,95000,95100,95200,95300,95400,5000,13600,7100,4900,15800,26300,15600,1500,1600,2900,94400,94300,94200,94100,94000,93900,93800,93700,93600,93500,44300,35000,20800,34300,12100,23600,48200,188000,101700,45600,100500,93000,2632800,771600,0,0,0,0,0,
000058.SZ,000058,20251209,93548000,94500,57700,545168,3387,0,,,2713200,25648051,95500,93600,95100,94100,94500,94600,94700,94800,94900,95000,95100,95200,95300,95400,4100,9900,7100,5400,15800,26300,15600,1500,1600,2900,94400,94300,94200,94100,94000,93900,93800,93700,93600,93500,32600,35000,20800,34300,11100,23600,48200,188000,101700,45600,100500,93000,2628700,758900,0,0,0,0,0,
000058.SZ,000058,20251209,93551000,94500,10100,95445,3411,0,,,2723300,25743496,95500,93600,95100,94100,94600,94700,94800,94900,95000,95100,95200,95300,95400,95500,9900,7100,5400,16200,25800,15600,1500,1600,2900,68300,94500,94400,94300,94200,94100,94000,93900,93800,93700,93600,102600,32600,35000,20800,34300,11100,23600,48700,183000,101700,100500,93100,2628200,857400,0,0,0,0,0,
000058.SZ,000058,20251209,93554000,94500,4000,37800,3412,0,,,2727300,25781296,95500,93600,95100,94100,94600,94700,94800,94900,95000,95100,95200,95300,95400,95500,9900,7100,6700,16200,25800,15600,1500,1600,2900,68300,94500,94400,94300,94200,94100,94000,93900,93800,93700,93600,100900,10900,35000,20800,34300,11100,23600,48700,183000,101700,100500,93100,2623000,834000,0,0,0,0,0,
000058.SZ,000058,20251209,93557000,94500,600,5670,3414,0,,,2727900,25786966,95500,93600,95100,94100,94600,94700,94800,94900,95000,95100,95200,95300,95400,95500,11000,5100,7700,16200,25800,15600,1500,1600,2900,68300,94500,94400,94300,94200,94100,94000,93900,93800,93700,93600,140100,10900,35000,20800,34300,11100,23600,48700,183000,101700,100500,93200,2623600,871400,0,0,0,0,0,
000058.SZ,000058,20251209,93600000,94500,700,6616,3416,0,,,2728600,25793582,95500,93600,95100,94100,94600,94700,94800,94900,95000,95100,95200,95300,95400,95500,11200,5100,8200,16200,26200,15600,1500,1600,2900,68300,94500,94400,94300,94200,94100,94000,93900,93800,93700,93600,139300,10800,35000,20800,34300,11100,23600,48700,183000,101700,100500,93200,2634700,869500,0,0,0,0,0,
000058.SZ,000058,20251209,93603000,94500,7200,68042,3465,0,,,2735800,25861624,95500,93600,95100,94100,94600,94700,94800,94900,95000,95100,95200,95300,95400,95500,17600,5100,8200,16200,26200,15600,1600,1600,2900,70900,94500,94400,94300,94200,94100,94000,93900,93800,93700,93600,135500,10800,5700,20800,34300,11100,23600,48700,183000,103700,100500,93100,2643900,839000,0,0,0,0,0,
000058.SZ,000058,20251209,93606000,94600,2500,23645,3469,0,,,2738300,25885269,95500,93600,95100,94100,94600,94700,94800,94900,95000,95100,95200,95300,95400,95500,30700,5100,8200,16200,26200,15600,1600,1600,2900,70900,94500,94400,94300,94200,94100,94000,93900,93800,93700,93600,142800,10800,13400,20800,34300,11100,23600,48700,183000,102200,100400,93200,2662000,852500,0,0,0,0,0,
000058.SZ,000058,20251209,93609000,94600,6700,63318,3472,0,,,2745000,25948587,95500,93600,95100,94100,94600,94700,94800,94900,95000,95100,95200,95300,95400,95500,35900,5100,8200,16200,26200,15600,1600,1600,2900,70900,94500,94400,94300,94200,94100,94000,93900,93800,93700,93600,141600,10800,13400,20800,34300,11000,23600,48700,183000,102200,100400,93200,2668200,851200,0,0,0,0,0,
000058.SZ,000058,20251209,93612000,94600,37300,352851,3519,0,,,2782300,26301438,95500,93600,95100,94100,94700,94800,94900,95000,95100,95200,95300,95400,95500,95600,5100,10200,16200,26200,15600,1600,1600,2900,70900,5500,94600,94500,94400,94300,94200,94100,94000,93900,93800,93700,16200,140800,10800,13400,20800,34300,11000,23600,48700,183000,100500,93200,2638800,875600,0,0,0,0,0,
000058.SZ,000058,20251209,93615000,94600,1300,12298,3521,0,,,2783600,26313736,95500,93600,95100,94100,94700,94800,94900,95000,95100,95200,95300,95400,95500,95600,9000,12200,16200,26200,15600,1600,1600,2900,70900,5500,94600,94500,94400,94300,94200,94100,94000,93900,93800,93700,28000,140800,10800,13400,20800,34300,11000,23600,48700,183000,100500,93200,2645900,886800,0,0,0,0,0,
000058.SZ,000058,20251209,93618000,94600,1000,9460,3522,0,,,2784600,26323196,95500,93600,95100,94100,94700,94800,94900,95000,95100,95200,95300,95400,95500,95600,9000,12700,17100,26200,15600,1600,1600,2900,70900,5500,94600,94500,94400,94300,94200,94100,94000,93900,93800,93700,27200,140800,9800,13400,7300,34300,11000,23600,47800,183000,100500,93200,2645000,870600,0,0,0,0,0,
000058.SZ,000058,20251209,93621000,94600,1000,9460,3523,0,,,2785600,26332656,95500,93600,95100,94100,94700,94800,94900,95000,95100,95200,95300,95400,95500,95600,9600,12700,17100,26200,15600,1600,1600,2900,74900,5500,94600,94500,94400,94300,94200,94100,94000,93900,93800,93700,26200,140800,5500,9200,7300,34300,10400,23600,47800,183000,100500,93200,2649600,860500,0,0,0,0,0,
000058.SZ,000058,20251209,93624000,94600,0,0,3523,0,,,2785600,26332656,95500,93600,95100,94100,94700,94800,94900,95000,95100,95200,95300,95400,95500,95600,11200,12700,15700,26200,15600,1600,1600,2900,74900,5500,94600,94500,94400,94300,94200,94100,94000,93900,93800,93700,26200,150800,5500,9200,7300,34300,10400,23600,47900,183000,100500,93200,2655200,870600,0,0,0,0,0,
000058.SZ,000058,20251209,93627000,94600,0,0,3523,0,,,2785600,26332656,95500,93600,95100,94100,94700,94800,94900,95000,95100,95200,95300,95400,95500,95600,11600,11700,16600,26200,15600,1600,1600,2900,74900,5500,94600,94500,94400,94300,94200,94100,94000,93900,93800,93700,27100,150800,5500,9200,7200,34300,10400,23600,47900,183000,100500,93200,2664100,871400,0,0,0,0,0,
000058.SZ,000058,20251209,93630000,94700,1900,17993,3525,0,,,2787500,26350649,95500,93600,95100,94100,94700,94800,94900,95000,95100,95200,95300,95400,95500,95600,10800,11700,19200,26200,15600,1600,1600,2900,74900,5500,94600,94500,94400,94300,94200,94100,94000,93900,93800,93700,27100,150900,5500,9200,7200,34800,10400,23600,47900,183000,100500,93200,2665900,872000,0,0,0,0,0,
000058.SZ,000058,20251209,93633000,94700,1100,10407,3530,0,,,2788600,26361056,95500,93600,95100,94100,94700,94800,94900,95000,95100,95200,95300,95400,95500,95600,12400,11800,19200,36200,15600,1600,1600,2900,74900,5500,94600,94500,94400,94300,94200,94100,94000,93900,93800,93700,26200,150900,5500,9200,7200,34800,10200,23600,47900,183000,100500,93200,2677600,870900,0,0,0,0,0,
000058.SZ,000058,20251209,93636000,94600,30400,287624,3550,0,,,2819000,26648680,95500,93600,95100,94100,94600,94700,94800,94900,95000,95100,95200,95300,95400,95500,400,18100,21300,18700,36200,15600,1600,1600,2900,74900,94500,94400,94300,94200,94100,94000,93900,93800,93700,93600,148800,600,9200,7200,34800,10200,23600,47900,183000,102200,100400,93100,2692700,842700,0,0,0,0,0,
000058.SZ,000058,20251209,93639000,94600,3500,33110,3563,0,,,2822500,26681790,95500,93600,95100,94100,94600,94700,94800,94900,95000,95100,95200,95300,95400,95500,14700,19100,21300,18700,36200,15600,2600,1600,2900,74900,94500,94400,94300,94200,94100,94000,93900,93800,93700,93600,142800,600,9200,7400,34800,10200,23600,47900,183400,102200,100400,93100,2709000,837300,0,0,0,0,0,
000058.SZ,000058,20251209,93642000,94600,1200,11341,3566,0,,,2823700,26693131,95500,93600,95100,94100,94600,94700,94800,94900,95000,95100,95200,95300,95400,95500,15000,19600,21300,18200,35700,15600,2600,1600,2900,74900,94500,94400,94300,94200,94100,94000,93900,93800,93700,93600,138500,600,9200,7400,34800,10200,23600,47900,183400,102200,100400,93100,2711300,828200,0,0,0,0,0,
000058.SZ,000058,20251209,93645000,94400,153800,1453387,3660,0,,,2977500,28146518,95500,93600,95100,94100,94400,94500,94600,94700,94800,94900,95000,95100,95200,95300,100,137700,2400,12900,20800,48200,35200,15600,2600,1600,94300,94200,94100,94000,93900,93800,93700,93600,93500,93400,9700,7400,34800,10200,23600,47400,183400,106600,44800,29400,100100,92800,2860900,693500,0,0,0,0,0,
000058.SZ,000058,20251209,93648000,94400,900,8494,3664,0,,,2978400,28155012,95500,93600,95100,94100,94400,94500,94600,94700,94800,94900,95000,95100,95200,95300,700,118600,35900,12900,18800,48200,36300,15600,2600,1600,94300,94200,94100,94000,93900,93800,93700,93600,93500,93400,9500,7400,34800,10200,23600,47400,183400,106600,44800,29400,100100,92800,2877000,693300,0,0,0,0,0,
000058.SZ,000058,20251209,93651000,94400,196200,1854833,3849,0,,,3174600,30009845,95500,93600,95100,94100,94600,94700,94800,94900,95000,95100,95200,95300,95400,95500,8700,15900,18800,48200,36300,17500,2600,1600,24400,75400,94400,94300,94200,94100,94000,93900,93800,93700,93600,93500,3500,9400,7400,35700,10300,23600,47400,183400,106600,44800,100300,92800,2768400,697700,0,0,0,0,0,
000058.SZ,000058,20251209,93654000,94600,11500,108790,3861,0,,,3186100,30118635,95500,93600,95100,94100,94700,94800,94900,95000,95100,95200,95300,95400,95500,95600,12900,19400,48200,36300,17500,3600,21600,24400,75400,7100,94600,94400,94300,94200,94100,94000,93900,93800,93700,93600,3300,10800,9400,7400,21200,9800,23600,47400,183400,105600,100300,92800,2780300,692300,0,0,0,0,0,
000058.SZ,000058,20251209,93657000,94600,0,0,3861,0,,,3186100,30118635,95500,93600,95100,94100,94700,94800,94900,95000,95100,95200,95300,95400,95500,95600,12900,19400,49700,46300,17500,3600,21600,24400,75400,7100,94600,94500,94400,94300,94200,94100,94000,93900,93800,93700,4500,400,31000,11400,7900,21200,9800,23600,47900,183400,100300,92900,2795800,717100,0,0,0,0,0,
000058.SZ,000058,20251209,93700000,94600,10000,94600,3867,0,,,3196100,30213235,95500,93600,95100,94100,94700,94800,94900,95000,95100,95200,95300,95400,95500,95600,12900,19400,49700,47200,17500,3600,23600,24400,75400,7100,94600,94500,94400,94300,94200,94100,94000,93900,93800,93700,2300,12100,31000,11400,11900,21200,9800,23600,47900,183400,100300,92900,2797900,730600,0,0,0,0,0,
000058.SZ,000058,20251209,93703000,94600,2600,24596,3869,0,,,3198700,30237831,95500,93600,95100,94100,94600,94700,94800,94900,95000,95100,95200,95300,95400,95500,2600,14600,19400,49700,47200,17500,3600,23600,24400,75400,94500,94400,94300,94200,94100,94000,93900,93800,93700,93600,4200,31000,11400,11900,21200,9800,23600,47900,183400,105600,100200,92900,2822200,720400,0,0,0,0,0,
000058.SZ,000058,20251209,93706000,94600,2000,18920,3873,0,,,3200700,30256751,95500,93600,95100,94100,94600,94700,94800,94900,95000,95100,95200,95300,95400,95500,4500,24600,19400,39100,47200,17500,3600,23600,24400,75400,94500,94400,94300,94200,94100,94000,93900,93800,93700,93600,200,31000,11400,11900,21200,9800,23600,47900,183400,105600,100200,92900,2834100,716400,0,0,0,0,0,
000058.SZ,000058,20251209,93709000,94600,120300,1139699,3973,0,,,3321000,31396450,95500,93600,95100,94100,94700,94800,94900,95000,95100,95200,95300,95400,95500,95600,57600,11900,39100,47200,17500,3600,23600,24400,75400,7100,94600,94500,94400,94300,94200,94100,94000,93900,93800,93700,6600,4200,30000,11400,15100,21200,8600,23600,47900,183400,100300,92900,2909200,712700,0,0,0,0,0,
000058.SZ,000058,20251209,93712000,94600,6400,60544,3981,0,,,3327400,31456994,95500,93600,95100,94100,94600,94700,94800,94900,95000,95100,95200,95300,95400,95500,38300,68700,6600,39100,48300,17500,3600,23600,24400,75400,94500,94400,94300,94200,94100,94000,93900,93800,93700,93600,5200,30000,11400,15100,21200,8600,23600,47900,183400,95600,100200,92900,2954400,697100,0,0,0,0,0,
000058.SZ,000058,20251209,93715000,94500,1500,14179,3986,0,,,3328900,31471173,95500,93600,95100,94100,94500,94600,94700,94800,94900,95000,95100,95200,95300,95400,600,43500,65300,6600,40100,50300,17500,3600,23600,24400,94400,94300,94200,94100,94000,93900,93800,93700,93600,93500,35000,11400,15100,21200,8600,23600,47900,183400,95600,29500,100200,92900,2960300,695200,0,0,0,0,0,
000058.SZ,000058,20251209,93718000,94500,500,4725,3990,0,,,3329400,31475898,95500,93600,95100,94100,94500,94600,94700,94800,94900,95000,95100,95200,95300,95400,88300,43500,65300,7100,40100,50300,17500,3600,23600,24400,94400,94300,94200,94100,94000,93900,93800,93700,93600,93500,34700,11400,15100,21200,8600,23600,47900,183400,95600,29500,100000,92900,3048500,694300,0,0,0,0,0,
000058.SZ,000058,20251209,93721000,94400,9900,93488,4008,0,,,3339300,31569386,95500,93600,95100,94100,94500,94600,94700,94800,94900,95000,95100,95200,95300,95400,85100,43500,65400,7100,40100,50300,17500,3600,23600,24400,94400,94300,94200,94100,94000,93900,93800,93700,93600,93500,53000,11400,15100,21200,8600,23600,47900,183400,95600,29500,100000,92900,3050000,712600,0,0,0,0,0,
000058.SZ,000058,20251209,93724000,94400,5500,51920,4014,0,,,3344800,31621306,95500,93600,95100,94100,94500,94600,94700,94800,94900,95000,95100,95200,95300,95400,85700,43300,65400,7100,40100,50300,17500,3600,21600,24400,94400,94300,94200,94100,94000,93900,93800,93700,93600,93500,47500,13300,15100,21200,8600,23600,47900,183400,95600,29500,100000,92900,3048400,709600,0,0,0,0,0,
000058.SZ,000058,20251209,93727000,94500,26000,245700,4017,0,,,3370800,31867006,95500,93600,95100,94100,94500,94600,94700,94800,94900,95000,95100,95200,95300,95400,59700,43300,65900,7100,40100,50300,17500,3600,21600,24400,94400,94300,94200,94100,94000,93900,93800,93700,93600,93500,47500,46300,15100,21200,8600,23600,47900,187400,95600,29500,100100,93000,3022900,746600,0,0,0,0,0,
000058.SZ,000058,20251209,93730000,94400,4200,39680,4023,0,,,3375000,31906686,95500,93600,95100,94100,94500,94600,94700,94800,94900,95000,95100,95200,95300,95400,56600,43300,65900,58100,40100,50300,17500,3600,21600,24400,94400,94300,94200,94100,94000,93900,93800,93700,93600,93500,46500,46300,15100,21200,8600,23600,48400,187400,95600,29500,100000,93000,3082900,746100,0,0,0,0,0,
000058.SZ,000058,20251209,93733000,94500,700,6614,4025,0,,,3375700,31913300,95500,93600,95100,94100,94500,94600,94700,94800,94900,95000,95100,95200,95300,95400,62000,43300,65900,58100,40100,50300,17500,3600,21600,24400,94400,94300,94200,94100,94000,93900,93800,93700,93600,93500,46400,46300,15100,21200,9300,24100,48900,187400,95600,29500,100000,93000,3088300,747700,0,0,0,0,0,
000058.SZ,000058,20251209,93736000,94400,4400,41536,4027,0,,,3380100,31954836,95500,93600,95100,94100,94500,94600,94700,94800,94900,95000,95100,95200,95300,95400,63300,43300,65900,58100,40100,50300,17500,3600,21600,24400,94400,94300,94200,94100,94000,93900,93800,93700,93600,93500,50500,46300,15100,21200,10100,24100,48900,187400,95600,29500,100000,93000,3090300,752600,0,0,0,0,0,
000058.SZ,000058,20251209,93739000,94400,3300,31176,4030,0,,,3383400,31986012,95500,93600,95100,94100,94500,94600,94700,94800,94900,95000,95100,95200,95300,95400,105000,43300,65900,58100,40100,50300,17500,3600,21600,24400,94400,94300,94200,94100,94000,93900,93800,93700,93600,93500,49700,15900,15100,21200,10100,24100,48900,187400,95600,29500,99900,92900,3132000,721400,0,0,0,0,0,
000058.SZ,000058,20251209,93742000,94500,113400,1071592,4070,0,,,3496800,33057604,95500,93600,95100,94100,94500,94600,94700,94800,94900,95000,95100,95200,95300,95400,6820,43300,63700,58100,40100,50300,17500,3600,21600,24400,94400,94300,94200,94100,94000,93900,93800,93700,93600,93500,48900,15900,15100,21200,10100,24100,48900,187400,95600,29500,100100,92900,3031620,719900,0,0,0,0,0,
000058.SZ,000058,20251209,93745000,94500,20320,192156,4085,0,,,3517120,33249760,95500,93600,95100,94100,94600,94700,94800,94900,95000,95100,95200,95300,95400,95500,31600,63700,58100,38100,50300,17500,3600,21600,24400,77000,94500,94400,94300,94200,94100,94000,93900,93800,93700,93600,10200,83000,15900,15100,21200,10100,24100,48900,187400,95600,100200,93000,3076602,764200,0,0,0,0,0,
000058.SZ,000058,20251209,93748000,94600,3500,33110,4091,0,,,3520620,33282870,95500,93600,95100,94100,94600,94700,94800,94900,95000,95100,95200,95300,95400,95500,28100,63700,58100,38100,50300,17500,3600,21600,24400,77000,94500,94400,94300,94200,94100,94000,93900,93800,93700,93600,22500,84700,17400,15100,21200,10100,24100,48900,187400,95600,100200,93000,3073102,779700,0,0,0,0,0,
000058.SZ,000058,20251209,93751000,94600,28400,268662,4118,0,,,3549020,33551532,95500,93600,95100,94100,94700,94800,94900,95000,95100,95200,95300,95400,95500,95600,64000,64300,38600,50300,17500,3600,21600,24400,77000,7700,94600,94500,94400,94300,94200,94100,94000,93900,93800,93700,1200,29200,84700,17400,15100,21200,10100,24100,48900,187400,100200,93000,3052802,786600,0,0,0,0,0,
000058.SZ,000058,20251209,93754000,94600,0,0,4118,0,,,3549020,33551532,95500,93600,95100,94100,94700,94800,94900,95000,95100,95200,95300,95400,95500,95600,64000,64300,38600,50800,17500,3600,21600,24400,77000,7700,94600,94500,94400,94300,94200,94100,94000,93900,93800,93700,3000,42000,84600,15500,15100,21200,10100,24100,48900,187400,100200,93100,3055602,799200,0,0,0,0,0,
000058.SZ,000058,20251209,93757000,94700,100,947,4119,0,,,3549120,33552479,95500,93600,95100,94100,94700,94800,94900,95000,95100,95200,95300,95400,95500,95600,63900,64300,38600,51800,17500,3600,21600,24400,77000,7700,94600,94500,94400,94300,94200,94100,94000,93900,93800,93700,11600,42100,51600,15500,14100,21200,10100,24100,49400,187400,100200,93000,3059302,774400,0,0,0,0,0,
000058.SZ,000058,20251209,93800000,94700,35500,336184,4124,0,,,3584620,33888663,95500,93600,95100,94100,94700,94800,94900,95000,95100,95200,95300,95400,95500,95600,38500,62600,38600,52300,17500,3600,21600,24400,77000,7700,94600,94500,94400,94300,94200,94100,94000,93900,93800,93700,11500,42800,51600,15500,14100,21200,10100,24100,49400,185400,100300,93000,3032702,773000,0,0,0,0,0,
000058.SZ,000058,20251209,93803000,94700,1700,16089,4127,0,,,3586320,33904752,95500,93600,95100,94100,94700,94800,94900,95000,95100,95200,95300,95400,95500,95600,45200,62600,38600,53300,17500,3600,21600,24400,77000,7700,94600,94500,94400,94300,94200,94100,94000,93900,93800,93700,10500,42800,51600,15500,14100,21200,11100,24100,49400,186200,100300,93000,3045402,773800,0,0,0,0,0,
000058.SZ,000058,20251209,93806000,94700,1300,12311,4128,0,,,3587620,33917063,95500,93600,95100,94100,94700,94800,94900,95000,95100,95200,95300,95400,95500,95600,44000,62600,38600,53300,17500,3600,21600,24400,77000,10400,94600,94500,94400,94300,94200,94100,94000,93900,93800,93700,11000,42800,51600,15500,14100,21200,11100,24100,49400,186200,100300,93000,3046902,774300,0,0,0,0,0,
000058.SZ,000058,20251209,93809000,94700,14500,137200,4171,0,,,3602120,34054263,95500,93600,95100,94100,94600,94700,94800,94900,95000,95100,95200,95300,95400,95500,2600,54400,62600,38600,53300,17500,3600,21600,24400,77000,94500,94400,94300,94200,94100,94000,93900,93800,93700,93600,42800,51600,15500,13900,21200,11100,24100,49400,186200,95600,100200,93000,3060102,763100,0,0,0,0,0,
000058.SZ,000058,20251209,93812000,94600,7400,70002,4188,0,,,3609520,34124265,95500,93600,95100,94100,94700,94800,94900,95000,95100,95200,95300,95400,95500,95600,46200,62600,38600,54800,17500,3600,21600,24400,77000,10400,94600,94500,94400,94300,94200,94100,94000,93900,93800,93700,4400,42700,51600,16500,13900,21200,11100,24100,49400,186200,100300,93000,3050802,768400,0,0,0,0,0,
000058.SZ,000058,20251209,93815000,94600,12500,118250,4217,0,,,3622020,34242515,95500,93600,95100,94100,94600,94700,94800,94900,95000,95100,95200,95300,95400,95500,3500,68700,63600,38800,55400,17500,3600,21600,24400,77000,94500,94400,94300,94200,94100,94000,93900,93800,93700,93600,42700,51600,15000,13900,21200,11100,24100,49800,186200,95600,100200,93000,3079502,762900,0,0,0,0,0,
000058.SZ,000058,20251209,93818000,94600,700,6622,4220,0,,,3622720,34249137,95500,93600,95100,94100,94600,94700,94800,94900,95000,95100,95200,95300,95400,95500,6500,67100,63600,38800,55400,7800,3600,21600,24400,77000,94500,94400,94300,94200,94100,94000,93900,93800,93700,93600,52600,44300,15000,13900,21200,10100,24100,49300,186200,95600,100200,93000,3073702,764000,0,0,0,0,0,
000058.SZ,000058,20251209,93821000,94500,65800,621810,4256,0,,,3688520,34870947,95500,93600,95100,94100,94500,94600,94700,94800,94900,95000,95100,95200,95300,95400,7200,12000,66500,63600,38800,55400,7800,3600,21600,24400,94400,94300,94200,94100,94000,93900,93800,93700,93600,93500,42600,15000,14400,21200,10100,24100,49300,186200,95600,28500,100200,92900,3086502,710200,0,0,0,0,0,
000058.SZ,000058,20251209,93824000,94400,8400,79307,4282,0,,,3696920,34950254,95500,93600,95100,94100,94500,94600,94700,94800,94900,95000,95100,95200,95300,95400,21900,23100,62300,63600,38800,55400,7800,3600,21600,24400,94400,94300,94200,94100,94000,93900,93800,93700,93600,93500,35300,15000,14400,21200,10100,24100,49300,186200,95600,28500,100200,92900,3107902,702900,0,0,0,0,0,
000058.SZ,000058,20251209,93827000,94400,3500,33040,4290,0,,,3700420,34983294,95500,93600,95100,94100,94500,94600,94700,94800,94900,95000,95100,95200,95300,95400,24700,23200,62800,63600,38800,55700,7800,3600,21600,24400,94400,94300,94200,94100,94000,93900,93800,93700,93600,93500,31800,15000,14400,21200,10100,24100,49300,186200,95600,28500,100100,92900,3113602,699400,0,0,0,0,0,
000058.SZ,000058,20251209,93830000,94400,34600,326616,4342,0,,,3735020,35309910,95500,93600,95100,94100,94400,94500,94600,94700,94800,94900,95000,95100,95200,95300,5900,19200,22200,51600,63600,38800,55700,7800,3600,21600,94300,94200,94100,94000,93900,93800,93700,93600,93500,93400,14200,14400,22200,10100,24100,49300,186200,95600,28500,29400,100200,92800,3098502,667800,0,0,0,0,0,
000058.SZ,000058,20251209,93833000,94300,10000,94375,4359,0,,,3745020,35404285,95500,93600,95100,94100,94400,94500,94600,94700,94800,94900,95000,95100,95200,95300,9100,17600,32800,51600,63600,38800,55700,7800,3600,26600,94300,94200,94100,94000,93900,93800,93700,93600,93500,93400,10900,14400,22200,10100,24100,49500,186200,95600,28500,29400,100100,92800,3127402,664700,0,0,0,0,0,
000058.SZ,000058,20251209,93836000,94300,12600,118835,4391,0,,,3757620,35523120,95500,93600,95100,94100,94300,94400,94500,94600,94700,94800,94900,95000,95100,95200,1900,19700,15200,32700,51000,63600,38800,55700,7800,3600,94200,94100,94000,93900,93800,93700,93600,93500,93400,93300,14600,22200,10100,24100,49500,186200,95600,28500,29400,6500,100100,92800,3136802,654000,0,0,0,0,0,
000058.SZ,000058,20251209,93839000,94300,5000,47155,4420,0,,,3762620,35570275,95500,93600,95100,94100,94400,94500,94600,94700,94800,94900,95000,95100,95200,95300,22800,11800,32700,51000,63600,38800,55700,7800,3600,26600,94300,94200,94100,94000,93900,93800,93700,93600,93500,93400,500,14600,22200,10600,24100,49500,186200,95600,28500,29400,100100,92800,3137102,655000,0,0,0,0,0,
000058.SZ,000058,20251209,93842000,94300,300,2829,4422,0,,,3762920,35573104,95500,93600,95100,94100,94400,94500,94600,94700,94800,94900,95000,95100,95200,95300,23300,11800,32700,51000,64600,38800,55700,7800,3600,26600,94300,94200,94100,94000,93900,93800,93700,93600,93500,93400,200,14600,23300,11600,24100,49500,186200,95600,28500,29400,100100,92800,3138902,656800,0,0,0,0,0,
000058.SZ,000058,20251209,93845000,94300,300,2829,4424,0,,,3763220,35575933,95500,93600,95100,94100,94300,94400,94500,94600,94700,94800,94900,95000,95100,95200,1400,23300,11800,32700,51000,64600,38800,55700,7800,3600,94200,94100,94000,93900,93800,93700,93600,93500,93400,93300,14600,23300,11600,25100,49500,186200,95600,28500,29400,6500,100100,92800,3142302,657600,0,0,0,0,0,
000058.SZ,000058,20251209,93848000,94400,11200,105704,4455,0,,,3774420,35681637,95500,93600,95100,94100,94400,94500,94600,94700,94800,94900,95000,95100,95200,95300,14000,11800,32700,51000,64600,38800,55700,7800,3600,26600,94300,94200,94100,94000,93900,93800,93700,93600,93500,93400,500,13700,23300,11600,25100,49500,186200,95600,28500,29400,100100,92800,3133702,657200,0,0,0,0,0,
000058.SZ,000058,20251209,93851000,94300,100,943,4456,0,,,3774520,35682580,95500,93600,95100,94100,94400,94500,94600,94700,94800,94900,95000,95100,95200,95300,14000,11800,30900,51000,64600,38800,55700,7800,3600,26600,94300,94200,94100,94000,93900,93800,93700,93600,93500,93400,4200,13700,26300,12500,25100,49500,186200,95600,27900,29400,100100,92800,3132402,664200,0,0,0,0,0,
000058.SZ,000058,20251209,93854000,94400,1200,11323,4459,0,,,3775720,35693903,95500,93600,95100,94100,94400,94500,94600,94700,94800,94900,95000,95100,95200,95300,13400,11800,18600,51300,64600,38800,55700,7800,3600,26600,94300,94200,94100,94000,93900,93800,93700,93600,93500,93400,3700,13700,26300,12500,25100,49500,186200,95600,27900,29400,100200,92800,3120202,663700,0,0,0,0,0,
000058.SZ,000058,20251209,93857000,94300,1000,9430,4463,0,,,3776720,35703333,95500,93600,95100,94100,94400,94500,94600,94700,94800,94900,95000,95100,95200,95300,13400,11800,18600,51300,64600,38800,55700,7800,3600,26600,94300,94200,94100,94000,93900,93800,93700,93600,93500,93400,13700,13700,26300,12500,25100,49500,186200,95600,27900,29400,100200,92800,3120502,673700,0,0,0,0,0,
000058.SZ,000058,20251209,93900000,94400,600,5664,4464,0,,,3777320,35708997,95500,93600,95100,94100,94400,94500,94600,94700,94800,94900,95000,95100,95200,95300,13000,12300,18600,51300,64600,38800,55700,7800,3600,26600,94300,94200,94100,94000,93900,93800,93700,93600,93500,93400,14700,14200,26300,12500,25100,49400,186200,95600,27900,29400,100200,92800,3120602,675100,0,0,0,0,0,
000058.SZ,000058,20251209,93903000,94300,3500,33021,4467,0,,,3780820,35742018,95500,93600,95100,94100,94400,94500,94600,94700,94800,94900,95000,95100,95200,95300,16100,12300,18600,51300,64600,38800,55700,7800,3600,26600,94300,94200,94100,94000,93900,93800,93700,93600,93500,93400,13800,14200,26300,13400,25100,49400,186200,95600,27900,29400,100200,92800,3146002,675100,0,0,0,0,0,
000058.SZ,000058,20251209,93906000,94400,19700,185943,4510,0,,,3800520,35927961,95500,93600,95100,94100,94400,94500,94600,94700,94800,94900,95000,95100,95200,95300,1100,12300,18600,39700,64600,38800,55700,7800,3600,26600,94300,94200,94100,94000,93900,93800,93700,93600,93500,93400,11800,14200,26300,13400,25100,49400,186200,95600,27900,29400,100200,92800,3119402,673100,0,0,0,0,0,
000058.SZ,000058,20251209,93909000,94400,900,8491,4513,0,,,3801420,35936452,95500,93600,95100,94100,94400,94500,94600,94700,94800,94900,95000,95100,95200,95300,1700,12300,18600,39700,66600,38800,55700,7800,3600,26600,94300,94200,94100,94000,93900,93800,93700,93600,93500,93400,54600,14200,26300,13400,25100,50400,186200,95600,27900,29400,100200,92900,3122002,716900,0,0,0,0,0,
000058.SZ,000058,20251209,93912000,94400,400,3776,4515,0,,,3801820,35940228,95500,93600,95100,94100,94400,94500,94600,94700,94800,94900,95000,95100,95200,95300,1300,12300,18600,39700,66600,38800,55700,7800,3600,26600,94300,94200,94100,94000,93900,93800,93700,93600,93500,93400,55600,17400,26300,13400,25100,50400,186200,95600,27900,29400,100200,92900,3121602,721100,0,0,0,0,0,
000058.SZ,000058,20251209,93915000,94400,500,4720,4517,0,,,3802320,35944948,95500,93600,95100,94100,94400,94500,94600,94700,94800,94900,95000,95100,95200,95300,800,12800,18600,39700,66600,38800,55700,7800,3600,26600,94300,94200,94100,94000,93900,93800,93700,93600,93500,93400,55100,17400,26300,13400,25100,50400,186200,95600,27900,29400,100200,92900,3121102,720600,0,0,0,0,0,
000058.SZ,000058,20251209,93918000,94300,4600,43383,4529,0,,,3806920,35988331,95500,93600,95100,94100,94400,94500,94600,94700,94800,94900,95000,95100,95200,95300,4000,12800,18600,39700,66600,38800,55700,7800,3600,26600,94300,94200,94100,94000,93900,93800,93700,93600,93500,93400,51000,17400,26300,13400,27100,50400,186200,95600,27900,29400,100200,92900,3127302,718500,0,0,0,0,0,
000058.SZ,000058,20251209,93921000,94300,2600,24518,4545,0,,,3809520,36012849,95500,93600,95100,94100,94400,94500,94600,94700,94800,94900,95000,95100,95200,95300,9000,12200,18600,39700,66600,18800,55700,7800,3600,26600,94300,94200,94100,94000,93900,93800,93700,93600,93500,93400,48400,17400,26300,13400,27100,50400,186200,95600,28900,29400,100300,92900,3118702,716900,0,0,0,0,0,
000058.SZ,000058,20251209,93924000,94300,29600,279128,4607,0,,,3839120,36291977,95500,93600,95100,94100,94400,94500,94600,94700,94800,94900,95000,95100,95200,95300,19200,12200,18500,39700,66600,18800,55700,7800,3600,26600,94300,94200,94100,94000,93900,93800,93700,93600,93500,93400,18800,26800,26300,13400,27100,50400,186200,95600,28900,29400,100200,92900,3129602,696700,0,0,0,0,0,
000058.SZ,000058,20251209,93927000,94300,22000,207451,4647,0,,,3861120,36499428,95500,93600,95100,94100,94300,94400,94500,94600,94700,94800,94900,95000,95100,95200,5100,19200,12200,18500,39700,66600,18800,55700,7800,3600,94200,94100,94000,93900,93800,93700,93600,93500,93400,93300,25900,37100,13700,27100,50400,186200,95600,28900,29400,6500,100200,92800,3138102,688100,0,0,0,0,0,
000058.SZ,000058,20251209,93933000,94300,0,0,4647,0,,,3861120,36499428,95500,93600,95100,94100,94300,94400,94500,94600,94700,94800,94900,95000,95100,95200,5300,21000,12200,18500,41300,66600,18800,55700,7800,3600,94200,94100,94000,93900,93800,93700,93600,93500,93400,93300,25900,37100,13700,27100,50400,186200,95600,28900,29400,6500,100200,92800,3141702,689100,0,0,0,0,0,
000058.SZ,000058,20251209,93936000,94300,0,0,4647,0,,,3861120,36499428,95500,93600,95100,94100,94300,94400,94500,94600,94700,94800,94900,95000,95100,95200,7400,21000,12200,18500,41300,66600,18800,55700,7800,3600,94200,94100,94000,93900,93800,93700,93600,93500,93400,93300,27400,37100,14500,27100,50700,186200,95600,28900,29400,6500,100200,92800,3142202,691700,0,0,0,0,0,
000058.SZ,000058,20251209,93939000,94300,5400,50922,4657,0,,,3866520,36550350,95500,93600,95100,94100,94300,94400,94500,94600,94700,94800,94900,95000,95100,95200,5500,20100,12200,16800,41300,66600,18800,55700,7800,3600,94200,94100,94000,93900,93800,93700,93600,93500,93400,93300,27400,37100,14500,27100,50700,186200,95600,28900,29400,6500,100200,92800,3139702,691700,0,0,0,0,0,
000058.SZ,000058,20251209,93942000,94300,0,0,4657,0,,,3866520,36550350,95500,93600,95100,94100,94300,94400,94500,94600,94700,94800,94900,95000,95100,95200,6400,18700,12200,16800,41300,66600,18800,55700,7800,3600,94200,94100,94000,93900,93800,93700,93600,93500,93400,93300,27400,37100,14500,27100,50700,186200,95600,28900,29400,6500,100200,92800,3139202,691700,0,0,0,0,0,
000058.SZ,000058,20251209,93945000,94300,1200,11310,4662,0,,,3867720,36561660,95500,93600,95100,94100,94300,94400,94500,94600,94700,94800,94900,95000,95100,95200,6000,18700,13800,16800,41300,66600,18800,55700,7800,3600,94200,94100,94000,93900,93800,93700,93600,93500,93400,93300,25300,37100,14500,29100,50700,186200,95600,28900,29400,6500,100200,92800,3140402,691600,0,0,0,0,0,
000058.SZ,000058,20251209,93948000,94300,0,0,4662,0,,,3867720,36561660,95500,93600,95100,94100,94300,94400,94500,94600,94700,94800,94900,95000,95100,95200,6000,18700,13800,16800,41300,66600,18800,55700,7800,3600,94200,94100,94000,93900,93800,93700,93600,93500,93400,93300,25300,37100,14500,29100,50700,186200,95600,28900,29400,6500,100200,92800,3140702,691600,0,0,0,0,0,
000058.SZ,000058,20251209,93951000,94300,7300,68826,4674,0,,,3875020,36630486,95500,93600,95100,94100,94400,94500,94600,94700,94800,94900,95000,95100,95200,95300,18700,13800,16800,41300,66600,9100,55700,7800,3600,26600,94300,94200,94100,94000,93900,93800,93700,93600,93500,93400,25000,24000,37100,14800,29100,50700,186200,91200,28900,29400,100300,92900,3123002,711200,0,0,0,0,0,
000058.SZ,000058,20251209,93954000,94200,28000,264010,4689,0,,,3903020,36894496,95500,93600,95100,94100,94300,94400,94500,94600,94700,94800,94900,95000,95100,95200,15500,20200,11300,16800,41300,66600,9100,55700,7800,3600,94200,94100,94000,93900,93800,93700,93600,93500,93400,93300,23000,37100,14800,29100,50700,186200,91200,28900,29400,6500,100200,92800,3137502,685200,0,0,0,0,0,
000058.SZ,000058,20251209,93957000,94300,2000,18860,4696,0,,,3905020,36913356,95500,93600,95100,94100,94300,94400,94500,94600,94700,94800,94900,95000,95100,95200,13700,19600,11300,16800,41300,66600,9100,55700,7800,3600,94200,94100,94000,93900,93800,93700,93600,93500,93400,93300,23000,37100,14800,29100,50700,186200,91200,28900,29400,6500,100200,92800,3135102,685200,0,0,0,0,0,
000058.SZ,000058,20251209,94000000,94200,800,7536,4698,0,,,3905820,36920892,95500,93600,95100,94100,94300,94400,94500,94600,94700,94800,94900,95000,95100,95200,14300,19600,11300,16800,41300,66600,9100,55700,7800,3600,94200,94100,94000,93900,93800,93700,93600,93500,93400,93300,22200,37100,15600,29100,50700,186200,91200,28900,29400,6500,100200,92800,3136202,685200,0,0,0,0,0,
000058.SZ,000058,20251209,94003000,94200,15600,146952,4705,0,,,3921420,37067844,95500,93600,95100,94100,94300,94400,94500,94600,94700,94800,94900,95000,95100,95200,14300,20100,11300,16800,41300,66600,9100,55700,7800,3600,94200,94100,94000,93900,93800,93700,93600,93500,93400,93300,8300,37100,15600,29100,50700,186200,91200,28900,29400,6500,100200,92800,3144702,671300,0,0,0,0,0,
000058.SZ,000058,20251209,94006000,94200,9600,90432,4712,0,,,3931020,37158276,95500,93600,95100,94100,94200,94300,94400,94500,94600,94700,94800,94900,95000,95100,12100,14400,19900,11300,16800,41300,66600,9100,55700,7800,94100,94000,93900,93800,93700,93600,93500,93400,93300,93200,37100,15600,40000,50700,186400,91200,28900,29400,6500,3900,100200,92800,3159702,676100,0,0,0,0,0,
000058.SZ,000058,20251209,94009000,94200,3500,32970,4713,0,,,3934520,37191246,95500,93600,95100,94100,94200,94300,94400,94500,94600,94700,94800,94900,95000,95100,5500,14200,19200,11300,16800,41300,66600,9100,55700,7800,94100,94000,93900,93800,93700,93600,93500,93400,93300,93200,37100,15600,40000,50700,186400,91200,28900,29400,6500,3900,100200,92800,3152202,676100,0,0,0,0,0,
000058.SZ,000058,20251209,94012000,94100,4000,37640,4715,0,,,3938520,37228886,95500,93600,95100,94100,94200,94300,94400,94500,94600,94700,94800,94900,95000,95100,5700,14200,19200,11300,16800,41300,66600,9100,55700,7800,94100,94000,93900,93800,93700,93600,93500,93400,93300,93200,33100,15600,40000,50500,186400,91200,29900,29400,6500,3900,100200,92800,3146602,672900,0,0,0,0,0,
000058.SZ,000058,20251209,94015000,94200,1400,13188,4716,0,,,3939920,37242074,95500,93600,95100,94100,94200,94300,94400,94500,94600,94700,94800,94900,95000,95100,4300,13200,19200,11300,16800,41300,66600,9100,55700,7800,94100,94000,93900,93800,93700,93600,93500,93400,93300,93200,33100,15600,40000,50500,186400,90200,29900,29400,6500,3900,100200,92800,3144202,671900,0,0,0,0,0,
000058.SZ,000058,20251209,94018000,94100,5300,49873,4720,0,,,3945220,37291947,95500,93600,95100,94100,94200,94300,94400,94500,94600,94700,94800,94900,95000,95100,10000,13200,19200,11300,16800,41300,66600,9100,55700,7800,94100,94000,93900,93800,93700,93600,93500,93400,93300,93200,27800,15600,40000,50500,186400,90200,29900,29400,6500,3900,100200,92800,3149902,666600,0,0,0,0,0,
000058.SZ,000058,20251209,94021000,94200,2000,18840,4722,0,,,3947220,37310787,95500,93600,95100,94100,94200,94300,94400,94500,94600,94700,94800,94900,95000,95100,10300,13200,19200,11300,16800,41300,66600,9100,55700,7800,94100,94000,93900,93800,93700,93600,93500,93400,93300,93200,27800,15600,40000,50500,186400,90400,29900,29400,6500,3900,100200,92800,3150202,666800,0,0,0,0,0,
000058.SZ,000058,20251209,94024000,94100,1100,10351,4724,0,,,3948320,37321138,95500,93600,95100,94100,94200,94300,94400,94500,94600,94700,94800,94900,95000,95100,15800,13200,19200,11300,16800,41300,66600,9100,55700,7800,94100,94000,93900,93800,93700,93600,93500,93400,93300,93200,26700,15600,40000,50500,186400,90400,29900,29400,6500,3900,100200,92800,3156702,665700,0,0,0,0,0,
000058.SZ,000058,20251209,94027000,94200,16600,156210,4733,0,,,3964920,37477348,95500,93600,95100,94100,94200,94300,94400,94500,94600,94700,94800,94900,95000,95100,15400,13200,19200,11300,16800,41300,66600,9100,55700,7800,94100,94000,93900,93800,93700,93600,93500,93400,93300,93200,14500,15600,40000,50500,186400,90900,29900,29400,6500,3900,100200,92700,3162702,654000,0,0,0,0,0,
000058.SZ,000058,20251209,94030000,94100,1000,9410,4734,0,,,3965920,37486758,95500,93600,95100,94100,94200,94300,94400,94500,94600,94700,94800,94900,95000,95100,15400,13200,19200,11300,16800,41300,66600,9100,55700,7800,94100,94000,93900,93800,93700,93600,93500,93400,93300,93200,13500,19100,40000,51000,186400,90900,29900,24400,6500,3900,100200,92700,3162702,652000,0,0,0,0,0,
000058.SZ,000058,20251209,94033000,94200,700,6594,4735,0,,,3966620,37493352,95500,93600,95100,94100,94200,94300,94400,94500,94600,94700,94800,94900,95000,95100,17400,13800,19200,11300,16800,41300,66600,9100,55700,7800,94100,94000,93900,93800,93700,93600,93500,93400,93300,93200,14500,24100,40000,39600,186400,90900,29900,24400,6500,3900,100200,92700,3176602,646600,0,0,0,0,0,
000058.SZ,000058,20251209,94036000,94200,1500,14130,4744,0,,,3968120,37507482,95500,93600,95100,94100,94200,94300,94400,94500,94600,94700,94800,94900,95000,95100,16800,13800,19200,11300,16800,41300,66600,9100,55700,7800,94100,94000,93900,93800,93700,93600,93500,93400,93300,93200,16500,24100,40000,39600,186400,90900,29900,24400,6500,3900,100200,92700,3176002,648600,0,0,0,0,0,
000058.SZ,000058,20251209,94039000,94100,6300,59283,4760,0,,,3974420,37566765,95500,93600,95100,94100,94200,94300,94400,94500,94600,94700,94800,94900,95000,95100,18100,13800,19200,11300,16800,33900,66600,9100,55700,7800,94100,94000,93900,93800,93700,93600,93500,93400,93300,93200,11200,24100,40000,39600,186400,90900,31600,24400,6500,3900,100200,92700,3173602,645000,0,0,0,0,0,
000058.SZ,000058,20251209,94042000,94100,13200,124212,4807,0,,,3987620,37690977,95500,93600,95100,94100,94100,94200,94300,94400,94500,94600,94700,94800,94900,95000,400,20500,13200,17900,11300,16800,33900,66600,9100,55700,94000,93900,93800,93700,93600,93500,93400,93300,93200,93100,24100,40000,39600,186400,91900,31600,24400,6500,3900,6200,100200,92700,3174502,634800,0,0,0,0,0,
000058.SZ,000058,20251209,94045000,94100,0,0,4807,0,,,3987620,37690977,95500,93600,95100,94100,94100,94200,94300,94400,94500,94600,94700,94800,94900,95000,5500,20500,11000,17900,11300,16800,33900,66600,9100,55700,94000,93900,93800,93700,93600,93500,93400,93300,93200,93100,24100,40000,39600,186400,91900,31600,24400,6500,3900,6200,100200,92700,3176902,634800,0,0,0,0,0,
000058.SZ,000058,20251209,94048000,94100,6500,61165,4835,0,,,3994120,37752142,95500,93600,95100,94100,94200,94300,94400,94500,94600,94700,94800,94900,95000,95100,20200,11000,17900,11300,16800,33900,66600,9100,55700,7800,94100,94000,93900,93800,93700,93600,93500,93400,93300,93200,200,24800,40000,39600,186400,91900,33600,24400,6500,3900,100200,92700,3171102,637700,0,0,0,0,0,
000058.SZ,000058,20251209,94051000,94000,14300,134422,4853,0,,,4008420,37886564,95500,93600,95100,94100,94100,94200,94300,94400,94500,94600,94700,94800,94900,95000,2400,22700,11000,17900,11300,16800,33900,66600,9100,55700,94000,93900,93800,93700,93600,93500,93400,93300,93200,93100,22300,40000,40100,186400,91900,33600,24400,6500,3900,6200,100200,92700,3176002,635500,0,0,0,0,0,
000058.SZ,000058,20251209,94054000,94100,2500,23525,4874,0,,,4010920,37910089,95500,93600,95100,94100,94200,94300,94400,94500,94600,94700,94800,94900,95000,95100,22700,11000,17900,11300,16800,33900,66600,9100,45700,7800,94100,94000,93900,93800,93700,93600,93500,93400,93300,93200,200,50600,40000,40100,186400,91900,31900,24400,6500,3900,100200,92800,3163602,662300,0,0,0,0,0,
000058.SZ,000058,20251209,94057000,94100,500,4705,4876,0,,,4011420,37914794,95500,93600,95100,94100,94200,94300,94400,94500,94600,94700,94800,94900,95000,95100,22700,11000,17900,11300,16800,33900,66600,9100,45700,7800,94100,94000,93900,93800,93700,93600,93500,93400,93300,93200,11600,50600,40000,42100,186400,91900,31900,24400,6500,3900,100200,92800,3163602,675700,0,0,0,0,0,
000058.SZ,000058,20251209,94100000,94100,2900,27307,4896,0,,,4014320,37942101,95500,93600,95100,94100,94200,94300,94400,94500,94600,94700,94800,94900,95000,95100,21200,11000,17900,11300,16800,33900,66600,9100,45700,7800,94100,94000,93900,93800,93700,93600,93500,93400,93300,93200,10500,50600,40000,45300,186400,91900,31900,24400,6500,3900,100200,92800,3162802,677800,0,0,0,0,0,
000058.SZ,000058,20251209,94103000,94200,300,2826,4899,0,,,4014620,37944927,95500,93600,95100,94100,94200,94300,94400,94500,94600,94700,94800,94900,95000,95100,21300,11000,17900,11700,16800,33900,66600,9100,45700,7800,94100,94000,93900,93800,93700,93600,93500,93400,93300,93200,10500,50600,40000,45300,186400,91900,31900,24400,6500,3900,100200,92800,3163302,677800,0,0,0,0,0,
000058.SZ,000058,20251209,94106000,94200,0,0,4899,0,,,4014620,37944927,95500,93600,95100,94100,94200,94300,94400,94500,94600,94700,94800,94900,95000,95100,21300,18800,17900,11700,6200,15100,66600,9100,45700,7800,94100,94000,93900,93800,93700,93600,93500,93400,93300,93200,14800,52100,40000,45300,186400,91900,31900,24400,6500,3900,100300,92800,3141802,683600,0,0,0,0,0,
000058.SZ,000058,20251209,94109000,94100,500,4705,4900,0,,,4015120,37949632,95500,93600,95100,94100,94200,94300,94400,94500,94600,94700,94800,94900,95000,95100,23100,18800,17900,11700,6200,15100,66600,9100,45700,7800,94100,94000,93900,93800,93700,93600,93500,93400,93300,93200,14300,52500,40000,48300,186400,91900,31900,24400,6500,3900,100300,92800,3143602,686500,0,0,0,0,0,
000058.SZ,000058,20251209,94112000,94100,100,941,4901,0,,,4015220,37950573,95500,93600,95100,94100,94200,94300,94400,94500,94600,94700,94800,94900,95000,95100,33700,18800,17900,11700,6200,15100,66600,9100,50700,7800,94100,94000,93900,93800,93700,93600,93500,93400,93300,93200,19700,53400,40000,48300,186400,92900,31900,24400,6500,3900,100200,92800,3159202,693800,0,0,0,0,0,
000058.SZ,000058,20251209,94115000,94100,8600,80927,4905,0,,,4023820,38031500,95500,93600,95100,94100,94200,94300,94400,94500,94600,94700,94800,94900,95000,95100,33600,18800,17900,11700,6200,15100,66600,9100,50700,7800,94100,94000,93900,93800,93700,93600,93500,93400,93300,93200,11300,53400,40000,48300,186400,93500,31900,24400,6500,3900,100200,92800,3157102,686000,0,0,0,0,0,
000058.SZ,000058,20251209,94118000,94100,0,0,4905,0,,,4023820,38031500,95500,93600,95100,94100,94200,94300,94400,94500,94600,94700,94800,94900,95000,95100,34700,19900,17900,11700,6200,15100,66600,8600,50700,7800,94100,94000,93900,93800,93700,93600,93500,93400,93300,93200,11400,55000,40000,48300,186400,93500,31900,24400,6500,3900,100200,92800,3163002,687700,0,0,0,0,0,
000058.SZ,000058,20251209,94121000,94100,4700,44227,4914,0,,,4028520,38075727,95500,93600,95100,94100,94200,94300,94400,94500,94600,94700,94800,94900,95000,95100,34700,21400,17900,11700,6200,15200,66600,7600,50700,7800,94100,94000,93900,93800,93700,93600,93500,93400,93300,93200,6700,44200,40000,48800,186400,93500,31900,24400,6500,3900,100200,92800,3163602,672700,0,0,0,0,0,
000058.SZ,000058,20251209,94124000,94000,8000,75277,4949,0,,,4036520,38151004,95500,93600,95100,94100,94100,94200,94300,94400,94500,94600,94700,94800,94900,95000,4600,38500,14100,17900,11700,6200,15200,66600,7100,50700,94000,93900,93800,93700,93600,93500,93400,93300,93200,93100,45500,40000,48800,186400,93500,31900,24400,6500,3900,6200,100200,92800,3164202,667300,0,0,0,0,0,
000058.SZ,000058,20251209,94127000,94000,0,0,4949,0,,,4036520,38151004,95500,93600,95100,94100,94100,94200,94300,94400,94500,94600,94700,94800,94900,95000,9100,39400,14100,17900,11700,6200,15200,64600,6100,50700,94000,93900,93800,93700,93600,93500,93400,93300,93200,93100,60100,40000,48800,186400,93500,31900,24400,6500,3900,6200,100200,92800,3166602,681900,0,0,0,0,0,
000058.SZ,000058,20251209,94130000,94000,0,0,4949,0,,,4036520,38151004,95500,93600,95100,94100,94100,94200,94300,94400,94500,94600,94700,94800,94900,95000,9100,41400,6300,17900,11700,6200,15200,64600,5600,50700,94000,93900,93800,93700,93600,93500,93400,93300,93200,93100,61100,40000,48800,186400,93500,31900,24400,6500,3900,6200,100300,92800,3166602,682900,0,0,0,0,0,
000058.SZ,000058,20251209,94133000,94100,1000,9410,4953,0,,,4037520,38160414,95500,93600,95100,94100,94100,94200,94300,94400,94500,94600,94700,94800,94900,95000,8200,42200,6300,17900,11700,6200,15200,64600,5000,50700,94000,93900,93800,93700,93600,93500,93400,93300,93200,93100,63800,40000,48800,186400,93500,31900,24400,6500,3900,6200,100200,92800,3177002,685600,0,0,0,0,0,
000058.SZ,000058,20251209,94136000,94100,0,0,4953,0,,,4037520,38160414,95500,93600,95100,94100,94100,94200,94300,94400,94500,94600,94700,94800,94900,95000,8200,43800,6300,17900,11700,6200,15200,64600,5000,50700,94000,93900,93800,93700,93600,93500,93400,93300,93200,93100,63800,40100,48800,186400,93500,31900,24400,6500,3900,6200,100200,92800,3181602,685700,0,0,0,0,0,
000058.SZ,000058,20251209,94139000,94000,500,4700,4956,0,,,4038020,38165114,95500,93600,95100,94100,94100,94200,94300,94400,94500,94600,94700,94800,94900,95000,8200,44300,6300,17900,11700,6200,15200,64600,5000,50700,94000,93900,93800,93700,93600,93500,93400,93300,93200,93100,63500,40100,48800,185900,93500,31900,24400,6500,3900,6200,100200,92800,3182102,684900,0,0,0,0,0,
