万得代码,交易所代码,自然日,时间,成交编号,成交代码,委托代码,BS标志,成交价格,成交数量,叫卖序号,叫买序号,
000058.SZ,000058,20251209,91503540,240327,C,0, ,0,5700,0,116874,
000058.SZ,000058,20251209,91512420,283642,C,0, ,0,7700,0,4627,
000058.SZ,000058,20251209,91512440,283650,C,0, ,0,200,0,72412,
000058.SZ,000058,20251209,91512440,283651,C,0, ,0,8500,0,4637,
000058.SZ,000058,20251209,91518320,285883,C,0, ,0,4800,0,112344,
000058.SZ,000058,20251209,91532650,288985,C,0, ,0,155100,0,149690,
000058.SZ,000058,20251209,91537610,290240,C,0, ,0,1800,116325,0,
000058.SZ,000058,20251209,91538620,290514,C,0, ,0,1800,0,50280,
000058.SZ,000058,20251209,91548420,293132,C,0, ,0,6200,17234,0,
000058.SZ,000058,20251209,91553190,294467,C,0, ,0,38600,0,103436,
000058.SZ,000058,20251209,91600290,296850,C,0, ,0,287900,0,21700,
000058.SZ,000058,20251209,91603090,297871,C,0, ,0,48300,0,93940,
000058.SZ,000058,20251209,91603750,298078,C,0, ,0,6700,17451,0,
000058.SZ,000058,20251209,91605970,298871,C,0, ,0,5300,87700,0,
000058.SZ,000058,20251209,91606310,298970,C,0, ,0,14400,0,272753,
000058.SZ,000058,20251209,91606440,299016,C,0, ,0,19300,0,87691,
000058.SZ,000058,20251209,91621840,303441,C,0, ,0,900100,0,71,
000058.SZ,000058,20251209,91625560,304438,C,0, ,0,2500,27008,0,
000058.SZ,000058,20251209,91626860,304804,C,0, ,0,37900,12170,0,
000058.SZ,000058,20251209,91628650,305252,C,0, ,0,1500,0,194845,
000058.SZ,000058,20251209,91630950,305859,C,0, ,0,200,282017,0,
000058.SZ,000058,20251209,91631280,305981,C,0, ,0,700,287668,0,
000058.SZ,000058,20251209,91637490,307843,C,0, ,0,15300,0,273473,
000058.SZ,000058,20251209,91640120,308581,C,0, ,0,19300,0,256849,
000058.SZ,000058,20251209,91641190,308925,C,0, ,0,800,0,225067,
000058.SZ,000058,20251209,91643240,309457,C,0, ,0,5000,292436,0,
000058.SZ,000058,20251209,91648120,310846,C,0, ,0,1200,284632,0,
000058.SZ,000058,20251209,91650950,311643,C,0, ,0,200,308836,0,
000058.SZ,000058,20251209,91651980,311943,C,0, ,0,2500,26939,0,
000058.SZ,000058,20251209,91653220,312290,C,0, ,0,7000,311143,0,
000058.SZ,000058,20251209,91654100,312546,C,0, ,0,10000,308304,0,
000058.SZ,000058,20251209,91656710,313289,C,0, ,0,200100,0,2616,
000058.SZ,000058,20251209,91658090,313698,C,0, ,0,300,0,241332,
000058.SZ,000058,20251209,91703230,315268,C,0, ,0,700,313168,0,
000058.SZ,000058,20251209,91707270,316451,C,0, ,0,1200,314410,0,
000058.SZ,000058,20251209,91709030,316963,C,0, ,0,80000,292017,0,
000058.SZ,000058,20251209,91710430,317391,C,0, ,0,3000,314544,0,
000058.SZ,000058,20251209,91714010,318391,C,0, ,0,800,0,304924,
000058.SZ,000058,20251209,91714460,318533,C,0, ,0,1000,0,310825,
000058.SZ,000058,20251209,91720410,320251,C,0, ,0,200,33583,0,
000058.SZ,000058,20251209,91720660,320324,C,0, ,0,3000,28185,0,
000058.SZ,000058,20251209,91721000,320449,C,0, ,0,10000,100804,0,
000058.SZ,000058,20251209,91727050,322308,C,0, ,0,600,5162,0,
000058.SZ,000058,20251209,91730120,323194,C,0, ,0,9600,0,280749,
000058.SZ,000058,20251209,91730950,323446,C,0, ,0,200,314568,0,
000058.SZ,000058,20251209,91732610,323972,C,0, ,0,300,318383,0,
000058.SZ,000058,20251209,91734680,324601,C,0, ,0,3000,298754,0,
000058.SZ,000058,20251209,91735190,324768,C,0, ,0,10000,315487,0,
000058.SZ,000058,20251209,91736640,325220,C,0, ,0,1000,315663,0,
000058.SZ,000058,20251209,91736700,325237,C,0, ,0,15000,304249,0,
000058.SZ,000058,20251209,91739930,326188,C,0, ,0,1000,0,324418,
000058.SZ,000058,20251209,91740230,326276,C,0, ,0,500,229524,0,
000058.SZ,000058,20251209,91748450,328847,C,0, ,0,15000,298952,0,
000058.SZ,000058,20251209,91819420,339033,C,0, ,0,1000,0,326898,
000058.SZ,000058,20251209,91820920,339524,C,0, ,0,1000,87290,0,
000058.SZ,000058,20251209,91821090,339586,C,0, ,0,1900,0,296846,
000058.SZ,000058,20251209,91829150,342327,C,0, ,0,5000,335624,0,
000058.SZ,000058,20251209,91831770,343229,C,0, ,0,10000,338106,0,
000058.SZ,000058,20251209,91840150,346187,C,0, ,0,500,143533,0,
000058.SZ,000058,20251209,91846620,348543,C,0, ,0,600,93479,0,
000058.SZ,000058,20251209,91906580,356215,C,0, ,0,100,323224,0,
000058.SZ,000058,20251209,91940370,369407,C,0, ,0,1900,299763,0,
000058.SZ,000058,20251209,91944500,371011,C,0, ,0,7700,0,156566,
000058.SZ,000058,20251209,91946060,371558,C,0, ,0,900,0,287050,
000058.SZ,000058,20251209,91959000,376921,C,0, ,0,15500,0,345,
000058.SZ,000058,20251209,91959000,376925,C,0, ,0,2500,0,2151,
000058.SZ,000058,20251209,92500000,556066,0,0,S,95100,4500,319140,50930,
000058.SZ,000058,20251209,92500000,556067,0,0,S,95100,600,473429,50930,
000058.SZ,000058,20251209,92500000,556068,0,0,S,95100,2100,473429,101385,
000058.SZ,000058,20251209,92500000,556069,0,0,S,95100,600,478183,101385,
000058.SZ,000058,20251209,92500000,556070,0,0,S,95100,1100,535367,101385,
000058.SZ,000058,20251209,92500000,556071,0,0,S,95100,500,549275,101385,
000058.SZ,000058,20251209,92500000,556072,0,0,S,95100,400,477325,101385,
000058.SZ,000058,20251209,92500000,556073,0,0,S,95100,100,451344,101385,
000058.SZ,000058,20251209,92500000,556074,0,0,S,95100,5200,536359,101385,
000058.SZ,000058,20251209,92500000,556075,0,0,S,95100,1200,536359,101387,
000058.SZ,000058,20251209,92500000,556076,0,0,S,95100,2100,536360,101387,
000058.SZ,000058,20251209,92500000,556077,0,0,S,95100,100,378484,101387,
000058.SZ,000058,20251209,92500000,556078,0,0,S,95100,100,538672,101387,
000058.SZ,000058,20251209,92500000,556079,0,0,S,95100,3400,545483,101387,
000058.SZ,000058,20251209,92500000,556080,0,0,S,95100,3100,553113,101387,
000058.SZ,000058,20251209,92500000,556081,0,0,S,95100,500,553113,146799,
000058.SZ,000058,20251209,92500000,556082,0,0,S,95100,2700,553113,206635,
000058.SZ,000058,20251209,92500000,556083,0,0,S,95100,100,553113,280656,
000058.SZ,000058,20251209,92500000,556084,0,0,S,95100,500,553113,393165,
000058.SZ,000058,20251209,92500000,556085,0,0,S,95100,600,553113,419393,
000058.SZ,000058,20251209,92500000,556086,0,0,S,95100,4000,553113,439364,
000058.SZ,000058,20251209,92500000,556087,0,0,S,95100,2900,553113,439688,
000058.SZ,000058,20251209,92500000,556088,0,0,S,95100,900,553115,439688,
000058.SZ,000058,20251209,92500000,556089,0,0,S,95100,1000,553115,452173,
000058.SZ,000058,20251209,92500000,556090,0,0,S,95100,200,553115,455466,
000058.SZ,000058,20251209,92500000,556091,0,0,S,95100,800,553117,455466,
000058.SZ,000058,20251209,92500000,556092,0,0,S,95100,800,553117,493751,
000058.SZ,000058,20251209,92500000,556093,0,0,S,95100,300,553117,514856,
000058.SZ,000058,20251209,92500000,556094,0,0,S,95100,600,553117,515412,
000058.SZ,000058,20251209,92500000,556095,0,0,S,95100,400,553157,515412,
000058.SZ,000058,20251209,92500000,556096,0,0,S,95100,200,553157,531844,
000058.SZ,000058,20251209,92500000,556097,0,0,B,95100,2400,553157,553806,
000058.SZ,000058,20251209,92500000,556098,0,0,B,95100,100,541150,553806,
000058.SZ,000058,20251209,92500000,556099,0,0,B,95100,7400,550799,553806,
000058.SZ,000058,20251209,92500000,556100,0,0,S,95100,500,550799,481390,
000058.SZ,000058,20251209,92500000,556101,0,0,S,95100,1000,550799,312496,
000058.SZ,000058,20251209,92500000,556102,0,0,S,95100,200,550799,506135,
000058.SZ,000058,20251209,92500000,556103,0,0,S,95100,600,550799,485596,
000058.SZ,000058,20251209,92500000,556104,0,0,S,95100,800,550799,355321,
000058.SZ,000058,20251209,92500000,556105,0,0,S,95100,600,550799,481574,
000058.SZ,000058,20251209,92500000,556106,0,0,S,95100,3200,550799,513128,
000058.SZ,000058,20251209,92500000,556107,0,0,S,95100,300,533663,180550,
000058.SZ,000058,20251209,92500000,556108,0,0,B,95100,300,5095,180550,
000058.SZ,000058,20251209,92500000,556109,0,0,S,95100,300,530229,180550,
000058.SZ,000058,20251209,92500000,556110,0,0,B,95100,2000,37291,180550,
000058.SZ,000058,20251209,92500000,556111,0,0,B,95100,100,133868,180550,
000058.SZ,000058,20251209,92500000,556112,0,0,S,95100,300,529965,180550,
000058.SZ,000058,20251209,92500000,556113,0,0,B,95100,100,155421,180550,
000058.SZ,000058,20251209,92500000,556114,0,0,S,95100,100,473706,180550,
000058.SZ,000058,20251209,92500000,556115,0,0,S,95100,100,538938,180550,
000058.SZ,000058,20251209,92500000,556116,0,0,S,95100,3800,544334,180550,
000058.SZ,000058,20251209,92500000,556117,0,0,S,95100,300,544334,479295,
000058.SZ,000058,20251209,92500000,556118,0,0,S,95100,500,544334,481253,
000058.SZ,000058,20251209,92500000,556119,0,0,S,95100,100,544334,295938,
000058.SZ,000058,20251209,92500000,556120,0,0,S,95100,300,544334,435711,
000058.SZ,000058,20251209,92500000,556121,0,0,S,95100,3200,544334,494957,
000058.SZ,000058,20251209,92500000,556122,0,0,B,95100,600,330240,494957,
000058.SZ,000058,20251209,92500000,556123,0,0,S,95100,6600,548247,494957,
000058.SZ,000058,20251209,92500000,556124,0,0,S,95100,1100,548247,504846,
000058.SZ,000058,20251209,92500000,556125,0,0,S,95100,1100,548247,500295,
000058.SZ,000058,20251209,92500000,556126,0,0,S,95100,1000,548247,521612,
000058.SZ,000058,20251209,92500000,556127,0,0,S,95100,4600,548247,540470,
000058.SZ,000058,20251209,92500000,556128,0,0,B,95100,200,42206,540470,
000058.SZ,000058,20251209,92500000,556129,0,0,B,95100,600,42206,318566,
000058.SZ,000058,20251209,92500000,556130,0,0,B,95100,400,43356,318566,
000058.SZ,000058,20251209,92500000,556131,0,0,B,95100,500,144423,370355,
000058.SZ,000058,20251209,92500000,556132,0,0,S,95100,500,504050,370355,
000058.SZ,000058,20251209,92500000,556133,0,0,S,95100,400,504050,474317,
000058.SZ,000058,20251209,92500000,556134,0,0,B,95100,1000,504050,510624,
000058.SZ,000058,20251209,92500000,556135,0,0,B,95100,1000,504050,536333,
000058.SZ,000058,20251209,92500000,556136,0,0,B,95100,200,504050,539193,
000058.SZ,000058,20251209,92500000,556137,0,0,S,95100,20000,504050,108131,
000058.SZ,000058,20251209,92500000,556138,0,0,S,95100,800,504050,328315,
000058.SZ,000058,20251209,92500000,556139,0,0,S,95100,1700,504050,330821,
000058.SZ,000058,20251209,92500000,556140,0,0,S,95100,300,521764,330821,
000058.SZ,000058,20251209,92500000,556141,0,0,S,95100,100,521764,332156,
000058.SZ,000058,20251209,92500000,556142,0,0,S,95100,2000,521764,340318,
000058.SZ,000058,20251209,92500000,556143,0,0,S,95100,1800,521764,346056,
000058.SZ,000058,20251209,92500000,556144,0,0,S,95100,100,521764,349138,
000058.SZ,000058,20251209,92500000,556145,0,0,S,95100,100,521764,358328,
000058.SZ,000058,20251209,92500000,556146,0,0,S,95100,1000,521764,361322,
000058.SZ,000058,20251209,92500000,556147,0,0,S,95100,1500,521764,363619,
000058.SZ,000058,20251209,92500000,556148,0,0,S,95100,1000,521764,363994,
000058.SZ,000058,20251209,92500000,556149,0,0,S,95100,1000,521764,366417,
000058.SZ,000058,20251209,92500000,556150,0,0,S,95100,700,521764,366491,
000058.SZ,000058,20251209,92500000,556151,0,0,S,95100,200,521764,370397,
000058.SZ,000058,20251209,92500000,556152,0,0,S,95100,600,521764,502288,
000058.SZ,000058,20251209,92500000,556153,0,0,S,95100,200,521764,507374,
000058.SZ,000058,20251209,92500000,556154,0,0,B,95100,8600,521764,534196,
000058.SZ,000058,20251209,92500000,556155,0,0,B,95100,800,42207,534196,
000058.SZ,000058,20251209,92500000,556156,0,0,B,95100,1500,236412,534196,
000058.SZ,000058,20251209,92500000,556157,0,0,B,95100,400,42208,534196,
000058.SZ,000058,20251209,92500000,556158,0,0,B,95100,2600,408374,534196,
000058.SZ,000058,20251209,92500000,556159,0,0,B,95100,300,42165,534196,
000058.SZ,000058,20251209,92500000,556160,0,0,B,95100,400,121061,534196,
000058.SZ,000058,20251209,92500000,556161,0,0,B,95100,700,334491,534196,
000058.SZ,000058,20251209,92500000,556162,0,0,B,95100,400,42210,534196,
000058.SZ,000058,20251209,92500000,556163,0,0,B,95100,2000,424407,534196,
000058.SZ,000058,20251209,92500000,556164,0,0,B,95100,400,42219,534196,
000058.SZ,000058,20251209,92500000,556165,0,0,B,95100,100,48771,534196,
000058.SZ,000058,20251209,92500000,556166,0,0,B,95100,1000,136338,534196,
000058.SZ,000058,20251209,92500000,556167,0,0,B,95100,100,142223,534196,
000058.SZ,000058,20251209,92500000,556168,0,0,B,95100,7600,145708,534196,
000058.SZ,000058,20251209,92500000,556169,0,0,B,95100,2000,237858,534196,
000058.SZ,000058,20251209,92500000,556170,0,0,B,95100,500,239388,534196,
000058.SZ,000058,20251209,92500000,556171,0,0,B,95100,20600,375673,534196,
000058.SZ,000058,20251209,92500000,556172,0,0,S,95100,1100,375673,47003,
000058.SZ,000058,20251209,92500000,556173,0,0,S,95100,500,375673,346355,
000058.SZ,000058,20251209,92500000,556174,0,0,B,95100,2000,375673,439791,
000058.SZ,000058,20251209,92500000,556175,0,0,B,95100,400,375673,526691,
000058.SZ,000058,20251209,92500000,556176,0,0,B,95100,2000,375673,534025,
000058.SZ,000058,20251209,92500000,556177,0,0,B,95100,200,375673,535087,
000058.SZ,000058,20251209,92500000,556178,0,0,B,95100,1500,375673,478947,
000058.SZ,000058,20251209,92500000,556179,0,0,B,95100,10000,375673,501985,
000058.SZ,000058,20251209,92500000,556180,0,0,B,95100,100,375673,504419,
000058.SZ,000058,20251209,92500000,556181,0,0,B,95100,600,375673,468540,
000058.SZ,000058,20251209,92500000,556182,0,0,B,95100,2400,375673,423518,
000058.SZ,000058,20251209,92500000,556183,0,0,B,95100,400,375673,436101,
000058.SZ,000058,20251209,92500000,556184,0,0,B,95100,2900,383927,436101,
000058.SZ,000058,20251209,92500000,556185,0,0,B,95100,3000,383927,445069,
000058.SZ,000058,20251209,92500000,556186,0,0,B,95100,100,383927,448681,
000058.SZ,000058,20251209,92500000,556187,0,0,B,95100,2100,383927,453447,
000058.SZ,000058,20251209,92500000,556188,0,0,B,95100,7700,383927,489646,
000058.SZ,000058,20251209,92500000,556189,0,0,B,95100,500,397548,489646,
000058.SZ,000058,20251209,92500000,556190,0,0,B,95100,400,397548,504961,
000058.SZ,000058,20251209,92500000,556191,0,0,B,95100,200,397548,532481,
000058.SZ,000058,20251209,92500000,556192,0,0,B,95100,1000,399044,544302,
000058.SZ,000058,20251209,92500000,556193,0,0,B,95100,2600,399044,490263,
000058.SZ,000058,20251209,92500000,556194,0,0,B,95100,200,399044,531453,
000058.SZ,000058,20251209,92500000,556195,0,0,B,95100,1000,399044,540963,
000058.SZ,000058,20251209,92500000,556196,0,0,S,95100,300,399044,384705,
000058.SZ,000058,20251209,92500000,556197,0,0,B,95100,200,399044,511958,
000058.SZ,000058,20251209,92500000,556198,0,0,B,95100,1100,399044,517743,
000058.SZ,000058,20251209,92500000,556199,0,0,B,95100,2300,399044,518824,
000058.SZ,000058,20251209,92500000,556200,0,0,B,95100,1100,399044,522597,
000058.SZ,000058,20251209,92500000,556201,0,0,B,95100,500,405689,522597,
000058.SZ,000058,20251209,92500000,556202,0,0,B,95100,300,442710,522597,
000058.SZ,000058,20251209,92500000,556203,0,0,B,95100,100,82604,522597,
000058.SZ,000058,20251209,92500000,556204,0,0,B,95100,100,115418,522597,
000058.SZ,000058,20251209,92500000,556205,0,0,B,95100,800,154559,522597,
000058.SZ,000058,20251209,92500000,556206,0,0,B,95100,3000,268615,522597,
000058.SZ,000058,20251209,92500000,556207,0,0,B,95100,2000,445607,522597,
000058.SZ,000058,20251209,92500000,556208,0,0,B,95100,100,451454,522597,
000058.SZ,000058,20251209,92500000,556209,0,0,B,95100,400,451454,539025,
000058.SZ,000058,20251209,92500000,556210,0,0,B,95100,500,452455,539025,
000058.SZ,000058,20251209,92500000,556211,0,0,B,95100,400,518863,539025,
000058.SZ,000058,20251209,92500000,556212,0,0,S,95100,100,518863,398609,
000058.SZ,000058,20251209,92500000,556213,0,0,S,95100,600,518863,416443,
000058.SZ,000058,20251209,92500000,556214,0,0,S,95100,600,518863,425221,
000058.SZ,000058,20251209,92500000,556215,0,0,S,95100,100,518863,447657,
000058.SZ,000058,20251209,92500000,556216,0,0,S,95100,2000,518863,457811,
000058.SZ,000058,20251209,92500000,556217,0,0,S,95100,4800,518863,481540,
000058.SZ,000058,20251209,92500000,556218,0,0,S,95100,200,542318,481540,
000058.SZ,000058,20251209,92500000,556219,0,0,S,95100,100,542318,489355,
000058.SZ,000058,20251209,92500000,556220,0,0,S,95100,2200,542318,495097,
000058.SZ,000058,20251209,92500000,556221,0,0,S,95100,500,542318,404607,
000058.SZ,000058,20251209,93000040,665041,0,0,B,95200,200,121543,665040,
000058.SZ,000058,20251209,93000040,665631,0,0,B,95200,100,121543,665630,
000058.SZ,000058,20251209,93000050,667407,0,0,B,95200,100,121543,667406,
000058.SZ,000058,20251209,93000050,667595,0,0,B,95200,100,121543,667594,
000058.SZ,000058,20251209,93000060,674468,0,0,B,95200,300,121543,674467,
000058.SZ,000058,20251209,93000060,674469,0,0,B,95200,200,383631,674467,
000058.SZ,000058,20251209,93000060,678009,0,0,S,95100,1800,678008,404607,
000058.SZ,000058,20251209,93000070,683012,0,0,B,95200,600,383631,683011,
000058.SZ,000058,20251209,93000070,683013,0,0,B,95200,200,509825,683011,
000058.SZ,000058,20251209,93000070,683014,0,0,B,95200,200,532434,683011,
000058.SZ,000058,20251209,93000070,683464,0,0,S,95100,3700,683463,404607,
000058.SZ,000058,20251209,93000070,684200,C,0, ,0,1000,0,454521,
000058.SZ,000058,20251209,93000070,684955,0,0,B,95200,500,532434,684954,
000058.SZ,000058,20251209,93000070,685440,C,0, ,0,2500,0,409185,
000058.SZ,000058,20251209,93000080,686934,0,0,B,95200,1300,532434,686933,
000058.SZ,000058,20251209,93000080,687151,0,0,B,95200,3200,532434,687150,
000058.SZ,000058,20251209,93000080,688993,0,0,B,95200,100,532434,688992,
000058.SZ,000058,20251209,93000080,689478,0,0,B,95200,400,532434,689477,
000058.SZ,000058,20251209,93000080,689838,0,0,S,95100,15100,689837,404607,
000058.SZ,000058,20251209,93000080,689839,0,0,S,95100,2400,689837,416684,
000058.SZ,000058,20251209,93000080,689842,0,0,S,95100,700,689841,416684,
000058.SZ,000058,20251209,93000080,689843,0,0,S,95100,200,689841,419437,
000058.SZ,000058,20251209,93000080,689844,0,0,S,95100,1000,689841,426293,
000058.SZ,000058,20251209,93000080,689845,0,0,S,95100,2000,689841,429754,
000058.SZ,000058,20251209,93000080,689846,0,0,S,95100,500,689841,431950,
000058.SZ,000058,20251209,93000080,689847,0,0,S,95100,200,689841,442327,
000058.SZ,000058,20251209,93000080,689848,0,0,S,95100,1000,689841,444814,
000058.SZ,000058,20251209,93000080,689849,0,0,S,95100,300,689841,445048,
000058.SZ,000058,20251209,93000080,689850,0,0,S,95100,7400,689841,448262,
000058.SZ,000058,20251209,93000080,689851,0,0,S,95100,400,689841,461736,
000058.SZ,000058,20251209,93000080,689852,0,0,S,95100,500,689841,473270,
000058.SZ,000058,20251209,93000080,689853,0,0,S,95100,900,689841,478043,
000058.SZ,000058,20251209,93000080,689854,0,0,S,95100,200,689841,485470,
000058.SZ,000058,20251209,93000080,689855,0,0,S,95100,500,689841,509297,
000058.SZ,000058,20251209,93000080,689856,0,0,S,95100,500,689841,672830,
000058.SZ,000058,20251209,93000080,689857,0,0,S,95000,1000,689841,391816,
000058.SZ,000058,20251209,93000080,689858,0,0,S,95000,11000,689841,395724,
000058.SZ,000058,20251209,93000080,689859,0,0,S,95000,500,689841,396701,
000058.SZ,000058,20251209,93000080,689860,0,0,S,95000,200,689841,405841,
000058.SZ,000058,20251209,93000080,689861,0,0,S,95000,500,689841,540507,
000058.SZ,000058,20251209,93000080,689862,0,0,S,95000,6700,689841,667359,
000058.SZ,000058,20251209,93000090,692436,0,0,B,95200,1200,532434,692435,
000058.SZ,000058,20251209,93000090,692856,0,0,B,95200,1300,532434,692855,
000058.SZ,000058,20251209,93000090,694399,0,0,S,95000,2000,694398,667359,
000058.SZ,000058,20251209,93000100,701508,0,0,B,95100,200,696681,701507,
000058.SZ,000058,20251209,93000110,705002,0,0,B,95100,100,703292,705001,
000058.SZ,000058,20251209,93000140,720729,0,0,B,95100,1000,703292,720728,
000058.SZ,000058,20251209,93000150,725505,0,0,B,95100,500,703292,725504,
000058.SZ,000058,20251209,93000150,725761,0,0,S,95000,2200,725760,667359,
000058.SZ,000058,20251209,93000150,726774,0,0,B,95100,8400,703292,726773,
000058.SZ,000058,20251209,93000150,726775,0,0,B,95100,1100,705326,726773,
000058.SZ,000058,20251209,93000150,726776,0,0,B,95100,5000,717671,726773,
000058.SZ,000058,20251209,93000150,726777,0,0,B,95100,1000,719295,726773,
000058.SZ,000058,20251209,93000160,734496,0,0,B,95200,1800,532434,734495,
000058.SZ,000058,20251209,93000160,734497,0,0,B,95200,200,534475,734495,
000058.SZ,000058,20251209,93000160,734498,0,0,B,95200,3000,545695,734495,
000058.SZ,000058,20251209,93000160,734972,0,0,S,95100,100,734971,726773,
000058.SZ,000058,20251209,93000160,735607,C,0, ,0,4000,19975,0,
000058.SZ,000058,20251209,93000170,736001,0,0,B,95200,500,545695,736000,
000058.SZ,000058,20251209,93000170,739403,0,0,B,95200,300,545695,739402,
000058.SZ,000058,20251209,93000180,741552,0,0,B,95200,2100,545695,741551,
000058.SZ,000058,20251209,93000180,743767,0,0,B,95200,1100,545695,743766,
000058.SZ,000058,20251209,93000190,747448,0,0,B,95200,2400,545695,747447,
000058.SZ,000058,20251209,93000200,750597,0,0,B,95200,1000,545695,750596,
000058.SZ,000058,20251209,93000210,755802,0,0,B,95200,1100,545695,755801,
000058.SZ,000058,20251209,93000210,755803,0,0,B,95200,300,665594,755801,
000058.SZ,000058,20251209,93000210,756430,0,0,B,95200,2100,665594,756429,
000058.SZ,000058,20251209,93000240,765672,0,0,B,95200,4900,665594,765671,
000058.SZ,000058,20251209,93000240,765673,0,0,B,95200,100,762476,765671,
000058.SZ,000058,20251209,93000240,766213,0,0,B,95200,1000,762476,766212,
000058.SZ,000058,20251209,93000250,768365,0,0,B,95200,1000,762476,768364,
000058.SZ,000058,20251209,93000250,770903,0,0,B,95200,3000,762476,770902,
000058.SZ,000058,20251209,93000260,771696,0,0,B,95200,1000,762476,771695,
000058.SZ,000058,20251209,93000260,773717,C,0, ,0,1600,0,479143,
000058.SZ,000058,20251209,93000270,775298,0,0,B,95200,3400,762476,775297,
000058.SZ,000058,20251209,93000280,781813,0,0,S,95100,500,781812,726773,
000058.SZ,000058,20251209,93000290,782106,0,0,S,95100,900,782105,726773,
000058.SZ,000058,20251209,93000290,782236,0,0,B,95200,500,762476,782235,
000058.SZ,000058,20251209,93000300,787480,C,0, ,0,4200,0,768343,
000058.SZ,000058,20251209,93000310,790007,0,0,S,95200,1000,790006,782235,
000058.SZ,000058,20251209,93000320,793237,0,0,S,95200,1000,793236,782235,
000058.SZ,000058,20251209,93000330,795965,0,0,S,95200,1400,795964,786036,
000058.SZ,000058,20251209,93000330,795966,0,0,S,95100,33000,795964,726773,
000058.SZ,000058,20251209,93000330,795967,0,0,S,95100,500,795964,753066,
000058.SZ,000058,20251209,93000330,795968,0,0,S,95100,1000,795964,757809,
000058.SZ,000058,20251209,93000330,795969,0,0,S,95100,100,795964,795394,
000058.SZ,000058,20251209,93000350,800531,0,0,S,95000,40800,800530,667359,
000058.SZ,000058,20251209,93000350,800608,0,0,S,95000,2100,800607,667359,
000058.SZ,000058,20251209,93000360,802274,0,0,B,95100,1300,795964,802273,
000058.SZ,000058,20251209,93000360,802401,0,0,B,95100,3100,795964,802400,
000058.SZ,000058,20251209,93000380,807420,0,0,B,95100,300,795964,807419,
000058.SZ,000058,20251209,93000390,808653,0,0,B,95100,500,795964,808652,
000058.SZ,000058,20251209,93000400,810859,0,0,S,95000,1600,810858,667359,
000058.SZ,000058,20251209,93000400,810868,0,0,S,95000,200,810867,667359,
000058.SZ,000058,20251209,93000400,810906,0,0,S,95000,300,810905,667359,
000058.SZ,000058,20251209,93000410,811747,0,0,S,95000,100,811746,667359,
000058.SZ,000058,20251209,93000410,812297,0,0,B,95100,2100,795964,812296,
000058.SZ,000058,20251209,93000410,812392,0,0,S,95000,100,812391,667359,
000058.SZ,000058,20251209,93000410,812394,0,0,S,95000,300,812393,667359,
000058.SZ,000058,20251209,93000410,812402,0,0,S,95000,300,812401,667359,
000058.SZ,000058,20251209,93000410,812409,0,0,S,95000,400,812408,667359,
000058.SZ,000058,20251209,93000420,814299,0,0,S,95000,200,814298,667359,
000058.SZ,000058,20251209,93000420,814301,0,0,S,95000,500,814300,667359,
000058.SZ,000058,20251209,93000420,814303,0,0,S,95000,300,814302,667359,
000058.SZ,000058,20251209,93000420,814306,0,0,S,95000,600,814305,667359,
000058.SZ,000058,20251209,93000440,817007,0,0,S,95000,100,817006,667359,
000058.SZ,000058,20251209,93000450,818520,0,0,B,95100,500,795964,818519,
000058.SZ,000058,20251209,93000460,821972,0,0,B,95100,800,795964,821971,
000058.SZ,000058,20251209,93000480,824025,0,0,S,95000,100,824024,667359,
000058.SZ,000058,20251209,93000480,824514,0,0,B,95100,500,795964,824513,
000058.SZ,000058,20251209,93000490,825737,0,0,B,95100,2000,795964,825736,
000058.SZ,000058,20251209,93000500,826728,0,0,B,95100,1000,795964,826727,
000058.SZ,000058,20251209,93000500,827214,0,0,B,95100,200,795964,827213,
000058.SZ,000058,20251209,93000530,831373,0,0,S,95000,1000,831372,667359,
000058.SZ,000058,20251209,93000540,834346,0,0,B,95100,8200,795964,834345,
000058.SZ,000058,20251209,93000550,835505,0,0,B,95100,1000,795964,835504,
000058.SZ,000058,20251209,93000580,840639,0,0,B,95100,7000,795964,840638,
000058.SZ,000058,20251209,93000640,850576,0,0,S,95000,100,850575,667359,
000058.SZ,000058,20251209,93000670,855098,0,0,B,95100,1000,795964,855097,
000058.SZ,000058,20251209,93000670,855665,0,0,B,95100,200,795964,855664,
000058.SZ,000058,20251209,93000710,862701,0,0,B,95100,1000,795964,862700,
000058.SZ,000058,20251209,93000800,876014,0,0,B,95100,800,795964,876013,
000058.SZ,000058,20251209,93000820,879618,0,0,B,95100,1000,795964,879617,
000058.SZ,000058,20251209,93000830,881085,0,0,B,95100,3000,795964,881084,
000058.SZ,000058,20251209,93000840,882403,0,0,S,95000,17000,882402,667359,
000058.SZ,000058,20251209,93000850,883180,0,0,B,95100,500,795964,883179,
000058.SZ,000058,20251209,93000850,883789,0,0,B,95100,2000,795964,883788,
000058.SZ,000058,20251209,93000860,885197,0,0,B,95100,3000,795964,885196,
000058.SZ,000058,20251209,93000860,885904,0,0,S,95000,400,885903,667359,
000058.SZ,000058,20251209,93000860,886062,0,0,B,95100,1900,795964,886061,
000058.SZ,000058,20251209,93000870,886943,0,0,B,95100,200,795964,886942,
000058.SZ,000058,20251209,93000880,887604,0,0,S,95000,300,887603,667359,
000058.SZ,000058,20251209,93000880,889409,0,0,S,95000,300,889408,667359,
000058.SZ,000058,20251209,93000920,894841,0,0,S,95000,1200,894840,667359,
000058.SZ,000058,20251209,93000920,895286,0,0,S,95000,10000,895285,667359,
000058.SZ,000058,20251209,93000940,898916,0,0,B,95100,400,795964,898915,
000058.SZ,000058,20251209,93000950,899215,0,0,B,95100,5000,795964,899214,
000058.SZ,000058,20251209,93000950,899547,0,0,B,95100,200,795964,899546,
000058.SZ,000058,20251209,93000960,901792,0,0,B,95100,100,795964,901791,
000058.SZ,000058,20251209,93000970,902519,0,0,B,95100,1000,795964,902518,
000058.SZ,000058,20251209,93000980,903721,0,0,B,95100,100,795964,903720,
000058.SZ,000058,20251209,93000990,905802,0,0,B,95100,14100,795964,905801,
000058.SZ,000058,20251209,93000990,905803,0,0,B,95100,400,800642,905801,
000058.SZ,000058,20251209,93000990,905804,0,0,B,95100,100,802090,905801,
000058.SZ,000058,20251209,93000990,905805,0,0,B,95100,500,806540,905801,
000058.SZ,000058,20251209,93000990,905806,0,0,B,95100,200,814257,905801,
000058.SZ,000058,20251209,93000990,905807,0,0,B,95100,3000,818538,905801,
000058.SZ,000058,20251209,93000990,905808,0,0,B,95100,200,820355,905801,
000058.SZ,000058,20251209,93001010,908128,0,0,B,95100,400,820355,908127,
000058.SZ,000058,20251209,93001060,914910,0,0,B,95100,400,820355,914909,
000058.SZ,000058,20251209,93001060,914911,0,0,B,95100,1500,826620,914909,
000058.SZ,000058,20251209,93001070,916185,C,0, ,0,500,462004,0,
000058.SZ,000058,20251209,93001130,924612,0,0,B,95100,500,826620,924611,
000058.SZ,000058,20251209,93001130,924613,0,0,B,95100,2500,832154,924611,
000058.SZ,000058,20251209,93001150,926960,0,0,B,95100,2000,832154,926959,
000058.SZ,000058,20251209,93001160,928085,0,0,B,95100,45500,832154,928084,
000058.SZ,000058,20251209,93001160,928086,0,0,B,95100,8100,833057,928084,
000058.SZ,000058,20251209,93001190,930213,0,0,B,95100,2000,833057,930212,
000058.SZ,000058,20251209,93001190,930565,0,0,B,95100,39900,833057,930564,
000058.SZ,000058,20251209,93001190,930566,0,0,B,95100,100,838632,930564,
000058.SZ,000058,20251209,93001190,930567,0,0,B,95100,100,864999,930564,
000058.SZ,000058,20251209,93001190,930568,0,0,B,95100,1400,871810,930564,
000058.SZ,000058,20251209,93001190,930821,0,0,B,95100,100,871810,930820,
000058.SZ,000058,20251209,93001210,932064,0,0,B,95100,500,871810,932063,
000058.SZ,000058,20251209,93001250,936400,0,0,B,95100,400,871810,936399,
000058.SZ,000058,20251209,93001260,936844,0,0,S,95000,500,936843,667359,
000058.SZ,000058,20251209,93001260,936979,0,0,B,95100,400,871810,936978,
000058.SZ,000058,20251209,93001260,936980,0,0,B,95100,200,901664,936978,
000058.SZ,000058,20251209,93001310,941769,0,0,B,95100,2200,901664,941768,
000058.SZ,000058,20251209,93001360,944882,0,0,B,95100,2000,901664,944881,
000058.SZ,000058,20251209,93001390,947333,0,0,B,95100,100,901664,947332,
000058.SZ,000058,20251209,93001390,947334,0,0,B,95100,300,902747,947332,
000058.SZ,000058,20251209,93001400,948051,0,0,S,95000,1200,948050,667359,
000058.SZ,000058,20251209,93001400,948078,0,0,S,95000,1500,948077,667359,
000058.SZ,000058,20251209,93001420,949368,0,0,B,95100,400,929825,949367,
000058.SZ,000058,20251209,93001420,949369,0,0,B,95100,100,929934,949367,
000058.SZ,000058,20251209,93001420,949549,0,0,S,95000,200,949548,667359,
000058.SZ,000058,20251209,93001430,950871,0,0,B,95100,400,929934,950870,
000058.SZ,000058,20251209,93001430,950872,0,0,B,95100,400,935200,950870,
000058.SZ,000058,20251209,93001430,950873,0,0,B,95200,200,831297,950870,
000058.SZ,000058,20251209,93001490,955406,0,0,B,95200,2100,831297,955405,
000058.SZ,000058,20251209,93001500,955854,0,0,B,95200,500,831297,955853,
000058.SZ,000058,20251209,93001510,957334,0,0,S,95000,1000,957333,667359,
000058.SZ,000058,20251209,93001570,962897,0,0,S,95000,100,962896,667359,
000058.SZ,000058,20251209,93001570,962919,0,0,S,95000,700,962918,667359,
000058.SZ,000058,20251209,93001570,962924,0,0,S,95000,200,962923,667359,
000058.SZ,000058,20251209,93001570,962931,0,0,S,95000,500,962930,667359,
000058.SZ,000058,20251209,93001570,962934,0,0,S,95000,700,962933,667359,
000058.SZ,000058,20251209,93001570,962940,0,0,S,95000,700,962939,667359,
000058.SZ,000058,20251209,93001590,964476,0,0,S,95000,700,964475,667359,
000058.SZ,000058,20251209,93001590,964521,0,0,S,95000,500,964520,667359,
000058.SZ,000058,20251209,93001610,965581,0,0,S,95000,600,965580,667359,
000058.SZ,000058,20251209,93001610,966079,0,0,B,95100,100,962027,966078,
000058.SZ,000058,20251209,93001620,967248,0,0,B,95100,500,962027,967247,
000058.SZ,000058,20251209,93001640,968862,0,0,B,95100,200,962027,968861,
000058.SZ,000058,20251209,93001670,972177,0,0,B,95100,200,962027,972176,
000058.SZ,000058,20251209,93001720,977590,0,0,B,95100,3000,962027,977589,
000058.SZ,000058,20251209,93001740,978783,0,0,S,95000,1700,978782,667359,
000058.SZ,000058,20251209,93001740,978784,0,0,S,95000,800,978782,750046,
000058.SZ,000058,20251209,93001740,978785,0,0,S,95000,300,978782,780183,
000058.SZ,000058,20251209,93001740,978786,0,0,S,95000,900,978782,808040,
000058.SZ,000058,20251209,93001740,978787,0,0,S,95000,200,978782,821366,
000058.SZ,000058,20251209,93001750,979228,0,0,B,95100,200,962027,979227,
000058.SZ,000058,20251209,93001750,979229,0,0,B,95200,300,831297,979227,
000058.SZ,000058,20251209,93001750,979245,0,0,B,95200,1000,831297,979244,
000058.SZ,000058,20251209,93001760,980521,0,0,B,95200,2000,831297,980520,
000058.SZ,000058,20251209,93001770,981350,0,0,B,95200,5000,831297,981349,
000058.SZ,000058,20251209,93001790,982874,C,0, ,0,1000,351656,0,
000058.SZ,000058,20251209,93001790,982886,0,0,B,95200,30000,831297,982885,
000058.SZ,000058,20251209,93001820,985822,0,0,S,95000,300,985821,821366,
000058.SZ,000058,20251209,93001910,993754,0,0,B,95100,6300,991561,993753,
000058.SZ,000058,20251209,93001910,993770,0,0,B,95100,5500,991561,993769,
000058.SZ,000058,20251209,93001970,1000039,C,0, ,0,1000,0,907546,
000058.SZ,000058,20251209,93001980,1001381,0,0,B,95100,3000,991561,1001380,
000058.SZ,000058,20251209,93002070,1010325,0,0,S,95000,500,1010324,821366,
000058.SZ,000058,20251209,93002070,1010326,0,0,S,95000,600,1010324,941005,
000058.SZ,000058,20251209,93002070,1010327,0,0,S,95000,300,1010324,954562,
000058.SZ,000058,20251209,93002080,1011317,0,0,B,95100,300,991561,1011316,
000058.SZ,000058,20251209,93002100,1012350,0,0,S,95000,300,1012349,954562,
000058.SZ,000058,20251209,93002100,1012351,0,0,S,95000,800,1012349,984628,
000058.SZ,000058,20251209,93002100,1012352,0,0,S,95000,200,1012349,994161,
000058.SZ,000058,20251209,93002100,1012357,0,0,S,95000,200,1012356,994161,
000058.SZ,000058,20251209,93002100,1012358,0,0,S,95000,300,1012356,997376,
000058.SZ,000058,20251209,93002100,1012376,0,0,S,95000,300,1012375,997376,
000058.SZ,000058,20251209,93002100,1012377,0,0,S,95000,300,1012375,1007900,
000058.SZ,000058,20251209,93002150,1016463,0,0,B,95100,3000,991561,1016462,
000058.SZ,000058,20251209,93002190,1018441,0,0,S,95000,100,1018440,1007900,
000058.SZ,000058,20251209,93002190,1018446,0,0,B,95100,100,991561,1018445,
000058.SZ,000058,20251209,93002210,1020084,0,0,S,95000,400,1020083,1007900,
000058.SZ,000058,20251209,93002210,1020497,0,0,S,95000,200,1020496,1007900,
000058.SZ,000058,20251209,93002210,1020498,0,0,S,95000,400,1020496,1017789,
000058.SZ,000058,20251209,93002230,1021119,0,0,S,95000,200,1021118,1017789,
000058.SZ,000058,20251209,93002230,1021120,0,0,S,95000,300,1021118,1020152,
000058.SZ,000058,20251209,93002230,1021203,0,0,S,95000,100,1021202,1020152,
000058.SZ,000058,20251209,93002250,1022190,0,0,B,95100,200,991561,1022189,
000058.SZ,000058,20251209,93002280,1023983,0,0,B,95100,800,991561,1023982,
000058.SZ,000058,20251209,93002300,1025307,0,0,S,95000,100,1025306,1020152,
000058.SZ,000058,20251209,93002300,1025308,0,0,S,95000,200,1025306,1023711,
000058.SZ,000058,20251209,93002320,1026734,0,0,S,94900,800,1026733,960366,
000058.SZ,000058,20251209,93002370,1029282,0,0,B,95000,100,1025306,1029281,
000058.SZ,000058,20251209,93002380,1029378,0,0,B,95000,100,1025306,1029377,
000058.SZ,000058,20251209,93002380,1029379,0,0,B,95100,1900,991561,1029377,
000058.SZ,000058,20251209,93002410,1031063,0,0,S,95000,100,1031062,1030991,
000058.SZ,000058,20251209,93002410,1031105,0,0,S,95000,400,1031104,1030991,
000058.SZ,000058,20251209,93002410,1031146,0,0,S,95000,200,1031145,1030991,
000058.SZ,000058,20251209,93002420,1031514,0,0,S,94900,1400,1031513,960366,
000058.SZ,000058,20251209,93002500,1036846,0,0,B,94900,500,1031513,1036845,
000058.SZ,000058,20251209,93002560,1040415,0,0,B,94900,200,1031513,1040414,
000058.SZ,000058,20251209,93002590,1042500,0,0,B,94900,400,1031513,1042499,
000058.SZ,000058,20251209,93002590,1042501,0,0,B,94900,4800,1039392,1042499,
000058.SZ,000058,20251209,93002590,1042502,0,0,B,94900,800,1039598,1042499,
000058.SZ,000058,20251209,93002590,1042503,0,0,B,95000,100,1031145,1042499,
000058.SZ,000058,20251209,93002590,1042504,0,0,B,95000,1400,1037617,1042499,
000058.SZ,000058,20251209,93002590,1042505,0,0,B,95000,800,1038493,1042499,
000058.SZ,000058,20251209,93002590,1042506,0,0,B,95000,200,1038519,1042499,
000058.SZ,000058,20251209,93002590,1042507,0,0,B,95000,100,1039572,1042499,
000058.SZ,000058,20251209,93002590,1042508,0,0,B,95100,6400,991561,1042499,
000058.SZ,000058,20251209,93002590,1042847,0,0,B,95100,1500,991561,1042846,
000058.SZ,000058,20251209,93002630,1045347,0,0,B,95100,1000,991561,1045346,
000058.SZ,000058,20251209,93002650,1046925,0,0,B,95100,100,993092,1046924,
000058.SZ,000058,20251209,93002660,1047617,0,0,B,95100,1000,993092,1047616,
000058.SZ,000058,20251209,93002680,1049191,0,0,B,95100,1300,993092,1049190,
000058.SZ,000058,20251209,93002680,1049192,0,0,B,95100,200,1005597,1049190,
000058.SZ,000058,20251209,93002680,1049193,0,0,B,95100,500,1006103,1049190,
000058.SZ,000058,20251209,93002680,1049194,0,0,B,95100,300,1017297,1049190,
000058.SZ,000058,20251209,93002680,1049195,0,0,B,95100,1000,1035164,1049190,
000058.SZ,000058,20251209,93002680,1049196,0,0,B,95100,400,1039459,1049190,
000058.SZ,000058,20251209,93002680,1049197,0,0,B,95100,100,1039473,1049190,
000058.SZ,000058,20251209,93002680,1049198,0,0,B,95100,100,1040912,1049190,
000058.SZ,000058,20251209,93002680,1049375,0,0,B,95100,200,1040912,1049374,
000058.SZ,000058,20251209,93002680,1049376,0,0,B,95100,200,1041006,1049374,
000058.SZ,000058,20251209,93002680,1049377,0,0,B,95100,200,1042334,1049374,
000058.SZ,000058,20251209,93002680,1049378,0,0,B,95100,400,1042335,1049374,
000058.SZ,000058,20251209,93002730,1052082,0,0,B,94900,100,1051023,1052081,
000058.SZ,000058,20251209,93002730,1052083,0,0,B,94900,100,1051043,1052081,
000058.SZ,000058,20251209,93002730,1052084,0,0,B,94900,200,1051516,1052081,
000058.SZ,000058,20251209,93002730,1052085,0,0,B,95100,900,1042335,1052081,
000058.SZ,000058,20251209,93002790,1055555,0,0,B,95000,700,1053459,1055554,
000058.SZ,000058,20251209,93002790,1055556,0,0,B,95100,21500,1042335,1055554,
000058.SZ,000058,20251209,93002920,1063709,0,0,B,94900,1300,1060757,1063708,
000058.SZ,000058,20251209,93002920,1063710,0,0,B,95100,700,1042335,1063708,
000058.SZ,000058,20251209,93002960,1067057,0,0,B,95100,500,1042335,1067056,
000058.SZ,000058,20251209,93002970,1067547,0,0,B,95100,2700,1042335,1067546,
000058.SZ,000058,20251209,93003030,1071788,0,0,B,95100,1000,1042335,1071787,
000058.SZ,000058,20251209,93003030,1071873,0,0,B,95100,1000,1042335,1071872,
000058.SZ,000058,20251209,93003040,1072759,0,0,B,95100,900,1042335,1072758,
000058.SZ,000058,20251209,93003050,1073667,0,0,B,95100,3300,1042335,1073666,
000058.SZ,000058,20251209,93003050,1073668,0,0,B,95100,900,1042336,1073666,
000058.SZ,000058,20251209,93003050,1073669,0,0,B,95100,900,1042338,1073666,
000058.SZ,000058,20251209,93003050,1073670,0,0,B,95100,700,1042342,1073666,
000058.SZ,000058,20251209,93003050,1073671,0,0,B,95100,100,1043214,1073666,
000058.SZ,000058,20251209,93003050,1073672,0,0,B,95100,100,1043816,1073666,
000058.SZ,000058,20251209,93003050,1073673,0,0,B,95100,600,1044283,1073666,
000058.SZ,000058,20251209,93003050,1073674,0,0,B,95100,100,1050180,1073666,
000058.SZ,000058,20251209,93003050,1073675,0,0,B,95100,200,1060640,1073666,
000058.SZ,000058,20251209,93003050,1073676,0,0,B,95100,2800,1060960,1073666,
000058.SZ,000058,20251209,93003050,1073677,0,0,B,95100,300,1060963,1073666,
000058.SZ,000058,20251209,93003070,1074800,0,0,S,94900,100,1074799,1068414,
000058.SZ,000058,20251209,93003170,1080745,0,0,S,94900,900,1080744,1068414,
000058.SZ,000058,20251209,93003170,1080753,0,0,S,94800,700,1080752,460013,
000058.SZ,000058,20251209,93003170,1080755,0,0,S,94800,100,1080754,460013,
000058.SZ,000058,20251209,93003170,1080769,0,0,S,94800,200,1080768,460013,
000058.SZ,000058,20251209,93003170,1080784,0,0,S,94800,100,1080783,460013,
000058.SZ,000058,20251209,93003170,1080791,0,0,S,94800,100,1080790,460013,
000058.SZ,000058,20251209,93003180,1081501,0,0,B,94900,100,1080744,1081500,
000058.SZ,000058,20251209,93003180,1081583,0,0,S,94900,100,1081582,1081500,
000058.SZ,000058,20251209,93003190,1082070,0,0,S,94900,300,1082069,1081500,
000058.SZ,000058,20251209,93003370,1090072,0,0,B,94900,1200,1082069,1090071,
000058.SZ,000058,20251209,93003370,1090073,0,0,B,95000,1500,1081489,1090071,
000058.SZ,000058,20251209,93003370,1090074,0,0,B,95000,200,1082228,1090071,
000058.SZ,000058,20251209,93003370,1090075,0,0,B,95100,900,1060963,1090071,
000058.SZ,000058,20251209,93003380,1090567,0,0,B,95100,3000,1060963,1090566,
000058.SZ,000058,20251209,93003460,1095771,0,0,B,94900,100,1091277,1095770,
000058.SZ,000058,20251209,93003460,1095810,0,0,B,94900,500,1091277,1095809,
000058.SZ,000058,20251209,93003470,1096036,0,0,B,94900,200,1091277,1096035,
000058.SZ,000058,20251209,93003470,1096037,0,0,B,95100,300,1060963,1096035,
000058.SZ,000058,20251209,93003510,1097420,0,0,B,95100,500,1060963,1097419,
000058.SZ,000058,20251209,93003550,1099261,0,0,B,95100,2000,1060963,1099260,
000058.SZ,000058,20251209,93003560,1099713,0,0,S,95000,200,1099712,1097849,
000058.SZ,000058,20251209,93003590,1101008,C,0, ,0,1000,294260,0,
000058.SZ,000058,20251209,93003610,1102602,0,0,B,94900,300,1099712,1102601,
000058.SZ,000058,20251209,93003610,1102603,0,0,B,94900,500,1099719,1102601,
000058.SZ,000058,20251209,93003610,1102604,0,0,B,94900,400,1099775,1102601,
000058.SZ,000058,20251209,93003780,1113477,0,0,B,94900,100,1099775,1113476,
000058.SZ,000058,20251209,93003780,1113478,0,0,B,95000,200,1104479,1113476,
000058.SZ,000058,20251209,93003780,1113479,0,0,B,95000,100,1104846,1113476,
000058.SZ,000058,20251209,93003780,1113480,0,0,B,95000,100,1106570,1113476,
000058.SZ,000058,20251209,93003780,1113481,0,0,B,95000,100,1106838,1113476,
000058.SZ,000058,20251209,93003780,1113482,0,0,B,95000,100,1109736,1113476,
000058.SZ,000058,20251209,93003780,1113483,0,0,B,95100,1000,1060963,1113476,
000058.SZ,000058,20251209,93003860,1117294,0,0,B,95100,5000,1060963,1117293,
000058.SZ,000058,20251209,93003930,1119902,0,0,B,95100,1000,1060963,1119901,
000058.SZ,000058,20251209,93003940,1120810,0,0,B,95100,2100,1060963,1120809,
000058.SZ,000058,20251209,93003970,1122309,0,0,B,95100,1200,1060963,1122308,
000058.SZ,000058,20251209,93003970,1122668,0,0,B,95100,100,1060963,1122667,
000058.SZ,000058,20251209,93004010,1124512,0,0,B,95100,700,1060963,1124511,
000058.SZ,000058,20251209,93004030,1126195,0,0,B,95100,500,1060963,1126194,
000058.SZ,000058,20251209,93004030,1126196,0,0,B,95100,300,1066979,1126194,
000058.SZ,000058,20251209,93004030,1126197,0,0,B,95100,200,1071323,1126194,
000058.SZ,000058,20251209,93004040,1127336,0,0,B,95100,2100,1071323,1127335,
000058.SZ,000058,20251209,93004040,1127337,0,0,B,95100,400,1072227,1127335,
000058.SZ,000058,20251209,93004040,1127338,0,0,B,95100,200,1072256,1127335,
000058.SZ,000058,20251209,93004040,1127339,0,0,B,95100,200,1078143,1127335,
000058.SZ,000058,20251209,93004040,1127340,0,0,B,95100,100,1078950,1127335,
000058.SZ,000058,20251209,93004080,1129300,0,0,B,95100,900,1078950,1129299,
000058.SZ,000058,20251209,93004080,1129301,0,0,B,95100,200,1083532,1129299,
000058.SZ,000058,20251209,93004080,1129302,0,0,B,95100,300,1093087,1129299,
000058.SZ,000058,20251209,93004080,1129303,0,0,B,95100,200,1093121,1129299,
000058.SZ,000058,20251209,93004080,1129304,0,0,B,95100,200,1093260,1129299,
000058.SZ,000058,20251209,93004080,1129305,0,0,B,95100,200,1094722,1129299,
000058.SZ,000058,20251209,93004080,1129306,0,0,B,95100,100,1096224,1129299,
000058.SZ,000058,20251209,93004080,1129307,0,0,B,95100,200,1096949,1129299,
000058.SZ,000058,20251209,93004080,1129308,0,0,B,95100,800,1097477,1129299,
000058.SZ,000058,20251209,93004080,1129309,0,0,B,95100,100,1102520,1129299,
000058.SZ,000058,20251209,93004080,1129310,0,0,B,95100,1000,1109690,1129299,
000058.SZ,000058,20251209,93004080,1129311,0,0,B,95200,800,831297,1129299,
000058.SZ,000058,20251209,93004080,1129444,0,0,B,95200,8100,831297,1129443,
000058.SZ,000058,20251209,93004080,1129445,0,0,B,95200,300,844027,1129443,
000058.SZ,000058,20251209,93004080,1129446,0,0,B,95200,900,851418,1129443,
000058.SZ,000058,20251209,93004080,1129447,0,0,B,95200,1200,851520,1129443,
000058.SZ,000058,20251209,93004080,1129448,0,0,B,95200,2000,949737,1129443,
000058.SZ,000058,20251209,93004080,1129449,0,0,B,95200,400,1004013,1129443,
000058.SZ,000058,20251209,93004080,1129450,0,0,B,95200,300,1004020,1129443,
000058.SZ,000058,20251209,93004080,1129451,0,0,B,95200,700,1004022,1129443,
000058.SZ,000058,20251209,93004080,1129452,0,0,B,95200,1300,1043489,1129443,
000058.SZ,000058,20251209,93004080,1129453,0,0,B,95200,600,1043503,1129443,
000058.SZ,000058,20251209,93004080,1129454,0,0,B,95200,600,1043507,1129443,
000058.SZ,000058,20251209,93004080,1129455,0,0,B,95200,1800,1043510,1129443,
000058.SZ,000058,20251209,93004080,1129456,0,0,B,95200,100,1043871,1129443,
000058.SZ,000058,20251209,93004080,1129457,0,0,B,95200,200,1044405,1129443,
000058.SZ,000058,20251209,93004080,1129458,0,0,B,95200,100,1044407,1129443,
000058.SZ,000058,20251209,93004080,1129459,0,0,B,95200,400,1044411,1129443,
000058.SZ,000058,20251209,93004080,1129460,0,0,B,95200,400,1044412,1129443,
000058.SZ,000058,20251209,93004080,1129461,0,0,B,95200,400,1044424,1129443,
000058.SZ,000058,20251209,93004080,1129462,0,0,B,95200,300,1044435,1129443,
000058.SZ,000058,20251209,93004080,1129463,0,0,B,95200,400,1044437,1129443,
000058.SZ,000058,20251209,93004080,1129464,0,0,B,95200,300,1044438,1129443,
000058.SZ,000058,20251209,93004080,1129465,0,0,B,95200,400,1044439,1129443,
000058.SZ,000058,20251209,93004080,1129466,0,0,B,95200,300,1044440,1129443,
000058.SZ,000058,20251209,93004080,1129467,0,0,B,95200,100,1044441,1129443,
000058.SZ,000058,20251209,93004080,1129468,0,0,B,95200,200,1044446,1129443,
000058.SZ,000058,20251209,93004080,1129469,0,0,B,95200,500,1044454,1129443,
000058.SZ,000058,20251209,93004080,1129470,0,0,B,95200,300,1044484,1129443,
000058.SZ,000058,20251209,93004080,1129471,0,0,B,95200,100,1044493,1129443,
000058.SZ,000058,20251209,93004080,1129472,0,0,B,95200,2300,1045016,1129443,
000058.SZ,000058,20251209,93004080,1129473,0,0,B,95200,300,1045082,1129443,
000058.SZ,000058,20251209,93004080,1129474,0,0,B,95200,300,1045582,1129443,
000058.SZ,000058,20251209,93004080,1129475,0,0,B,95200,2300,1045599,1129443,
000058.SZ,000058,20251209,93004080,1129476,0,0,B,95200,500,1045890,1129443,
000058.SZ,000058,20251209,93004080,1129477,0,0,B,95200,500,1045914,1129443,
000058.SZ,000058,20251209,93004080,1129478,0,0,B,95200,400,1046139,1129443,
000058.SZ,000058,20251209,93004080,1129479,0,0,B,95200,400,1047349,1129443,
000058.SZ,000058,20251209,93004080,1129480,0,0,B,95200,100,1051789,1129443,
000058.SZ,000058,20251209,93004080,1129481,0,0,B,95200,400,1057308,1129443,
000058.SZ,000058,20251209,93004080,1129482,0,0,B,95200,400,1057312,1129443,
000058.SZ,000058,20251209,93004080,1129483,0,0,B,95200,300,1057347,1129443,
000058.SZ,000058,20251209,93004080,1129484,0,0,B,95200,2200,1063766,1129443,
000058.SZ,000058,20251209,93004080,1129485,0,0,B,95200,400,1063954,1129443,
000058.SZ,000058,20251209,93004080,1129486,0,0,B,95200,600,1063959,1129443,
000058.SZ,000058,20251209,93004080,1129487,0,0,B,95200,300,1064022,1129443,
000058.SZ,000058,20251209,93004080,1129488,0,0,B,95200,600,1064041,1129443,
000058.SZ,000058,20251209,93004080,1129489,0,0,B,95200,600,1064042,1129443,
000058.SZ,000058,20251209,93004080,1129490,0,0,B,95200,400,1064043,1129443,
000058.SZ,000058,20251209,93004080,1129491,0,0,B,95200,700,1064167,1129443,
000058.SZ,000058,20251209,93004080,1129492,0,0,B,95200,100,1068413,1129443,
000058.SZ,000058,20251209,93004080,1129493,0,0,B,95200,400,1079959,1129443,
000058.SZ,000058,20251209,93004080,1129494,0,0,B,95200,200,1092286,1129443,
000058.SZ,000058,20251209,93004080,1129495,0,0,B,95300,1000,5177,1129443,
000058.SZ,000058,20251209,93004080,1129496,0,0,B,95300,200,119595,1129443,
000058.SZ,000058,20251209,93004080,1129497,0,0,B,95300,400,121545,1129443,
000058.SZ,000058,20251209,93004080,1129498,0,0,B,95300,1000,230794,1129443,
000058.SZ,000058,20251209,93004080,1129499,0,0,B,95300,1500,255657,1129443,
000058.SZ,000058,20251209,93004080,1129500,0,0,B,95300,500,412663,1129443,
000058.SZ,000058,20251209,93004080,1129501,0,0,B,95300,10000,517153,1129443,
000058.SZ,000058,20251209,93004080,1129502,0,0,B,95300,3000,741781,1129443,
000058.SZ,000058,20251209,93004080,1129503,0,0,B,95400,400,42319,1129443,
000058.SZ,000058,20251209,93004080,1129504,0,0,B,95400,2000,511895,1129443,
000058.SZ,000058,20251209,93004080,1129505,0,0,B,95400,2000,527721,1129443,
000058.SZ,000058,20251209,93004080,1129506,0,0,B,95400,2500,528788,1129443,
000058.SZ,000058,20251209,93004080,1129507,0,0,B,95400,300,682278,1129443,
000058.SZ,000058,20251209,93004080,1129508,0,0,B,95400,1100,698152,1129443,
000058.SZ,000058,20251209,93004080,1129509,0,0,B,95400,13100,771202,1129443,
000058.SZ,000058,20251209,93004080,1129510,0,0,B,95400,700,1017419,1129443,
000058.SZ,000058,20251209,93004080,1129511,0,0,B,95500,400,121555,1129443,
000058.SZ,000058,20251209,93004080,1129512,0,0,B,95500,300,137340,1129443,
000058.SZ,000058,20251209,93004080,1129513,0,0,B,95500,500,144441,1129443,
000058.SZ,000058,20251209,93004080,1129514,0,0,B,95500,2500,235884,1129443,
000058.SZ,000058,20251209,93004080,1129515,0,0,B,95500,1000,253712,1129443,
000058.SZ,000058,20251209,93004080,1129516,0,0,B,95500,2000,511697,1129443,
000058.SZ,000058,20251209,93004080,1129517,0,0,B,95500,2000,524321,1129443,
000058.SZ,000058,20251209,93004080,1129518,0,0,B,95500,5000,730371,1129443,
000058.SZ,000058,20251209,93004080,1129519,0,0,B,95500,3000,736708,1129443,
000058.SZ,000058,20251209,93004080,1129520,0,0,B,95500,2000,769289,1129443,
000058.SZ,000058,20251209,93004080,1129521,0,0,B,95500,300,808690,1129443,
000058.SZ,000058,20251209,93004200,1133929,0,0,B,94900,300,1132460,1133928,
000058.SZ,000058,20251209,93004220,1134774,0,0,B,94900,200,1132460,1134773,
000058.SZ,000058,20251209,93004220,1134775,0,0,B,94900,500,1132489,1134773,
000058.SZ,000058,20251209,93004220,1134776,0,0,B,94900,300,1132591,1134773,
000058.SZ,000058,20251209,93004250,1135711,0,0,B,94900,200,1132591,1135710,
000058.SZ,000058,20251209,93004250,1135712,0,0,B,94900,300,1132592,1135710,
000058.SZ,000058,20251209,93004510,1146306,0,0,B,94900,200,1132592,1146305,
000058.SZ,000058,20251209,93004510,1146307,0,0,B,94900,800,1132596,1146305,
000058.SZ,000058,20251209,93004510,1146308,0,0,B,94900,500,1132628,1146305,
000058.SZ,000058,20251209,93004510,1146309,0,0,B,94900,500,1132631,1146305,
000058.SZ,000058,20251209,93004530,1146865,0,0,B,94900,500,1132633,1146864,
000058.SZ,000058,20251209,93004530,1146866,0,0,B,94900,500,1132672,1146864,
000058.SZ,000058,20251209,93004530,1146867,0,0,B,94900,500,1132818,1146864,
000058.SZ,000058,20251209,93004530,1146868,0,0,B,94900,700,1132825,1146864,
000058.SZ,000058,20251209,93004530,1146869,0,0,B,94900,300,1132930,1146864,
000058.SZ,000058,20251209,93004590,1148747,0,0,B,94900,200,1132930,1148746,
000058.SZ,000058,20251209,93004590,1148748,0,0,B,94900,500,1132976,1148746,
000058.SZ,000058,20251209,93004590,1148749,0,0,B,94900,500,1133255,1148746,
000058.SZ,000058,20251209,93004590,1148750,0,0,B,94900,500,1133328,1148746,
000058.SZ,000058,20251209,93004590,1148751,0,0,B,94900,300,1133341,1148746,
000058.SZ,000058,20251209,93004590,1148752,0,0,B,94900,500,1133940,1148746,
000058.SZ,000058,20251209,93004590,1148753,0,0,B,94900,500,1134042,1148746,
000058.SZ,000058,20251209,93004590,1148754,0,0,B,94900,500,1134104,1148746,
000058.SZ,000058,20251209,93004590,1148755,0,0,B,94900,800,1134139,1148746,
000058.SZ,000058,20251209,93004590,1148756,0,0,B,94900,500,1134154,1148746,
000058.SZ,000058,20251209,93004590,1148757,0,0,B,94900,500,1134273,1148746,
000058.SZ,000058,20251209,93004590,1148758,0,0,B,94900,400,1134455,1148746,
000058.SZ,000058,20251209,93004630,1151102,0,0,B,94900,100,1134455,1151101,
000058.SZ,000058,20251209,93004630,1151103,0,0,B,94900,500,1134830,1151101,
000058.SZ,000058,20251209,93004630,1151104,0,0,B,94900,400,1134968,1151101,
000058.SZ,000058,20251209,93004630,1151105,0,0,B,94900,500,1135545,1151101,
000058.SZ,000058,20251209,93004630,1151106,0,0,B,94900,700,1135655,1151101,
000058.SZ,000058,20251209,93004700,1155378,0,0,B,94900,100,1135655,1155377,
000058.SZ,000058,20251209,93004930,1163359,0,0,B,94900,100,1135655,1163358,
000058.SZ,000058,20251209,93004930,1163360,0,0,B,94900,500,1135999,1163358,
000058.SZ,000058,20251209,93004930,1163361,0,0,B,94900,400,1136034,1163358,
000058.SZ,000058,20251209,93005020,1167953,0,0,B,94900,100,1136034,1167952,
000058.SZ,000058,20251209,93005020,1167954,0,0,B,94900,900,1136363,1167952,
000058.SZ,000058,20251209,93005070,1171053,0,0,B,94900,200,1136384,1171052,
000058.SZ,000058,20251209,93005080,1171350,0,0,B,94900,100,1136384,1171349,
000058.SZ,000058,20251209,93005110,1172216,0,0,S,94800,100,1172215,460013,
000058.SZ,000058,20251209,93005110,1172219,0,0,S,94800,100,1172218,460013,
000058.SZ,000058,20251209,93005160,1174031,0,0,B,94900,200,1136384,1174030,
000058.SZ,000058,20251209,93005160,1174032,0,0,B,94900,900,1136385,1174030,
000058.SZ,000058,20251209,93005160,1174033,0,0,B,94900,100,1136390,1174030,
000058.SZ,000058,20251209,93005370,1178783,0,0,B,94900,500,1136390,1178782,
000058.SZ,000058,20251209,93005370,1178784,0,0,B,94900,500,1141100,1178782,
000058.SZ,000058,20251209,93005370,1178785,0,0,B,94900,700,1141323,1178782,
000058.SZ,000058,20251209,93005370,1178786,0,0,B,94900,500,1141329,1178782,
000058.SZ,000058,20251209,93005370,1178787,0,0,B,94900,500,1141963,1178782,
000058.SZ,000058,20251209,93005370,1178788,0,0,B,94900,500,1142003,1178782,
000058.SZ,000058,20251209,93005370,1178789,0,0,B,94900,300,1142043,1178782,
000058.SZ,000058,20251209,93005370,1178790,0,0,B,94900,600,1142072,1178782,
000058.SZ,000058,20251209,93005370,1178791,0,0,B,94900,700,1142103,1178782,
000058.SZ,000058,20251209,93005370,1178792,0,0,B,94900,400,1142120,1178782,
000058.SZ,000058,20251209,93005370,1178793,0,0,B,94900,500,1142155,1178782,
000058.SZ,000058,20251209,93005370,1178794,0,0,B,94900,500,1142170,1178782,
000058.SZ,000058,20251209,93005370,1178795,0,0,B,94900,900,1142203,1178782,
000058.SZ,000058,20251209,93005370,1178796,0,0,B,94900,500,1145850,1178782,
000058.SZ,000058,20251209,93005370,1178797,0,0,B,94900,500,1145863,1178782,
000058.SZ,000058,20251209,93005370,1178798,0,0,B,94900,600,1145866,1178782,
000058.SZ,000058,20251209,93005370,1178799,0,0,B,94900,500,1145867,1178782,
000058.SZ,000058,20251209,93005370,1178800,0,0,B,94900,500,1145875,1178782,
000058.SZ,000058,20251209,93005370,1178801,0,0,B,94900,300,1145915,1178782,
000058.SZ,000058,20251209,93005390,1179446,0,0,B,94900,200,1145915,1179445,
000058.SZ,000058,20251209,93005410,1179874,0,0,B,94900,100,1145949,1179873,
000058.SZ,000058,20251209,93005550,1183090,C,0, ,0,500,36011,0,
000058.SZ,000058,20251209,93005580,1184110,0,0,B,94900,400,1145949,1184109,
000058.SZ,000058,20251209,93005580,1184111,0,0,B,94900,500,1145953,1184109,
000058.SZ,000058,20251209,93005580,1184112,0,0,B,94900,600,1145966,1184109,
000058.SZ,000058,20251209,93005580,1184113,0,0,B,94900,300,1145984,1184109,
000058.SZ,000058,20251209,93005680,1187620,0,0,B,94900,400,1145984,1187619,
000058.SZ,000058,20251209,93005900,1193585,C,0, ,0,400,0,1063858,
000058.SZ,000058,20251209,93005930,1194316,0,0,B,94900,200,1145984,1194315,
000058.SZ,000058,20251209,93005930,1194317,0,0,B,94900,500,1146116,1194315,
000058.SZ,000058,20251209,93005930,1194318,0,0,B,94900,500,1146117,1194315,
000058.SZ,000058,20251209,93005930,1194319,0,0,B,94900,400,1146430,1194315,
000058.SZ,000058,20251209,93005930,1194320,0,0,B,94900,500,1147086,1194315,
000058.SZ,000058,20251209,93005930,1194321,0,0,B,94900,900,1147258,1194315,
000058.SZ,000058,20251209,93005930,1194322,0,0,B,94900,500,1147339,1194315,
000058.SZ,000058,20251209,93005930,1194323,0,0,B,94900,500,1147343,1194315,
000058.SZ,000058,20251209,93005930,1194324,0,0,B,94900,700,1148885,1194315,
000058.SZ,000058,20251209,93005930,1194325,0,0,B,94900,600,1148955,1194315,
000058.SZ,000058,20251209,93005930,1194326,0,0,B,94900,500,1148962,1194315,
000058.SZ,000058,20251209,93005930,1194327,0,0,B,94900,500,1148969,1194315,
000058.SZ,000058,20251209,93005930,1194328,0,0,B,94900,500,1149009,1194315,
000058.SZ,000058,20251209,93005930,1194329,0,0,B,94900,500,1155379,1194315,
000058.SZ,000058,20251209,93005930,1194330,0,0,B,94900,500,1155534,1194315,
000058.SZ,000058,20251209,93005930,1194331,0,0,B,94900,700,1155535,1194315,
000058.SZ,000058,20251209,93005930,1194332,0,0,B,94900,400,1155563,1194315,
000058.SZ,000058,20251209,93005930,1194333,0,0,B,94900,500,1155602,1194315,
000058.SZ,000058,20251209,93005930,1194334,0,0,B,94900,500,1155631,1194315,
000058.SZ,000058,20251209,93005930,1194335,0,0,B,94900,100,1155732,1194315,
000058.SZ,000058,20251209,93006000,1196476,0,0,B,94900,400,1155732,1196475,
000058.SZ,000058,20251209,93006000,1196477,0,0,B,94900,500,1158476,1196475,
000058.SZ,000058,20251209,93006000,1196478,0,0,B,94900,500,1158658,1196475,
000058.SZ,000058,20251209,93006000,1196479,0,0,B,94900,900,1161178,1196475,
000058.SZ,000058,20251209,93006000,1196480,0,0,B,94900,900,1161340,1196475,
000058.SZ,000058,20251209,93006000,1196481,0,0,B,94900,900,1161341,1196475,
000058.SZ,000058,20251209,93006000,1196482,0,0,B,94900,500,1161344,1196475,
000058.SZ,000058,20251209,93006000,1196483,0,0,B,94900,100,1161345,1196475,
000058.SZ,000058,20251209,93006000,1196484,0,0,B,94900,700,1162352,1196475,
000058.SZ,000058,20251209,93006000,1196485,0,0,B,94900,900,1162360,1196475,
000058.SZ,000058,20251209,93006000,1196486,0,0,B,94900,500,1162364,1196475,
000058.SZ,000058,20251209,93006000,1196487,0,0,B,94900,500,1162392,1196475,
000058.SZ,000058,20251209,93006000,1196488,0,0,B,94900,600,1162823,1196475,
000058.SZ,000058,20251209,93006000,1196489,0,0,B,94900,500,1162905,1196475,
000058.SZ,000058,20251209,93006000,1196490,0,0,B,94900,500,1163084,1196475,
000058.SZ,000058,20251209,93006000,1196491,0,0,B,94900,500,1163430,1196475,
000058.SZ,000058,20251209,93006000,1196492,0,0,B,94900,500,1163573,1196475,
000058.SZ,000058,20251209,93006000,1196493,0,0,B,94900,500,1171500,1196475,
000058.SZ,000058,20251209,93006000,1196494,0,0,B,94900,200,1173714,1196475,
000058.SZ,000058,20251209,93006000,1196495,0,0,B,94900,500,1174596,1196475,
000058.SZ,000058,20251209,93006000,1196496,0,0,B,94900,20,1180228,1196475,
000058.SZ,000058,20251209,93006000,1196497,0,0,B,94900,400,1180999,1196475,
000058.SZ,000058,20251209,93006000,1196498,0,0,B,95000,100,1159311,1196475,
000058.SZ,000058,20251209,93006000,1196499,0,0,B,95000,200,1159335,1196475,
000058.SZ,000058,20251209,93006000,1196500,0,0,B,95000,300,1159684,1196475,
000058.SZ,000058,20251209,93006000,1196501,0,0,B,95000,3000,1163602,1196475,
000058.SZ,000058,20251209,93006000,1196502,0,0,B,95000,80880,1177563,1196475,
000058.SZ,000058,20251209,93006020,1197596,0,0,B,95000,1900,1177563,1197595,
000058.SZ,000058,20251209,93006020,1197685,0,0,B,95000,300,1177563,1197684,
000058.SZ,000058,20251209,93006030,1197898,0,0,B,95000,800,1177563,1197897,
000058.SZ,000058,20251209,93006030,1198089,0,0,B,95000,500,1177563,1198088,
000058.SZ,000058,20251209,93006040,1198764,0,0,B,95000,100,1177563,1198763,
000058.SZ,000058,20251209,93006050,1199417,0,0,B,95000,200,1177563,1199416,
000058.SZ,000058,20251209,93006150,1202842,0,0,S,94800,8600,1202841,460013,
000058.SZ,000058,20251209,93006150,1202843,0,0,S,94800,1100,1202841,477923,
000058.SZ,000058,20251209,93006150,1202844,0,0,S,94800,100,1202841,511533,
000058.SZ,000058,20251209,93006150,1202848,0,0,S,94800,100,1202847,511533,
000058.SZ,000058,20251209,93006150,1202849,0,0,S,94800,3000,1202847,873355,
000058.SZ,000058,20251209,93006150,1202850,0,0,S,94800,500,1202847,963859,
000058.SZ,000058,20251209,93006150,1202851,0,0,S,94800,400,1202847,976049,
000058.SZ,000058,20251209,93006150,1202852,0,0,S,94800,8300,1202847,1167719,
000058.SZ,000058,20251209,93006150,1202954,0,0,B,94900,200,1199664,1202953,
000058.SZ,000058,20251209,93006150,1203192,0,0,S,94800,2200,1203191,1167719,
000058.SZ,000058,20251209,93006430,1211529,0,0,B,94800,6300,1203191,1211528,
000058.SZ,000058,20251209,93006450,1212096,0,0,B,94800,1000,1203191,1212095,
000058.SZ,000058,20251209,93006500,1214382,0,0,B,94800,400,1203191,1214381,
000058.SZ,000058,20251209,93006550,1215724,0,0,B,94800,800,1203191,1215723,
000058.SZ,000058,20251209,93006690,1220189,0,0,B,94800,100,1203191,1220188,
000058.SZ,000058,20251209,93006770,1223056,0,0,S,94700,100,1223055,739499,
000058.SZ,000058,20251209,93006930,1227505,C,0, ,0,1600,0,311196,
000058.SZ,000058,20251209,93007000,1229512,0,0,B,94800,5400,1203191,1229511,
000058.SZ,000058,20251209,93007020,1230284,0,0,B,94800,700,1203191,1230283,
000058.SZ,000058,20251209,93007020,1230564,0,0,B,94800,2000,1203191,1230563,
000058.SZ,000058,20251209,93007030,1230938,0,0,S,94700,700,1230937,739499,
000058.SZ,000058,20251209,93007050,1231640,0,0,B,94800,800,1203191,1231639,
000058.SZ,000058,20251209,93007090,1233156,0,0,B,94800,2000,1203191,1233155,
000058.SZ,000058,20251209,93007250,1236225,C,0, ,0,2600,1203191,0,
000058.SZ,000058,20251209,93007530,1243210,0,0,B,94800,300,1204579,1243209,
000058.SZ,000058,20251209,93007860,1251040,0,0,B,94800,200,1204579,1251039,
000058.SZ,000058,20251209,93007860,1251041,0,0,B,94800,100,1204636,1251039,
000058.SZ,000058,20251209,93007860,1251042,0,0,B,94800,700,1204639,1251039,
000058.SZ,000058,20251209,93007860,1251043,0,0,B,94800,1300,1205520,1251039,
000058.SZ,000058,20251209,93007860,1251044,0,0,B,94800,1000,1205767,1251039,
000058.SZ,000058,20251209,93007860,1251045,0,0,B,94800,1700,1206043,1251039,
000058.SZ,000058,20251209,93007900,1252298,0,0,B,94800,500,1206043,1252297,
000058.SZ,000058,20251209,93007990,1254238,0,0,B,94800,400,1206043,1254237,
000058.SZ,000058,20251209,93008070,1256741,0,0,S,94700,300,1256740,739499,
000058.SZ,000058,20251209,93008130,1258238,0,0,B,94800,300,1206043,1258237,
000058.SZ,000058,20251209,93008190,1258773,C,0, ,0,400,1180907,0,
000058.SZ,000058,20251209,93008570,1264053,0,0,B,94800,200,1206043,1264052,
000058.SZ,000058,20251209,93008570,1264054,0,0,B,94800,400,1206045,1264052,
000058.SZ,000058,20251209,93008850,1267906,C,0, ,0,38300,1229103,0,
000058.SZ,000058,20251209,93008850,1267907,C,0, ,0,37200,1229104,0,
000058.SZ,000058,20251209,93008850,1267938,C,0, ,0,8900,1229152,0,
000058.SZ,000058,20251209,93008850,1267939,C,0, ,0,4500,1229146,0,
000058.SZ,000058,20251209,93008850,1267975,C,0, ,0,400,1229490,0,
000058.SZ,000058,20251209,93008850,1267978,C,0, ,0,8900,1229197,0,
000058.SZ,000058,20251209,93008850,1268007,C,0, ,0,100,1229527,0,
000058.SZ,000058,20251209,93008860,1268203,C,0, ,0,500,1160143,0,
000058.SZ,000058,20251209,93008870,1268266,0,0,B,94800,900,1206045,1268265,
000058.SZ,000058,20251209,93008870,1268267,0,0,B,94800,400,1206278,1268265,
000058.SZ,000058,20251209,93008930,1269203,0,0,B,94800,100,1206278,1269202,
000058.SZ,000058,20251209,93008930,1269204,0,0,B,94800,500,1206285,1269202,
000058.SZ,000058,20251209,93008950,1269665,0,0,B,94800,800,1206615,1269664,
000058.SZ,000058,20251209,93008950,1269666,0,0,B,94800,300,1206931,1269664,
000058.SZ,000058,20251209,93009150,1273118,0,0,S,94700,100,1273117,739499,
000058.SZ,000058,20251209,93009150,1273120,0,0,S,94700,400,1273119,739499,
000058.SZ,000058,20251209,93009150,1273139,0,0,S,94700,200,1273138,739499,
000058.SZ,000058,20251209,93009150,1273141,0,0,S,94700,100,1273140,739499,
000058.SZ,000058,20251209,93009150,1273143,0,0,S,94700,100,1273142,739499,
000058.SZ,000058,20251209,93009150,1273145,0,0,S,94700,300,1273144,739499,
000058.SZ,000058,20251209,93009150,1273147,0,0,S,94700,100,1273146,739499,
000058.SZ,000058,20251209,93009150,1273149,0,0,S,94700,100,1273148,739499,
000058.SZ,000058,20251209,93009150,1273151,0,0,S,94700,100,1273150,739499,
000058.SZ,000058,20251209,93009150,1273153,0,0,S,94700,100,1273152,739499,
000058.SZ,000058,20251209,93009150,1273155,0,0,S,94700,100,1273154,739499,
000058.SZ,000058,20251209,93009150,1273163,0,0,S,94700,100,1273162,739499,
000058.SZ,000058,20251209,93009150,1273167,0,0,S,94700,200,1273166,739499,
000058.SZ,000058,20251209,93009150,1273169,0,0,S,94700,100,1273168,739499,
000058.SZ,000058,20251209,93009150,1273171,0,0,S,94700,100,1273170,739499,
000058.SZ,000058,20251209,93009150,1273173,0,0,S,94700,100,1273172,739499,
000058.SZ,000058,20251209,93009150,1273175,0,0,S,94700,100,1273174,739499,
000058.SZ,000058,20251209,93009150,1273177,0,0,S,94700,100,1273176,739499,
000058.SZ,000058,20251209,93009150,1273179,0,0,S,94700,100,1273178,739499,
000058.SZ,000058,20251209,93009150,1273181,0,0,S,94700,100,1273180,739499,
000058.SZ,000058,20251209,93009150,1273183,0,0,S,94700,100,1273182,739499,
000058.SZ,000058,20251209,93009150,1273187,0,0,S,94700,100,1273186,739499,
000058.SZ,000058,20251209,93009150,1273189,0,0,S,94700,100,1273188,739499,
000058.SZ,000058,20251209,93009150,1273191,0,0,S,94700,200,1273190,739499,
000058.SZ,000058,20251209,93009150,1273193,0,0,S,94700,100,1273192,739499,
000058.SZ,000058,20251209,93009150,1273195,0,0,S,94700,200,1273194,739499,
000058.SZ,000058,20251209,93009150,1273197,0,0,S,94700,100,1273196,739499,
000058.SZ,000058,20251209,93009150,1273199,0,0,S,94700,100,1273198,739499,
000058.SZ,000058,20251209,93009150,1273201,0,0,S,94700,100,1273200,739499,
000058.SZ,000058,20251209,93009150,1273203,0,0,S,94700,100,1273202,739499,
000058.SZ,000058,20251209,93009150,1273207,0,0,S,94700,100,1273206,895547,
000058.SZ,000058,20251209,93009150,1273209,0,0,S,94700,100,1273208,895547,
000058.SZ,000058,20251209,93009150,1273211,0,0,S,94700,200,1273210,895547,
000058.SZ,000058,20251209,93009150,1273213,0,0,S,94700,200,1273212,895547,
000058.SZ,000058,20251209,93009150,1273215,0,0,S,94700,100,1273214,895547,
000058.SZ,000058,20251209,93009150,1273217,0,0,S,94700,100,1273216,895547,
000058.SZ,000058,20251209,93009150,1273220,0,0,S,94700,100,1273219,895547,
000058.SZ,000058,20251209,93009150,1273224,0,0,S,94700,100,1273223,895547,
000058.SZ,000058,20251209,93009150,1273226,0,0,S,94700,700,1273225,895547,
000058.SZ,000058,20251209,93009150,1273228,0,0,S,94700,100,1273227,895547,
000058.SZ,000058,20251209,93009150,1273255,0,0,S,94600,500,1273254,409810,
000058.SZ,000058,20251209,93009150,1273256,0,0,S,94600,1900,1273254,705882,
000058.SZ,000058,20251209,93009150,1273257,0,0,S,94600,2000,1273254,816279,
000058.SZ,000058,20251209,93009150,1273258,0,0,S,94600,2500,1273254,874635,
000058.SZ,000058,20251209,93009150,1273261,0,0,S,94600,1000,1273260,874635,
000058.SZ,000058,20251209,93009150,1273266,0,0,S,94600,300,1273265,874635,
000058.SZ,000058,20251209,93009150,1273268,0,0,S,94600,1200,1273267,874635,
000058.SZ,000058,20251209,93009150,1273269,0,0,S,94600,1200,1273267,1006192,
000058.SZ,000058,20251209,93009150,1273270,0,0,S,94600,3300,1273267,1033457,
000058.SZ,000058,20251209,93009150,1273274,0,0,S,94600,1700,1273273,1033457,
000058.SZ,000058,20251209,93009150,1273275,0,0,S,94600,1100,1273273,1049558,
000058.SZ,000058,20251209,93009150,1273303,0,0,S,94600,1000,1273302,1073537,
000058.SZ,000058,20251209,93009160,1273540,0,0,S,94600,200,1273539,1073537,
000058.SZ,000058,20251209,93009340,1277642,C,0, ,0,200,1223023,0,
000058.SZ,000058,20251209,93009460,1282102,0,0,B,94700,100,1273229,1282101,
000058.SZ,000058,20251209,93009460,1282103,0,0,B,94700,100,1273230,1282101,
000058.SZ,000058,20251209,93009460,1282104,0,0,B,94700,100,1273231,1282101,
000058.SZ,000058,20251209,93009460,1282105,0,0,B,94700,100,1273234,1282101,
000058.SZ,000058,20251209,93009460,1282106,0,0,B,94700,100,1273235,1282101,
000058.SZ,000058,20251209,93009460,1282107,0,0,B,94700,1300,1273264,1282101,
000058.SZ,000058,20251209,93009460,1282108,0,0,B,94700,200,1273278,1282101,
000058.SZ,000058,20251209,93009460,1282109,0,0,B,94700,300,1273280,1282101,
000058.SZ,000058,20251209,93009460,1282110,0,0,B,94700,300,1273284,1282101,
000058.SZ,000058,20251209,93009460,1282111,0,0,B,94700,100,1273295,1282101,
000058.SZ,000058,20251209,93009460,1282112,0,0,B,94700,100,1273299,1282101,
000058.SZ,000058,20251209,93009460,1282113,0,0,B,94700,100,1273313,1282101,
000058.SZ,000058,20251209,93009460,1282114,0,0,B,94700,100,1273329,1282101,
000058.SZ,000058,20251209,93009460,1282115,0,0,B,94700,100,1273348,1282101,
000058.SZ,000058,20251209,93009460,1282116,0,0,B,94700,100,1273424,1282101,
000058.SZ,000058,20251209,93009460,1282117,0,0,B,94700,500,1273451,1282101,
000058.SZ,000058,20251209,93009530,1282981,0,0,B,94700,500,1273497,1282980,
000058.SZ,000058,20251209,93009530,1282982,0,0,B,94700,200,1273504,1282980,
000058.SZ,000058,20251209,93009590,1284099,0,0,S,94600,1000,1284098,1073537,
000058.SZ,000058,20251209,93009610,1284395,0,0,B,94700,300,1273504,1284394,
000058.SZ,000058,20251209,93009610,1284396,0,0,B,94700,300,1273527,1284394,
000058.SZ,000058,20251209,93009680,1286427,0,0,B,94700,2000,1273527,1286426,
000058.SZ,000058,20251209,93010000,1293262,0,0,B,94700,100,1273527,1293261,
000058.SZ,000058,20251209,93010420,1300944,0,0,B,94700,500,1273527,1300943,
000058.SZ,000058,20251209,93010730,1307305,0,0,B,94700,2800,1273527,1307304,
000058.SZ,000058,20251209,93010730,1307306,0,0,B,94700,300,1273777,1307304,
000058.SZ,000058,20251209,93010840,1308894,C,0, ,0,11800,1201808,0,
000058.SZ,000058,20251209,93010840,1308899,C,0, ,0,13800,1202198,0,
000058.SZ,000058,20251209,93011320,1314300,0,0,B,94700,200,1273777,1314299,
000058.SZ,000058,20251209,93011320,1314301,0,0,B,94700,300,1273782,1314299,
000058.SZ,000058,20251209,93011750,1319121,0,0,B,94700,200,1273782,1319120,
000058.SZ,000058,20251209,93011750,1319122,0,0,B,94700,300,1273805,1319120,
000058.SZ,000058,20251209,93012150,1323037,0,0,S,94600,400,1323036,1073537,
000058.SZ,000058,20251209,93012150,1323039,0,0,S,94600,200,1323038,1073537,
000058.SZ,000058,20251209,93012150,1323042,0,0,S,94600,200,1323041,1073537,
000058.SZ,000058,20251209,93012150,1323043,0,0,S,94600,100,1323041,1081976,
000058.SZ,000058,20251209,93012150,1323045,0,0,S,94600,300,1323044,1081976,
000058.SZ,000058,20251209,93012150,1323047,0,0,S,94600,200,1323046,1081976,
000058.SZ,000058,20251209,93012150,1323049,0,0,S,94600,100,1323048,1081976,
000058.SZ,000058,20251209,93012150,1323051,0,0,S,94600,100,1323050,1081976,
000058.SZ,000058,20251209,93012150,1323052,0,0,S,94600,100,1323050,1254496,
000058.SZ,000058,20251209,93012150,1323054,0,0,S,94600,500,1323053,1254496,
000058.SZ,000058,20251209,93012150,1323056,0,0,S,94600,200,1323055,1254496,
000058.SZ,000058,20251209,93012150,1323058,0,0,S,94600,200,1323057,1254496,
000058.SZ,000058,20251209,93012150,1323059,0,0,S,94600,200,1323057,1259132,
000058.SZ,000058,20251209,93012150,1323063,0,0,S,94600,200,1323062,1259132,
000058.SZ,000058,20251209,93012150,1323065,0,0,S,94600,100,1323064,1259132,
000058.SZ,000058,20251209,93012150,1323067,0,0,S,94600,100,1323066,1259132,
000058.SZ,000058,20251209,93012150,1323068,0,0,S,94600,100,1323066,1310248,
000058.SZ,000058,20251209,93012150,1323070,0,0,S,94600,100,1323069,1310248,
000058.SZ,000058,20251209,93012150,1323072,0,0,S,94600,200,1323071,1310248,
000058.SZ,000058,20251209,93012150,1323076,0,0,S,94600,300,1323075,1310248,
000058.SZ,000058,20251209,93012150,1323078,0,0,S,94600,200,1323077,1310248,
000058.SZ,000058,20251209,93012150,1323080,0,0,S,94600,200,1323079,1310248,
000058.SZ,000058,20251209,93012150,1323082,0,0,S,94600,100,1323081,1310248,
000058.SZ,000058,20251209,93012150,1323084,0,0,S,94600,200,1323083,1310248,
000058.SZ,000058,20251209,93012150,1323086,0,0,S,94600,200,1323085,1310248,
000058.SZ,000058,20251209,93012150,1323088,0,0,S,94600,100,1323087,1310248,
000058.SZ,000058,20251209,93012150,1323090,0,0,S,94600,700,1323089,1310248,
000058.SZ,000058,20251209,93012150,1323092,0,0,S,94600,200,1323091,1310248,
000058.SZ,000058,20251209,93012150,1323094,0,0,S,94600,100,1323093,1310248,
000058.SZ,000058,20251209,93012150,1323096,0,0,S,94600,300,1323095,1310248,
000058.SZ,000058,20251209,93012150,1323098,0,0,S,94600,100,1323097,1310248,
000058.SZ,000058,20251209,93012150,1323100,0,0,S,94600,100,1323099,1310248,
000058.SZ,000058,20251209,93012150,1323102,0,0,S,94600,600,1323101,1310248,
000058.SZ,000058,20251209,93012150,1323104,0,0,S,94600,400,1323103,1310248,
000058.SZ,000058,20251209,93012150,1323106,0,0,S,94600,100,1323105,1310248,
000058.SZ,000058,20251209,93012150,1323108,0,0,S,94600,100,1323107,1310248,
000058.SZ,000058,20251209,93012150,1323110,0,0,S,94600,600,1323109,1310248,
000058.SZ,000058,20251209,93012150,1323112,0,0,S,94600,200,1323111,1310248,
000058.SZ,000058,20251209,93012150,1323114,0,0,S,94600,300,1323113,1310248,
000058.SZ,000058,20251209,93012150,1323118,0,0,S,94600,400,1323117,1310248,
000058.SZ,000058,20251209,93012150,1323120,0,0,S,94600,100,1323119,1310248,
000058.SZ,000058,20251209,93012150,1323122,0,0,S,94600,100,1323121,1310248,
000058.SZ,000058,20251209,93012150,1323124,0,0,S,94600,300,1323123,1310248,
000058.SZ,000058,20251209,93012150,1323126,0,0,S,94600,100,1323125,1310248,
000058.SZ,000058,20251209,93012150,1323128,0,0,S,94600,200,1323127,1310248,
000058.SZ,000058,20251209,93012150,1323130,0,0,S,94600,300,1323129,1310248,
000058.SZ,000058,20251209,93012150,1323132,0,0,S,94600,200,1323131,1310248,
000058.SZ,000058,20251209,93012150,1323134,0,0,S,94600,200,1323133,1310248,
000058.SZ,000058,20251209,93012150,1323136,0,0,S,94600,100,1323135,1310248,
000058.SZ,000058,20251209,93012150,1323138,0,0,S,94600,100,1323137,1310248,
000058.SZ,000058,20251209,93012150,1323140,0,0,S,94600,200,1323139,1310248,
000058.SZ,000058,20251209,93012150,1323142,0,0,S,94600,300,1323141,1310248,
000058.SZ,000058,20251209,93012150,1323144,0,0,S,94600,400,1323143,1310248,
000058.SZ,000058,20251209,93012150,1323146,0,0,S,94600,100,1323145,1310248,
000058.SZ,000058,20251209,93012150,1323148,0,0,S,94600,100,1323147,1310248,
000058.SZ,000058,20251209,93012150,1323150,0,0,S,94600,200,1323149,1310248,
000058.SZ,000058,20251209,93012150,1323152,0,0,S,94600,100,1323151,1310248,
000058.SZ,000058,20251209,93012150,1323154,0,0,S,94600,100,1323153,1310248,
000058.SZ,000058,20251209,93012150,1323156,0,0,S,94600,300,1323155,1310248,
000058.SZ,000058,20251209,93012150,1323161,0,0,S,94600,100,1323160,1310248,
000058.SZ,000058,20251209,93012150,1323163,0,0,S,94600,300,1323162,1310248,
000058.SZ,000058,20251209,93012150,1323165,0,0,S,94600,300,1323164,1310248,
000058.SZ,000058,20251209,93012150,1323167,0,0,S,94600,200,1323166,1310248,
000058.SZ,000058,20251209,93012150,1323169,0,0,S,94600,100,1323168,1310248,
000058.SZ,000058,20251209,93012150,1323171,0,0,S,94600,100,1323170,1310248,
000058.SZ,000058,20251209,93012150,1323173,0,0,S,94600,200,1323172,1310248,
000058.SZ,000058,20251209,93012150,1323175,0,0,S,94600,100,1323174,1310248,
000058.SZ,000058,20251209,93012150,1323177,0,0,S,94600,200,1323176,1310248,
000058.SZ,000058,20251209,93012150,1323179,0,0,S,94600,300,1323178,1310248,
000058.SZ,000058,20251209,93012150,1323181,0,0,S,94600,100,1323180,1310248,
000058.SZ,000058,20251209,93012150,1323183,0,0,S,94600,300,1323182,1310248,
000058.SZ,000058,20251209,93012150,1323185,0,0,S,94600,200,1323184,1310248,
000058.SZ,000058,20251209,93012150,1323187,0,0,S,94600,300,1323186,1310248,
000058.SZ,000058,20251209,93012150,1323189,0,0,S,94600,300,1323188,1310248,
000058.SZ,000058,20251209,93012150,1323191,0,0,S,94600,300,1323190,1310248,
000058.SZ,000058,20251209,93012150,1323319,0,0,S,94500,100,1323318,433457,
000058.SZ,000058,20251209,93012230,1325825,C,0, ,0,600,1259292,0,
000058.SZ,000058,20251209,93012340,1327641,0,0,B,94600,300,1323192,1327640,
000058.SZ,000058,20251209,93012340,1327642,0,0,B,94600,100,1323193,1327640,
000058.SZ,000058,20251209,93012340,1327643,0,0,B,94600,100,1323194,1327640,
000058.SZ,000058,20251209,93012340,1327644,0,0,B,94600,200,1323195,1327640,
000058.SZ,000058,20251209,93012340,1327645,0,0,B,94600,300,1323196,1327640,
000058.SZ,000058,20251209,93012340,1327646,0,0,B,94600,100,1323197,1327640,
000058.SZ,000058,20251209,93012340,1327647,0,0,B,94600,100,1323198,1327640,
000058.SZ,000058,20251209,93012340,1327648,0,0,B,94600,200,1323199,1327640,
000058.SZ,000058,20251209,93012340,1327649,0,0,B,94600,100,1323203,1327640,
000058.SZ,000058,20251209,93012340,1327650,0,0,B,94600,100,1323206,1327640,
000058.SZ,000058,20251209,93012340,1327651,0,0,B,94600,700,1323207,1327640,
000058.SZ,000058,20251209,93012340,1327652,0,0,B,94600,300,1323210,1327640,
000058.SZ,000058,20251209,93012340,1327653,0,0,B,94600,400,1323211,1327640,
000058.SZ,000058,20251209,93012340,1327654,0,0,B,94600,100,1323246,1327640,
000058.SZ,000058,20251209,93012340,1327655,0,0,B,94600,200,1323247,1327640,
000058.SZ,000058,20251209,93012340,1327656,0,0,B,94600,200,1323248,1327640,
000058.SZ,000058,20251209,93012340,1327657,0,0,B,94600,100,1323249,1327640,
000058.SZ,000058,20251209,93012340,1327658,0,0,B,94600,300,1323250,1327640,
000058.SZ,000058,20251209,93012340,1327659,0,0,B,94600,100,1323251,1327640,
000058.SZ,000058,20251209,93012390,1328367,0,0,S,94500,100,1328366,433457,
000058.SZ,000058,20251209,93012540,1331638,C,0, ,0,300,1205078,0,
000058.SZ,000058,20251209,93012950,1338863,C,0, ,0,1000,1292686,0,
000058.SZ,000058,20251209,93013030,1340005,C,0, ,0,100,1255799,0,
000058.SZ,000058,20251209,93013030,1340007,C,0, ,0,100,1255856,0,
000058.SZ,000058,20251209,93013030,1340008,C,0, ,0,100,1255940,0,
000058.SZ,000058,20251209,93013030,1340010,C,0, ,0,100,1255844,0,
000058.SZ,000058,20251209,93013030,1340012,C,0, ,0,100,1255897,0,
000058.SZ,000058,20251209,93013030,1340015,C,0, ,0,200,1255964,0,
000058.SZ,000058,20251209,93013030,1340028,C,0, ,0,100,1255934,0,
000058.SZ,000058,20251209,93013040,1340039,C,0, ,0,100,1255915,0,
000058.SZ,000058,20251209,93013040,1340049,C,0, ,0,100,1255935,0,
000058.SZ,000058,20251209,93013070,1340445,C,0, ,0,300,1256766,0,
000058.SZ,000058,20251209,93013540,1349887,0,0,B,94600,200,1323251,1349886,
000058.SZ,000058,20251209,93013540,1349888,0,0,B,94600,300,1323252,1349886,
000058.SZ,000058,20251209,93013540,1349889,0,0,B,94600,100,1323253,1349886,
000058.SZ,000058,20251209,93013750,1353543,C,0, ,0,13100,1267552,0,
000058.SZ,000058,20251209,93013980,1356054,0,0,B,94600,300,1323254,1356053,
000058.SZ,000058,20251209,93013980,1356055,0,0,B,94600,300,1323255,1356053,
000058.SZ,000058,20251209,93013980,1356056,0,0,B,94600,100,1323256,1356053,
000058.SZ,000058,20251209,93014230,1359360,0,0,B,94600,200,1323256,1359359,
000058.SZ,000058,20251209,93014230,1359361,0,0,B,94600,200,1323257,1359359,
000058.SZ,000058,20251209,93014280,1359900,0,0,B,94600,100,1323257,1359899,
000058.SZ,000058,20251209,93014280,1359901,0,0,B,94600,300,1323258,1359899,
000058.SZ,000058,20251209,93014280,1359902,0,0,B,94600,300,1323259,1359899,
000058.SZ,000058,20251209,93014280,1359903,0,0,B,94600,300,1323260,1359899,
000058.SZ,000058,20251209,93014280,1359904,0,0,B,94600,100,1323266,1359899,
000058.SZ,000058,20251209,93014280,1359905,0,0,B,94600,200,1323267,1359899,
000058.SZ,000058,20251209,93014280,1359906,0,0,B,94600,200,1323268,1359899,
000058.SZ,000058,20251209,93014400,1361544,0,0,B,94600,100,1323268,1361543,
000058.SZ,000058,20251209,93014400,1361545,0,0,B,94600,200,1323269,1361543,
000058.SZ,000058,20251209,93014400,1361546,0,0,B,94600,100,1323272,1361543,
000058.SZ,000058,20251209,93014400,1361547,0,0,B,94600,400,1323276,1361543,
000058.SZ,000058,20251209,93014400,1361548,0,0,B,94600,2200,1323308,1361543,
000058.SZ,000058,20251209,93014400,1361549,0,0,B,94600,1400,1323310,1361543,
000058.SZ,000058,20251209,93014400,1361550,0,0,B,94600,500,1323311,1361543,
000058.SZ,000058,20251209,93014400,1361551,0,0,B,94600,100,1323312,1361543,
000058.SZ,000058,20251209,93014520,1362930,C,0, ,0,100,1134948,0,
000058.SZ,000058,20251209,93014520,1362968,C,0, ,0,1100,1134805,0,
000058.SZ,000058,20251209,93014520,1362982,C,0, ,0,300,1134815,0,
000058.SZ,000058,20251209,93014580,1363620,C,0, ,0,100,1188619,0,
000058.SZ,000058,20251209,93014590,1363735,C,0, ,0,100,1188736,0,
000058.SZ,000058,20251209,93014600,1363807,C,0, ,0,100,1197930,0,
000058.SZ,000058,20251209,93014620,1364073,C,0, ,0,100,1188054,0,
000058.SZ,000058,20251209,93014620,1364093,C,0, ,0,100,1188727,0,
000058.SZ,000058,20251209,93014650,1364469,C,0, ,0,100,1233941,0,
000058.SZ,000058,20251209,93014660,1364584,C,0, ,0,100,1234645,0,
000058.SZ,000058,20251209,93014660,1364587,C,0, ,0,100,1234008,0,
000058.SZ,000058,20251209,93014660,1364614,C,0, ,0,100,1233995,0,
000058.SZ,000058,20251209,93014680,1364781,C,0, ,0,100,1232406,0,
000058.SZ,000058,20251209,93014940,1367744,C,0, ,0,16000,1323628,0,
000058.SZ,000058,20251209,93015130,1369957,C,0, ,0,200,1166235,0,
000058.SZ,000058,20251209,93015130,1369962,C,0, ,0,300,1166238,0,
000058.SZ,000058,20251209,93015130,1369967,C,0, ,0,100,1166260,0,
000058.SZ,000058,20251209,93015130,1369968,C,0, ,0,100,1166261,0,
000058.SZ,000058,20251209,93015130,1369972,C,0, ,0,600,1165992,0,
000058.SZ,000058,20251209,93015130,1369973,C,0, ,0,100,1166164,0,
000058.SZ,000058,20251209,93015130,1369983,C,0, ,0,200,1165988,0,
000058.SZ,000058,20251209,93015130,1369989,C,0, ,0,200,1166277,0,
000058.SZ,000058,20251209,93015130,1369994,C,0, ,0,100,1165998,0,
000058.SZ,000058,20251209,93015130,1370033,C,0, ,0,200,1166266,0,
000058.SZ,000058,20251209,93015150,1370216,C,0, ,0,200,1167636,0,
000058.SZ,000058,20251209,93015150,1370232,C,0, ,0,300,1167683,0,
000058.SZ,000058,20251209,93015150,1370305,0,0,S,94500,100,1370304,433457,
000058.SZ,000058,20251209,93015150,1370307,0,0,S,94500,100,1370306,433457,
000058.SZ,000058,20251209,93015150,1370311,0,0,S,94500,100,1370310,433457,
000058.SZ,000058,20251209,93015150,1370313,0,0,S,94500,100,1370312,478938,
000058.SZ,000058,20251209,93015150,1370315,0,0,S,94500,400,1370314,478938,
000058.SZ,000058,20251209,93015150,1370317,0,0,S,94500,100,1370316,478938,
000058.SZ,000058,20251209,93015150,1370322,0,0,S,94500,100,1370321,478938,
000058.SZ,000058,20251209,93015150,1370324,0,0,S,94500,100,1370323,478938,
000058.SZ,000058,20251209,93015150,1370326,0,0,S,94500,200,1370325,478938,
000058.SZ,000058,20251209,93015150,1370328,0,0,S,94500,500,1370327,478938,
000058.SZ,000058,20251209,93015150,1370330,0,0,S,94500,300,1370329,478938,
000058.SZ,000058,20251209,93015150,1370335,0,0,S,94500,100,1370334,478938,
000058.SZ,000058,20251209,93015150,1370337,0,0,S,94500,300,1370336,478938,
000058.SZ,000058,20251209,93015150,1370339,0,0,S,94500,500,1370338,478938,
000058.SZ,000058,20251209,93015150,1370341,0,0,S,94500,100,1370340,478938,
000058.SZ,000058,20251209,93015150,1370343,0,0,S,94500,200,1370342,478938,
000058.SZ,000058,20251209,93015150,1370345,0,0,S,94500,700,1370344,478938,
000058.SZ,000058,20251209,93015150,1370347,0,0,S,94500,100,1370346,478938,
000058.SZ,000058,20251209,93015150,1370349,0,0,S,94500,200,1370348,478938,
000058.SZ,000058,20251209,93015150,1370351,0,0,S,94500,300,1370350,478938,
000058.SZ,000058,20251209,93015150,1370353,0,0,S,94500,100,1370352,478938,
000058.SZ,000058,20251209,93015150,1370355,0,0,S,94500,200,1370354,478938,
000058.SZ,000058,20251209,93015150,1370359,0,0,S,94500,100,1370358,478938,
000058.SZ,000058,20251209,93015150,1370361,0,0,S,94500,400,1370360,478938,
000058.SZ,000058,20251209,93015150,1370363,0,0,S,94500,400,1370362,478938,
000058.SZ,000058,20251209,93015150,1370365,0,0,S,94500,300,1370364,478938,
000058.SZ,000058,20251209,93015150,1370367,0,0,S,94500,200,1370366,478938,
000058.SZ,000058,20251209,93015150,1370371,0,0,S,94500,100,1370370,478938,
000058.SZ,000058,20251209,93015150,1370373,0,0,S,94500,500,1370372,478938,
000058.SZ,000058,20251209,93015150,1370375,0,0,S,94500,400,1370374,478938,
000058.SZ,000058,20251209,93015150,1370379,0,0,S,94500,200,1370378,478938,
000058.SZ,000058,20251209,93015150,1370381,0,0,S,94500,300,1370380,478938,
000058.SZ,000058,20251209,93015150,1370383,0,0,S,94500,100,1370382,478938,
000058.SZ,000058,20251209,93015150,1370385,0,0,S,94500,700,1370384,478938,
000058.SZ,000058,20251209,93015150,1370387,0,0,S,94500,500,1370386,478938,
000058.SZ,000058,20251209,93015150,1370390,0,0,S,94500,200,1370389,478938,
000058.SZ,000058,20251209,93015150,1370392,0,0,S,94500,500,1370391,478938,
000058.SZ,000058,20251209,93015150,1370396,0,0,S,94500,200,1370395,478938,
000058.SZ,000058,20251209,93015150,1370400,0,0,S,94500,400,1370399,478938,
000058.SZ,000058,20251209,93015150,1370405,0,0,S,94500,1200,1370404,478938,
000058.SZ,000058,20251209,93015150,1370409,0,0,S,94500,100,1370408,478938,
000058.SZ,000058,20251209,93015150,1370413,0,0,S,94500,200,1370412,478938,
000058.SZ,000058,20251209,93015150,1370415,0,0,S,94500,800,1370414,478938,
000058.SZ,000058,20251209,93015150,1370417,0,0,S,94500,400,1370416,478938,
000058.SZ,000058,20251209,93015150,1370419,0,0,S,94500,100,1370418,702490,
000058.SZ,000058,20251209,93015150,1370421,0,0,S,94500,100,1370420,702490,
000058.SZ,000058,20251209,93015150,1370431,0,0,S,94500,300,1370430,702490,
000058.SZ,000058,20251209,93015150,1370433,0,0,S,94500,100,1370432,702490,
000058.SZ,000058,20251209,93015150,1370437,0,0,S,94500,400,1370436,702490,
000058.SZ,000058,20251209,93015150,1370439,0,0,S,94500,200,1370438,702863,
000058.SZ,000058,20251209,93015150,1370443,0,0,S,94500,100,1370442,745875,
000058.SZ,000058,20251209,93015150,1370445,0,0,S,94500,200,1370444,745875,
000058.SZ,000058,20251209,93015150,1370447,0,0,S,94500,400,1370446,745875,
000058.SZ,000058,20251209,93015150,1370448,0,0,S,94500,100,1370446,914883,
000058.SZ,000058,20251209,93015150,1370452,0,0,S,94500,500,1370451,914883,
000058.SZ,000058,20251209,93015150,1370462,0,0,S,94500,500,1370461,914883,
000058.SZ,000058,20251209,93015150,1370467,0,0,S,94500,400,1370466,914883,
000058.SZ,000058,20251209,93015150,1370469,0,0,S,94500,100,1370468,914883,
000058.SZ,000058,20251209,93015150,1370471,0,0,S,94500,100,1370470,914883,
000058.SZ,000058,20251209,93015150,1370473,0,0,S,94500,100,1370472,914883,
000058.SZ,000058,20251209,93015150,1370475,0,0,S,94500,100,1370474,914883,
000058.SZ,000058,20251209,93015150,1370489,0,0,S,94500,500,1370488,914883,
000058.SZ,000058,20251209,93015150,1370491,0,0,S,94500,500,1370490,914883,
000058.SZ,000058,20251209,93015150,1370495,0,0,S,94500,100,1370494,914883,
000058.SZ,000058,20251209,93015150,1370496,0,0,S,94500,300,1370494,939014,
000058.SZ,000058,20251209,93015150,1370498,0,0,S,94500,500,1370497,939014,
000058.SZ,000058,20251209,93015150,1370500,0,0,S,94500,100,1370499,939014,
000058.SZ,000058,20251209,93015150,1370502,0,0,S,94500,300,1370501,939014,
000058.SZ,000058,20251209,93015150,1370506,0,0,S,94500,200,1370505,939014,
000058.SZ,000058,20251209,93015150,1370513,0,0,S,94500,700,1370512,939014,
000058.SZ,000058,20251209,93015150,1370524,0,0,S,94500,100,1370523,939014,
000058.SZ,000058,20251209,93015150,1370534,0,0,S,94500,100,1370533,939014,
000058.SZ,000058,20251209,93015150,1370536,0,0,S,94500,400,1370535,939014,
000058.SZ,000058,20251209,93015150,1370538,0,0,S,94500,300,1370537,939014,
000058.SZ,000058,20251209,93015150,1370539,0,0,S,94500,200,1370537,1049872,
000058.SZ,000058,20251209,93015150,1370541,0,0,S,94500,100,1370540,1170349,
000058.SZ,000058,20251209,93015150,1370545,0,0,S,94500,200,1370544,1170349,
000058.SZ,000058,20251209,93015150,1370547,0,0,S,94500,100,1370546,1246414,
000058.SZ,000058,20251209,93015150,1370555,0,0,S,94500,100,1370554,1366445,
000058.SZ,000058,20251209,93015150,1370557,0,0,S,94500,100,1370556,1366445,
000058.SZ,000058,20251209,93015150,1370559,0,0,S,94500,400,1370558,1366445,
000058.SZ,000058,20251209,93015150,1370561,0,0,S,94500,500,1370560,1366445,
000058.SZ,000058,20251209,93015150,1370569,0,0,S,94500,900,1370568,1366445,
000058.SZ,000058,20251209,93015150,1370576,0,0,S,94500,500,1370575,1366445,
000058.SZ,000058,20251209,93015150,1370578,0,0,S,94500,100,1370577,1366445,
000058.SZ,000058,20251209,93015150,1370580,0,0,S,94500,100,1370579,1366445,
000058.SZ,000058,20251209,93015150,1370582,0,0,S,94500,300,1370581,1366445,
000058.SZ,000058,20251209,93015150,1370584,0,0,S,94500,100,1370583,1366445,
000058.SZ,000058,20251209,93015150,1370586,0,0,S,94500,100,1370585,1366445,
000058.SZ,000058,20251209,93015150,1370588,0,0,S,94500,100,1370587,1366445,
000058.SZ,000058,20251209,93015160,1371418,C,0, ,0,100,1324046,0,
000058.SZ,000058,20251209,93015170,1371741,C,0, ,0,500,1324061,0,
000058.SZ,000058,20251209,93015240,1373963,0,0,B,94500,200,1370589,1373962,
000058.SZ,000058,20251209,93015240,1373964,0,0,B,94500,200,1370590,1373962,
000058.SZ,000058,20251209,93015240,1373965,0,0,B,94500,500,1370591,1373962,
000058.SZ,000058,20251209,93015240,1373966,0,0,B,94500,500,1370592,1373962,
000058.SZ,000058,20251209,93015240,1373967,0,0,B,94500,300,1370595,1373962,
000058.SZ,000058,20251209,93015240,1373968,0,0,B,94500,100,1370604,1373962,
000058.SZ,000058,20251209,93015240,1373969,0,0,B,94500,300,1370605,1373962,
000058.SZ,000058,20251209,93015240,1373970,0,0,B,94500,400,1370606,1373962,
000058.SZ,000058,20251209,93015240,1373971,0,0,B,94500,400,1370611,1373962,
000058.SZ,000058,20251209,93015240,1373972,0,0,B,94500,100,1370616,1373962,
000058.SZ,000058,20251209,93015240,1373973,0,0,B,94500,100,1370632,1373962,
000058.SZ,000058,20251209,93015240,1373974,0,0,B,94500,200,1370633,1373962,
000058.SZ,000058,20251209,93015240,1373975,0,0,B,94500,200,1370658,1373962,
000058.SZ,000058,20251209,93015240,1373976,0,0,B,94500,400,1370659,1373962,
000058.SZ,000058,20251209,93015240,1373977,0,0,B,94500,200,1370660,1373962,
000058.SZ,000058,20251209,93015240,1373978,0,0,B,94500,400,1370661,1373962,
000058.SZ,000058,20251209,93015240,1373979,0,0,B,94500,900,1370662,1373962,
000058.SZ,000058,20251209,93015240,1373980,0,0,B,94500,100,1370665,1373962,
000058.SZ,000058,20251209,93015240,1373981,0,0,B,94500,100,1370667,1373962,
000058.SZ,000058,20251209,93015240,1373982,0,0,B,94500,500,1370668,1373962,
000058.SZ,000058,20251209,93015240,1373983,0,0,B,94500,100,1370669,1373962,
000058.SZ,000058,20251209,93015240,1373984,0,0,B,94500,100,1370670,1373962,
000058.SZ,000058,20251209,93015240,1373985,0,0,B,94500,100,1370672,1373962,
000058.SZ,000058,20251209,93015240,1373986,0,0,B,94500,700,1370673,1373962,
000058.SZ,000058,20251209,93015240,1373987,0,0,B,94500,100,1370674,1373962,
000058.SZ,000058,20251209,93015240,1373988,0,0,B,94500,100,1370677,1373962,
000058.SZ,000058,20251209,93015240,1373989,0,0,B,94500,500,1370681,1373962,
000058.SZ,000058,20251209,93015240,1373990,0,0,B,94500,200,1370686,1373962,
000058.SZ,000058,20251209,93015560,1381734,C,0, ,0,43200,1264068,0,
000058.SZ,000058,20251209,93015750,1386530,C,0, ,0,100,1150315,0,
000058.SZ,000058,20251209,93015810,1388843,C,0, ,0,100,295882,0,
000058.SZ,000058,20251209,93015910,1390711,0,0,B,94500,300,1370697,1390710,
000058.SZ,000058,20251209,93016090,1393328,C,0, ,0,600,1199784,0,
000058.SZ,000058,20251209,93016090,1393353,C,0, ,0,200,1199730,0,
000058.SZ,000058,20251209,93016090,1393354,C,0, ,0,200,1199668,0,
000058.SZ,000058,20251209,93016110,1393543,C,0, ,0,200,1200519,0,
000058.SZ,000058,20251209,93016210,1395192,C,0, ,0,300,1206984,0,
000058.SZ,000058,20251209,93016220,1395282,C,0, ,0,6500,367377,0,
000058.SZ,000058,20251209,93016230,1395518,C,0, ,0,200,1207288,0,
000058.SZ,000058,20251209,93016230,1395541,C,0, ,0,300,1207305,0,
000058.SZ,000058,20251209,93016250,1395796,C,0, ,0,24900,1370827,0,
000058.SZ,000058,20251209,93016460,1401080,C,0, ,0,700,1210832,0,
000058.SZ,000058,20251209,93016460,1401081,C,0, ,0,700,1210834,0,
000058.SZ,000058,20251209,93017160,1412213,C,0, ,0,200,1232255,0,
000058.SZ,000058,20251209,93017510,1416728,C,0, ,0,100,1242174,0,
000058.SZ,000058,20251209,93018030,1422702,C,0, ,0,100,1255728,0,
000058.SZ,000058,20251209,93018030,1422703,C,0, ,0,100,1255845,0,
000058.SZ,000058,20251209,93018230,1425210,0,0,S,94400,100,1425209,129237,
000058.SZ,000058,20251209,93018230,1425211,C,0, ,0,100,1370754,0,
000058.SZ,000058,20251209,93018230,1425214,0,0,S,94400,300,1425213,533739,
000058.SZ,000058,20251209,93018230,1425216,0,0,S,94400,400,1425215,533739,
000058.SZ,000058,20251209,93018230,1425218,0,0,S,94400,300,1425217,533739,
000058.SZ,000058,20251209,93018230,1425219,0,0,S,94400,100,1425217,858522,
000058.SZ,000058,20251209,93018230,1425220,C,0, ,0,100,1370726,0,
000058.SZ,000058,20251209,93018230,1425222,0,0,S,94400,100,1425221,858522,
000058.SZ,000058,20251209,93018230,1425223,C,0, ,0,300,1370724,0,
000058.SZ,000058,20251209,93018230,1425225,0,0,S,94400,100,1425224,858522,
000058.SZ,000058,20251209,93018230,1425227,0,0,S,94400,100,1425226,858522,
000058.SZ,000058,20251209,93018230,1425228,C,0, ,0,100,1370784,0,
000058.SZ,000058,20251209,93018230,1425230,0,0,S,94400,100,1425229,858522,
000058.SZ,000058,20251209,93018230,1425232,0,0,S,94400,100,1425231,858522,
000058.SZ,000058,20251209,93018230,1425234,0,0,S,94400,100,1425233,858522,
000058.SZ,000058,20251209,93018230,1425238,0,0,S,94400,100,1425237,858522,
000058.SZ,000058,20251209,93018230,1425240,0,0,S,94400,600,1425239,858522,
000058.SZ,000058,20251209,93018230,1425242,0,0,S,94400,100,1425241,858522,
000058.SZ,000058,20251209,93018230,1425244,0,0,S,94400,100,1425243,858522,
000058.SZ,000058,20251209,93018230,1425246,0,0,S,94400,400,1425245,858522,
000058.SZ,000058,20251209,93018230,1425248,0,0,S,94400,300,1425247,858522,
000058.SZ,000058,20251209,93018230,1425250,0,0,S,94400,200,1425249,858522,
000058.SZ,000058,20251209,93018230,1425252,0,0,S,94400,100,1425251,858522,
000058.SZ,000058,20251209,93018230,1425254,0,0,S,94400,500,1425253,858522,
000058.SZ,000058,20251209,93018230,1425255,C,0, ,0,100,1370812,0,
000058.SZ,000058,20251209,93018230,1425257,0,0,S,94400,100,1425256,858522,
000058.SZ,000058,20251209,93018230,1425259,0,0,S,94400,200,1425258,858522,
000058.SZ,000058,20251209,93018230,1425261,0,0,S,94400,100,1425260,858522,
000058.SZ,000058,20251209,93018230,1425263,0,0,S,94400,300,1425262,858522,
000058.SZ,000058,20251209,93018230,1425265,0,0,S,94400,100,1425264,858522,
000058.SZ,000058,20251209,93018230,1425267,0,0,S,94400,100,1425266,858522,
000058.SZ,000058,20251209,93018230,1425269,0,0,S,94400,300,1425268,858522,
000058.SZ,000058,20251209,93018230,1425271,0,0,S,94400,100,1425270,858522,
000058.SZ,000058,20251209,93018230,1425272,C,0, ,0,100,1370738,0,
000058.SZ,000058,20251209,93018230,1425274,0,0,S,94400,300,1425273,858522,
000058.SZ,000058,20251209,93018230,1425276,0,0,S,94400,200,1425275,858522,
000058.SZ,000058,20251209,93018230,1425278,0,0,S,94400,100,1425277,858522,
000058.SZ,000058,20251209,93018230,1425280,0,0,S,94400,200,1425279,858522,
000058.SZ,000058,20251209,93018230,1425282,0,0,S,94400,200,1425281,858522,
000058.SZ,000058,20251209,93018230,1425283,C,0, ,0,300,1370758,0,
000058.SZ,000058,20251209,93018230,1425285,0,0,S,94400,300,1425284,858522,
000058.SZ,000058,20251209,93018230,1425286,C,0, ,0,100,1370737,0,
000058.SZ,000058,20251209,93018230,1425288,0,0,S,94400,200,1425287,858522,
000058.SZ,000058,20251209,93018230,1425290,0,0,S,94400,300,1425289,858522,
000058.SZ,000058,20251209,93018230,1425292,0,0,S,94400,200,1425291,858522,
000058.SZ,000058,20251209,93018230,1425294,0,0,S,94400,100,1425293,858522,
000058.SZ,000058,20251209,93018230,1425296,0,0,S,94400,200,1425295,858522,
000058.SZ,000058,20251209,93018230,1425298,0,0,S,94400,200,1425297,858522,
000058.SZ,000058,20251209,93018230,1425300,0,0,S,94400,100,1425299,858522,
000058.SZ,000058,20251209,93018230,1425301,0,0,S,94400,100,1425299,918403,
000058.SZ,000058,20251209,93018230,1425303,0,0,S,94400,300,1425302,918403,
000058.SZ,000058,20251209,93018230,1425305,0,0,S,94400,300,1425304,918403,
000058.SZ,000058,20251209,93018230,1425307,0,0,S,94400,100,1425306,918403,
000058.SZ,000058,20251209,93018230,1425309,0,0,S,94400,300,1425308,918403,
000058.SZ,000058,20251209,93018230,1425311,0,0,S,94400,100,1425310,918403,
000058.SZ,000058,20251209,93018230,1425313,0,0,S,94400,200,1425312,918403,
000058.SZ,000058,20251209,93018230,1425314,C,0, ,0,200,1370800,0,
000058.SZ,000058,20251209,93018230,1425316,0,0,S,94400,200,1425315,918403,
000058.SZ,000058,20251209,93018230,1425317,C,0, ,0,200,1370792,0,
000058.SZ,000058,20251209,93018230,1425320,0,0,S,94400,300,1425319,918403,
000058.SZ,000058,20251209,93018230,1425321,C,0, ,0,700,1370735,0,
000058.SZ,000058,20251209,93018230,1425322,C,0, ,0,400,1370802,0,
000058.SZ,000058,20251209,93018230,1425324,0,0,S,94400,100,1425323,918403,
000058.SZ,000058,20251209,93018230,1425325,0,0,S,94400,400,1425323,967912,
000058.SZ,000058,20251209,93018230,1425327,0,0,S,94400,200,1425326,967912,
000058.SZ,000058,20251209,93018230,1425328,0,0,S,94400,200,1425326,1188052,
000058.SZ,000058,20251209,93018230,1425330,0,0,S,94400,300,1425329,1188052,
000058.SZ,000058,20251209,93018230,1425332,0,0,S,94400,200,1425331,1188052,
000058.SZ,000058,20251209,93018230,1425334,0,0,S,94400,200,1425333,1188052,
000058.SZ,000058,20251209,93018230,1425336,0,0,S,94400,200,1425335,1188052,
000058.SZ,000058,20251209,93018230,1425338,0,0,S,94400,200,1425337,1188052,
000058.SZ,000058,20251209,93018230,1425340,0,0,S,94400,400,1425339,1188052,
000058.SZ,000058,20251209,93018230,1425341,C,0, ,0,300,1323280,0,
000058.SZ,000058,20251209,93018230,1425343,0,0,S,94400,100,1425342,1188052,
000058.SZ,000058,20251209,93018230,1425345,0,0,S,94400,200,1425344,1188052,
000058.SZ,000058,20251209,93018230,1425347,0,0,S,94400,100,1425346,1188052,
000058.SZ,000058,20251209,93018230,1425349,0,0,S,94400,100,1425348,1188052,
000058.SZ,000058,20251209,93018230,1425351,0,0,S,94400,400,1425350,1188052,
000058.SZ,000058,20251209,93018230,1425353,0,0,S,94400,200,1425352,1188052,
000058.SZ,000058,20251209,93018230,1425355,0,0,S,94400,100,1425354,1188052,
000058.SZ,000058,20251209,93018230,1425357,0,0,S,94400,200,1425356,1188052,
000058.SZ,000058,20251209,93018230,1425359,0,0,S,94400,200,1425358,1188052,
000058.SZ,000058,20251209,93018230,1425361,0,0,S,94400,200,1425360,1188052,
000058.SZ,000058,20251209,93018230,1425364,0,0,S,94400,100,1425363,1188052,
000058.SZ,000058,20251209,93018230,1425369,C,0, ,0,200,1323307,0,
000058.SZ,000058,20251209,93018230,1425370,C,0, ,0,700,1323298,0,
000058.SZ,000058,20251209,93018230,1425376,C,0, ,0,200,1370762,0,
000058.SZ,000058,20251209,93018230,1425377,C,0, ,0,100,1370706,0,
000058.SZ,000058,20251209,93018230,1425378,C,0, ,0,100,1370707,0,
000058.SZ,000058,20251209,93018230,1425380,C,0, ,0,100,1370702,0,
000058.SZ,000058,20251209,93018230,1425381,C,0, ,0,1200,1370771,0,
000058.SZ,000058,20251209,93018230,1425382,C,0, ,0,100,1370766,0,
000058.SZ,000058,20251209,93018230,1425383,C,0, ,0,100,1370831,0,
000058.SZ,000058,20251209,93018230,1425384,C,0, ,0,100,1370857,0,
000058.SZ,000058,20251209,93018230,1425385,C,0, ,0,100,1370948,0,
000058.SZ,000058,20251209,93018230,1425388,C,0, ,0,700,1370759,0,
000058.SZ,000058,20251209,93018230,1425392,C,0, ,0,300,1370764,0,
000058.SZ,000058,20251209,93018250,1425562,C,0, ,0,200,1371419,0,
000058.SZ,000058,20251209,93018320,1427743,C,0, ,0,100,1372956,0,
000058.SZ,000058,20251209,93018430,1431247,C,0, ,0,1600,1320981,0,
000058.SZ,000058,20251209,93018470,1432305,C,0, ,0,100,1262634,0,
000058.SZ,000058,20251209,93018470,1432306,C,0, ,0,100,1262647,0,
000058.SZ,000058,20251209,93018530,1433164,C,0, ,0,600,1262885,0,
000058.SZ,000058,20251209,93018550,1433494,C,0, ,0,400,1263690,0,
000058.SZ,000058,20251209,93018560,1433643,C,0, ,0,2200,1324192,0,
000058.SZ,000058,20251209,93018560,1433645,C,0, ,0,13800,1324202,0,
000058.SZ,000058,20251209,93018560,1433646,C,0, ,0,5700,1316040,0,
000058.SZ,000058,20251209,93018740,1437539,C,0, ,0,200,1333321,0,
000058.SZ,000058,20251209,93018740,1437540,C,0, ,0,300,1331643,0,
000058.SZ,000058,20251209,93019030,1442245,C,0, ,0,100,1368910,0,
000058.SZ,000058,20251209,93019040,1442251,C,0, ,0,1200,1271381,0,
000058.SZ,000058,20251209,93019070,1442728,C,0, ,0,300,1357338,0,
000058.SZ,000058,20251209,93019220,1444928,0,0,B,94400,200,1425365,1444927,
000058.SZ,000058,20251209,93019220,1444929,0,0,B,94400,100,1425367,1444927,
000058.SZ,000058,20251209,93019240,1445236,C,0, ,0,600,1342379,0,
000058.SZ,000058,20251209,93019330,1447101,C,0, ,0,14300,1425405,0,
000058.SZ,000058,20251209,93020810,1467918,C,0, ,0,100,1250186,0,
000058.SZ,000058,20251209,93021260,1472816,0,0,S,94300,400,1472815,440777,
000058.SZ,000058,20251209,93021260,1472817,0,0,S,94300,100,1472815,989024,
000058.SZ,000058,20251209,93021260,1472818,0,0,S,94300,200,1472815,1117795,
000058.SZ,000058,20251209,93021260,1472819,0,0,S,94300,300,1472815,1179273,
000058.SZ,000058,20251209,93021260,1472838,0,0,S,94300,100,1472837,1179273,
000058.SZ,000058,20251209,93021260,1472843,0,0,S,94300,100,1472842,1179273,
000058.SZ,000058,20251209,93021260,1472845,0,0,S,94300,100,1472844,1179273,
000058.SZ,000058,20251209,93021260,1472852,0,0,S,94300,100,1472851,1179273,
000058.SZ,000058,20251209,93021260,1472860,0,0,S,94300,100,1472859,1179273,
000058.SZ,000058,20251209,93021260,1472871,C,0, ,0,200,1425409,0,
000058.SZ,000058,20251209,93021260,1472878,0,0,S,94300,100,1472877,1179273,
000058.SZ,000058,20251209,93021260,1472882,0,0,S,94300,100,1472881,1179273,
000058.SZ,000058,20251209,93021260,1472886,0,0,S,94300,100,1472885,1179273,
000058.SZ,000058,20251209,93021260,1472894,C,0, ,0,400,1425390,0,
000058.SZ,000058,20251209,93021260,1472975,C,0, ,0,200,1425368,0,
000058.SZ,000058,20251209,93021260,1472980,C,0, ,0,100,1203200,0,
000058.SZ,000058,20251209,93021260,1472991,C,0, ,0,100,1425371,0,
000058.SZ,000058,20251209,93021260,1473014,C,0, ,0,700,1425403,0,
000058.SZ,000058,20251209,93021260,1473015,C,0, ,0,100,1425404,0,
000058.SZ,000058,20251209,93021260,1473019,C,0, ,0,100,1425563,0,
000058.SZ,000058,20251209,93021260,1473025,C,0, ,0,100,1425374,0,
000058.SZ,000058,20251209,93021260,1473040,C,0, ,0,100,1202982,0,
