万得代码,交易所代码,自然日,时间,委托编号,交易所委托号,委托类型,委托代码,委托价格,委托数量,
000058.SZ,000058,20251209,91500000,0,71,0,B,103500,900100,
000058.SZ,000058,20251209,91500030,0,345,0,B,103500,15500,
000058.SZ,000058,20251209,91500050,0,1330,0,B,93600,1000,
000058.SZ,000058,20251209,91500050,0,1331,0,S,97400,2000,
000058.SZ,000058,20251209,91500060,0,2151,0,B,103500,2500,
000058.SZ,000058,20251209,91500060,0,2616,0,B,103500,200100,
000058.SZ,000058,20251209,91500060,0,2713,0,S,101000,100,
000058.SZ,000058,20251209,91500060,0,2981,0,S,101200,200,
000058.SZ,000058,20251209,91500060,0,4627,0,B,103500,7700,
000058.SZ,000058,20251209,91500060,0,4637,0,B,103500,8500,
000058.SZ,000058,20251209,91500060,0,5095,0,S,93400,300,
000058.SZ,000058,20251209,91500060,0,5162,0,S,98000,600,
000058.SZ,000058,20251209,91500060,0,5171,0,S,103000,100,
000058.SZ,000058,20251209,91500060,0,5177,0,S,95300,1000,
000058.SZ,000058,20251209,91500060,0,5178,0,S,95900,1000,
000058.SZ,000058,20251209,91500060,0,5351,0,S,97800,400,
000058.SZ,000058,20251209,91500070,0,5995,0,S,103500,1000,
000058.SZ,000058,20251209,91500070,0,6345,0,S,99800,800,
000058.SZ,000058,20251209,91500070,0,6346,0,S,102800,1200,
000058.SZ,000058,20251209,91500070,0,6766,0,S,99900,300,
000058.SZ,000058,20251209,91500070,0,7256,0,S,103300,1000,
000058.SZ,000058,20251209,91500080,0,10359,0,S,100700,500,
000058.SZ,000058,20251209,91500080,0,10417,0,S,99000,400,
000058.SZ,000058,20251209,91500080,0,10418,0,S,100400,300,
000058.SZ,000058,20251209,91500080,0,11437,0,S,103300,500,
000058.SZ,000058,20251209,91500080,0,12033,0,S,103000,500,
000058.SZ,000058,20251209,91500080,0,12170,0,S,103500,37900,
000058.SZ,000058,20251209,91500090,0,13757,0,S,99300,100,
000058.SZ,000058,20251209,91500090,0,14159,0,S,102000,200,
000058.SZ,000058,20251209,91500090,0,15698,0,B,93000,4100,
000058.SZ,000058,20251209,91500090,0,16105,0,S,103500,2000,
000058.SZ,000058,20251209,91500090,0,16861,0,S,98300,200,
000058.SZ,000058,20251209,91500100,0,17234,0,S,103000,6200,
000058.SZ,000058,20251209,91500100,0,17451,0,S,103000,6700,
000058.SZ,000058,20251209,91500100,0,18383,0,S,96000,5200,
000058.SZ,000058,20251209,91500100,0,18384,0,S,103500,5200,
000058.SZ,000058,20251209,91500100,0,18385,0,S,101000,5200,
000058.SZ,000058,20251209,91500100,0,18386,0,S,98000,5200,
000058.SZ,000058,20251209,91500100,0,19273,0,B,90000,400,
000058.SZ,000058,20251209,91500110,0,19975,0,S,96600,4000,
000058.SZ,000058,20251209,91500110,0,20351,0,B,93300,1000,
000058.SZ,000058,20251209,91500110,0,20987,0,S,103300,100,
000058.SZ,000058,20251209,91500110,0,21700,0,B,103500,287900,
000058.SZ,000058,20251209,91500130,0,26939,0,S,103000,2500,
000058.SZ,000058,20251209,91500130,0,27008,0,S,103000,2500,
000058.SZ,000058,20251209,91500130,0,27591,0,S,97700,10000,
000058.SZ,000058,20251209,91500130,0,28185,0,S,103000,3000,
000058.SZ,000058,20251209,91500130,0,28266,0,S,103500,1200,
000058.SZ,000058,20251209,91500130,0,28668,0,B,93800,10000,
000058.SZ,000058,20251209,91500140,0,30255,0,S,102900,1000,
000058.SZ,000058,20251209,91500140,0,32256,0,B,91500,3000,
000058.SZ,000058,20251209,91500140,0,32302,0,S,103400,800,
000058.SZ,000058,20251209,91500140,0,33276,0,B,90000,1000,
000058.SZ,000058,20251209,91500140,0,33583,0,S,95800,200,
000058.SZ,000058,20251209,91500150,0,35294,0,S,103400,2000,
000058.SZ,000058,20251209,91500150,0,36011,0,S,103500,500,
000058.SZ,000058,20251209,91500150,0,36300,0,S,103500,1100,
000058.SZ,000058,20251209,91500160,0,37291,0,S,94000,2000,
000058.SZ,000058,20251209,91500160,0,37325,0,S,103500,500,
000058.SZ,000058,20251209,91500160,0,37833,0,B,93200,400,
000058.SZ,000058,20251209,91500160,0,37838,0,B,92900,400,
000058.SZ,000058,20251209,91500160,0,37848,0,B,92800,400,
000058.SZ,000058,20251209,91500160,0,37849,0,B,92700,400,
000058.SZ,000058,20251209,91500160,0,37852,0,B,92600,400,
000058.SZ,000058,20251209,91500160,0,38035,0,B,92400,400,
000058.SZ,000058,20251209,91500160,0,38036,0,B,92300,400,
000058.SZ,000058,20251209,91500160,0,38037,0,B,92100,400,
000058.SZ,000058,20251209,91500160,0,38040,0,B,92000,400,
000058.SZ,000058,20251209,91500160,0,38041,0,B,91900,3400,
000058.SZ,000058,20251209,91500160,0,38042,0,B,91800,400,
000058.SZ,000058,20251209,91500160,0,39169,0,S,102500,100,
000058.SZ,000058,20251209,91500170,0,42165,0,S,94800,300,
000058.SZ,000058,20251209,91500170,0,42166,0,S,97800,300,
000058.SZ,000058,20251209,91500170,0,42206,0,S,94500,800,
000058.SZ,000058,20251209,91500170,0,42207,0,S,94600,800,
000058.SZ,000058,20251209,91500170,0,42208,0,S,94700,400,
000058.SZ,000058,20251209,91500170,0,42210,0,S,94900,400,
000058.SZ,000058,20251209,91500170,0,42219,0,S,95000,400,
000058.SZ,000058,20251209,91500170,0,42319,0,S,95400,400,
000058.SZ,000058,20251209,91500170,0,42321,0,S,96000,2000,
000058.SZ,000058,20251209,91500170,0,42987,0,B,85000,500,
000058.SZ,000058,20251209,91500170,0,43235,0,S,98300,1100,
000058.SZ,000058,20251209,91500170,0,43356,0,S,94500,400,
000058.SZ,000058,20251209,91500180,0,43934,0,B,93000,800,
000058.SZ,000058,20251209,91500180,0,44647,0,S,101400,100,
000058.SZ,000058,20251209,91500180,0,44651,0,S,101000,100,
000058.SZ,000058,20251209,91500180,0,44783,0,S,102400,2000,
000058.SZ,000058,20251209,91500180,0,44942,0,S,103500,21800,
000058.SZ,000058,20251209,91500180,0,44967,0,S,101000,300,
000058.SZ,000058,20251209,91500180,0,45011,0,S,102000,100,
000058.SZ,000058,20251209,91500180,0,45759,0,B,92500,2000,
000058.SZ,000058,20251209,91500190,0,47003,0,B,96000,1100,
000058.SZ,000058,20251209,91500190,0,48771,0,S,95000,100,
000058.SZ,000058,20251209,91500190,0,48772,0,S,96000,100,
000058.SZ,000058,20251209,91500190,0,48773,0,S,97000,100,
000058.SZ,000058,20251209,91500190,0,48774,0,S,98000,100,
000058.SZ,000058,20251209,91500190,0,48775,0,B,93000,100,
000058.SZ,000058,20251209,91500190,0,48776,0,B,92000,100,
000058.SZ,000058,20251209,91500190,0,48777,0,B,91000,100,
000058.SZ,000058,20251209,91500190,0,48778,0,B,90000,100,
000058.SZ,000058,20251209,91500190,0,48797,0,S,103500,6000,
000058.SZ,000058,20251209,91500200,0,49034,0,S,103500,400,
000058.SZ,000058,20251209,91500200,0,50280,0,B,103500,1800,
000058.SZ,000058,20251209,91500200,0,50481,0,S,102300,1900,
000058.SZ,000058,20251209,91500200,0,50615,0,B,87000,300,
000058.SZ,000058,20251209,91500200,0,50616,0,B,84700,400,
000058.SZ,000058,20251209,91500200,0,50617,0,B,86000,300,
000058.SZ,000058,20251209,91500200,0,50618,0,B,85000,300,
000058.SZ,000058,20251209,91500200,0,50930,0,B,103500,5100,
000058.SZ,000058,20251209,91500200,0,51069,0,S,101700,2800,
000058.SZ,000058,20251209,91500200,0,51288,0,S,103500,3000,
000058.SZ,000058,20251209,91500210,0,52749,0,S,103000,200,
000058.SZ,000058,20251209,91500220,0,55594,0,S,97000,1000,
000058.SZ,000058,20251209,91500220,0,55656,0,S,101400,200,
000058.SZ,000058,20251209,91500220,0,55715,0,S,102000,200,
000058.SZ,000058,20251209,91500230,0,56627,0,B,92200,100,
000058.SZ,000058,20251209,91500250,0,59366,0,B,92000,400,
000058.SZ,000058,20251209,91500250,0,60558,0,B,92700,600,
000058.SZ,000058,20251209,91500270,0,62486,0,S,103400,1400,
000058.SZ,000058,20251209,91500270,0,62732,0,S,103500,500,
000058.SZ,000058,20251209,91500270,0,62738,0,S,100500,400,
000058.SZ,000058,20251209,91500270,0,62746,0,S,97500,400,
000058.SZ,000058,20251209,91500300,0,66593,0,S,103100,3600,
000058.SZ,000058,20251209,91500320,0,70233,0,S,103500,39300,
000058.SZ,000058,20251209,91500320,0,70778,0,S,101500,200,
000058.SZ,000058,20251209,91500330,0,72412,0,B,103500,200,
000058.SZ,000058,20251209,91500330,0,72806,0,S,103500,200,
000058.SZ,000058,20251209,91500330,0,73090,0,B,93200,2000,
000058.SZ,000058,20251209,91500330,0,73117,0,B,92500,2000,
000058.SZ,000058,20251209,91500340,0,73608,0,S,103000,200,
000058.SZ,000058,20251209,91500340,0,74982,0,S,97500,2000,
000058.SZ,000058,20251209,91500380,0,79296,0,S,100000,500,
000058.SZ,000058,20251209,91500380,0,79318,0,S,96600,400,
000058.SZ,000058,20251209,91500380,0,79552,0,B,93000,1000,
000058.SZ,000058,20251209,91500380,0,79553,0,S,97000,1000,
000058.SZ,000058,20251209,91500390,0,80088,0,S,95600,400,
000058.SZ,000058,20251209,91500390,0,80320,0,S,103300,23000,
000058.SZ,000058,20251209,91500400,0,81136,0,S,97000,100,
000058.SZ,000058,20251209,91500400,0,81355,0,S,96000,100,
000058.SZ,000058,20251209,91500400,0,81572,0,S,96900,1100,
000058.SZ,000058,20251209,91500410,0,82604,0,S,95100,100,
000058.SZ,000058,20251209,91500410,0,83028,0,S,97000,100,
000058.SZ,000058,20251209,91500430,0,85950,0,B,94100,300,
000058.SZ,000058,20251209,91500450,0,87120,0,S,100300,700,
000058.SZ,000058,20251209,91500450,0,87290,0,S,95200,1000,
000058.SZ,000058,20251209,91500450,0,87691,0,B,103500,19300,
000058.SZ,000058,20251209,91500450,0,87700,0,S,99800,5300,
000058.SZ,000058,20251209,91500470,0,89930,0,S,103500,500,
000058.SZ,000058,20251209,91500470,0,90267,0,S,102000,5000,
000058.SZ,000058,20251209,91500490,0,91689,0,S,99400,4100,
000058.SZ,000058,20251209,91500490,0,91690,0,S,99800,4100,
000058.SZ,000058,20251209,91500490,0,91951,0,S,102000,100,
000058.SZ,000058,20251209,91500490,0,92281,0,S,103000,100,
000058.SZ,000058,20251209,91500500,0,93028,0,S,103100,500,
000058.SZ,000058,20251209,91500500,0,93479,0,S,95500,600,
000058.SZ,000058,20251209,91500500,0,93516,0,S,102500,100,
000058.SZ,000058,20251209,91500500,0,93562,0,S,102100,100,
000058.SZ,000058,20251209,91500510,0,93940,0,B,103500,48300,
000058.SZ,000058,20251209,91500510,0,94489,0,S,98500,500,
000058.SZ,000058,20251209,91500510,0,94610,0,S,102000,400,
000058.SZ,000058,20251209,91500520,0,95218,0,S,103500,1000,
000058.SZ,000058,20251209,91500530,0,95851,0,S,98000,200,
000058.SZ,000058,20251209,91500570,0,100659,0,B,91000,9000,
000058.SZ,000058,20251209,91500570,0,100733,0,S,100100,1700,
000058.SZ,000058,20251209,91500570,0,100804,0,S,103500,10000,
000058.SZ,000058,20251209,91500580,0,101385,0,B,103500,10000,
000058.SZ,000058,20251209,91500580,0,101387,0,B,103500,10000,
000058.SZ,000058,20251209,91500580,0,101547,0,S,99700,5000,
000058.SZ,000058,20251209,91500600,0,103436,0,B,103500,38600,
000058.SZ,000058,20251209,91500620,0,105657,0,S,103500,1800,
000058.SZ,000058,20251209,91500630,0,106056,0,B,93400,10000,
000058.SZ,000058,20251209,91500630,0,106312,0,S,103500,3200,
000058.SZ,000058,20251209,91500650,0,107931,0,B,93100,400,
000058.SZ,000058,20251209,91500650,0,107946,0,B,93000,400,
000058.SZ,000058,20251209,91500650,0,108131,0,B,96100,20000,
000058.SZ,000058,20251209,91500650,0,108174,0,S,103500,400,
000058.SZ,000058,20251209,91500650,0,108267,0,S,103200,500,
000058.SZ,000058,20251209,91500670,0,110080,0,S,95800,1000,
000058.SZ,000058,20251209,91500670,0,110406,0,S,98600,4100,
000058.SZ,000058,20251209,91500680,0,111670,0,S,103500,7300,
000058.SZ,000058,20251209,91500690,0,112344,0,B,103500,4800,
000058.SZ,000058,20251209,91500700,0,112919,0,S,98800,1000,
000058.SZ,000058,20251209,91500710,0,114210,0,S,103400,2400,
000058.SZ,000058,20251209,91500720,0,114608,0,B,92500,400,
000058.SZ,000058,20251209,91500720,0,114610,0,B,92200,400,
000058.SZ,000058,20251209,91500720,0,114627,0,B,91900,1400,
000058.SZ,000058,20251209,91500720,0,114882,0,S,103000,1200,
000058.SZ,000058,20251209,91500730,0,115418,0,S,95100,100,
000058.SZ,000058,20251209,91500740,0,116325,0,S,97200,1800,
000058.SZ,000058,20251209,91500750,0,116874,0,B,103500,5700,
000058.SZ,000058,20251209,91500770,0,118372,0,S,103500,1500,
000058.SZ,000058,20251209,91500780,0,119595,0,S,95300,200,
000058.SZ,000058,20251209,91500800,0,121061,0,S,94800,400,
000058.SZ,000058,20251209,91500810,0,121543,0,S,95200,800,
000058.SZ,000058,20251209,91500810,0,121545,0,S,95300,400,
000058.SZ,000058,20251209,91500810,0,121555,0,S,95500,400,
000058.SZ,000058,20251209,91500830,0,122950,0,S,99500,400,
000058.SZ,000058,20251209,91500830,0,122986,0,B,90500,400,
000058.SZ,000058,20251209,91500830,0,123023,0,S,99900,3000,
000058.SZ,000058,20251209,91500840,0,123532,0,S,103500,2000,
000058.SZ,000058,20251209,91500870,0,125600,0,B,93100,600,
000058.SZ,000058,20251209,91500910,0,128237,0,S,100000,200,
000058.SZ,000058,20251209,91500920,0,129044,0,S,96900,5200,
000058.SZ,000058,20251209,91500930,0,129237,0,B,94400,100,
000058.SZ,000058,20251209,91500930,0,129304,0,S,98000,9800,
000058.SZ,000058,20251209,91500930,0,129305,0,S,102000,10800,
000058.SZ,000058,20251209,91500990,0,132743,0,S,99200,2000,
000058.SZ,000058,20251209,91501000,0,133868,0,S,94000,100,
000058.SZ,000058,20251209,91501000,0,133878,0,S,95900,100,
000058.SZ,000058,20251209,91501000,0,133904,0,S,102400,100,
000058.SZ,000058,20251209,91501010,0,134221,0,S,102400,21500,
000058.SZ,000058,20251209,91501010,0,134933,0,S,103500,30000,
000058.SZ,000058,20251209,91501010,0,134934,0,S,102000,30000,
000058.SZ,000058,20251209,91501010,0,134935,0,S,99700,20000,
000058.SZ,000058,20251209,91501010,0,134936,0,S,97200,10000,
000058.SZ,000058,20251209,91501040,0,136338,0,S,95000,1000,
000058.SZ,000058,20251209,91501050,0,137340,0,S,95500,300,
000058.SZ,000058,20251209,91501050,0,137341,0,S,97700,300,
000058.SZ,000058,20251209,91501050,0,137342,0,S,97700,300,
000058.SZ,000058,20251209,91501050,0,137344,0,S,103300,300,
000058.SZ,000058,20251209,91501070,0,138200,0,S,103100,200,
000058.SZ,000058,20251209,91501080,0,139129,0,S,102900,300,
000058.SZ,000058,20251209,91501080,0,139144,0,S,103400,200,
000058.SZ,000058,20251209,91501130,0,142223,0,S,95000,100,
000058.SZ,000058,20251209,91501130,0,142224,0,S,97000,100,
000058.SZ,000058,20251209,91501140,0,142950,0,S,99100,2400,
000058.SZ,000058,20251209,91501140,0,143229,0,S,103500,200,
000058.SZ,000058,20251209,91501150,0,143407,0,S,98200,400,
000058.SZ,000058,20251209,91501150,0,143533,0,S,101300,500,
000058.SZ,000058,20251209,91501150,0,143645,0,S,98900,3000,
000058.SZ,000058,20251209,91501160,0,144077,0,B,93100,400,
000058.SZ,000058,20251209,91501160,0,144102,0,B,90300,500,
000058.SZ,000058,20251209,91501160,0,144147,0,S,103000,100,
000058.SZ,000058,20251209,91501160,0,144233,0,B,92000,500,
000058.SZ,000058,20251209,91501160,0,144246,0,B,91000,500,
000058.SZ,000058,20251209,91501160,0,144250,0,B,90000,500,
000058.SZ,000058,20251209,91501160,0,144251,0,B,89000,500,
000058.SZ,000058,20251209,91501160,0,144252,0,B,88000,500,
000058.SZ,000058,20251209,91501160,0,144253,0,B,87000,500,
000058.SZ,000058,20251209,91501160,0,144291,0,B,86000,500,
000058.SZ,000058,20251209,91501160,0,144322,0,B,85000,1000,
000058.SZ,000058,20251209,91501160,0,144380,0,S,98800,1400,
000058.SZ,000058,20251209,91501160,0,144381,0,S,103500,2000,
000058.SZ,000058,20251209,91501160,0,144423,0,S,94500,500,
000058.SZ,000058,20251209,91501160,0,144441,0,S,95500,500,
000058.SZ,000058,20251209,91501160,0,144442,0,S,96600,500,
000058.SZ,000058,20251209,91501160,0,144445,0,S,97700,500,
000058.SZ,000058,20251209,91501160,0,144448,0,S,98800,500,
000058.SZ,000058,20251209,91501160,0,144463,0,S,99900,500,
000058.SZ,000058,20251209,91501160,0,144638,0,S,98500,35400,
000058.SZ,000058,20251209,91501160,0,144771,0,S,101000,200,
000058.SZ,000058,20251209,91501170,0,145026,0,S,98000,1200,
000058.SZ,000058,20251209,91501170,0,145577,0,S,103500,2400,
000058.SZ,000058,20251209,91501170,0,145708,0,S,95000,7600,
000058.SZ,000058,20251209,91501180,0,146014,0,S,99000,200,
000058.SZ,000058,20251209,91501180,0,146016,0,S,100500,200,
000058.SZ,000058,20251209,91501180,0,146018,0,S,102000,200,
000058.SZ,000058,20251209,91501180,0,146019,0,S,103500,200,
000058.SZ,000058,20251209,91501180,0,146021,0,S,103000,200,
000058.SZ,000058,20251209,91501190,0,146799,0,B,103500,500,
000058.SZ,000058,20251209,91501190,0,146993,0,B,89300,4400,
000058.SZ,000058,20251209,91501190,0,147002,0,B,88400,4700,
000058.SZ,000058,20251209,91501190,0,147026,0,B,87500,5100,
000058.SZ,000058,20251209,91501190,0,147081,0,B,86600,5800,
000058.SZ,000058,20251209,91501190,0,147099,0,B,85700,6300,
000058.SZ,000058,20251209,91501190,0,147101,0,B,84800,6800,
000058.SZ,000058,20251209,91501230,0,149690,0,B,103500,155100,
000058.SZ,000058,20251209,91501330,0,154559,0,S,95100,800,
000058.SZ,000058,20251209,91501330,0,154748,0,S,99600,5000,
000058.SZ,000058,20251209,91501330,0,154749,0,S,101600,7000,
000058.SZ,000058,20251209,91501330,0,154751,0,S,102800,8000,
000058.SZ,000058,20251209,91501350,0,155421,0,S,94100,100,
000058.SZ,000058,20251209,91501370,0,156566,0,B,93700,7700,
000058.SZ,000058,20251209,91501400,0,158477,0,S,96500,400,
000058.SZ,000058,20251209,91501420,0,159609,0,S,103500,1000,
000058.SZ,000058,20251209,91501420,0,159610,0,S,99800,1000,
000058.SZ,000058,20251209,91501430,0,160564,0,S,102200,7000,
000058.SZ,000058,20251209,91501440,0,160991,0,S,103500,4600,
000058.SZ,000058,20251209,91501450,0,161299,0,S,102000,300,
000058.SZ,000058,20251209,91501450,0,161347,0,S,103300,2600,
000058.SZ,000058,20251209,91501460,0,162152,0,B,92300,1000,
000058.SZ,000058,20251209,91501470,0,162644,0,S,96900,5000,
000058.SZ,000058,20251209,91501490,0,164114,0,S,98300,2600,
000058.SZ,000058,20251209,91501500,0,164799,0,S,101600,500,
000058.SZ,000058,20251209,91501500,0,164888,0,S,95900,4200,
000058.SZ,000058,20251209,91501500,0,164927,0,S,101500,1100,
000058.SZ,000058,20251209,91501520,0,166399,0,S,102000,5300,
000058.SZ,000058,20251209,91501540,0,168199,0,S,98000,300,
000058.SZ,000058,20251209,91501550,0,168567,0,S,103500,100,
000058.SZ,000058,20251209,91501550,0,168951,0,B,91000,3000,
000058.SZ,000058,20251209,91501570,0,170510,0,S,98600,1000,
000058.SZ,000058,20251209,91501570,0,170512,0,S,100400,1000,
000058.SZ,000058,20251209,91501610,0,172431,0,S,103400,4900,
000058.SZ,000058,20251209,91501640,0,173896,0,S,97000,2000,
000058.SZ,000058,20251209,91501640,0,173899,0,B,89000,1000,
000058.SZ,000058,20251209,91501650,0,174732,0,S,96300,2100,
000058.SZ,000058,20251209,91501650,0,174766,0,S,100400,500,
000058.SZ,000058,20251209,91501670,0,176394,0,S,96800,3000,
000058.SZ,000058,20251209,91501680,0,176779,0,B,94100,100,
000058.SZ,000058,20251209,91501710,0,178115,0,S,101800,400,
000058.SZ,000058,20251209,91501750,0,179655,0,S,98800,4400,
000058.SZ,000058,20251209,91501760,0,180261,0,S,98400,23000,
000058.SZ,000058,20251209,91501760,0,180550,0,B,97100,7400,
000058.SZ,000058,20251209,91501770,0,180646,0,S,96900,1000,
000058.SZ,000058,20251209,91501770,0,180909,0,S,103500,2000,
000058.SZ,000058,20251209,91501780,0,181040,0,S,96100,300,
000058.SZ,000058,20251209,91501820,0,183091,0,S,99000,500,
000058.SZ,000058,20251209,91501850,0,184324,0,B,90900,1700,
000058.SZ,000058,20251209,91501870,0,184932,0,S,102400,10000,
000058.SZ,000058,20251209,91501900,0,186327,0,S,98600,1800,
000058.SZ,000058,20251209,91501960,0,188810,0,S,103400,10000,
000058.SZ,000058,20251209,91501990,0,190558,0,B,92100,2000,
000058.SZ,000058,20251209,91502010,0,191609,0,S,103500,400,
000058.SZ,000058,20251209,91502020,0,192072,0,B,94100,200,
000058.SZ,000058,20251209,91502080,0,194695,0,S,103500,3000,
000058.SZ,000058,20251209,91502080,0,194703,0,S,98600,200,
000058.SZ,000058,20251209,91502080,0,194845,0,B,103500,1500,
000058.SZ,000058,20251209,91502110,0,195744,0,S,103500,200,
000058.SZ,000058,20251209,91502150,0,197139,0,S,102000,100,
000058.SZ,000058,20251209,91502160,0,197878,0,S,103000,400,
000058.SZ,000058,20251209,91502170,0,197958,0,S,101700,300,
000058.SZ,000058,20251209,91502190,0,199090,0,S,97100,500,
000058.SZ,000058,20251209,91502280,0,202775,0,B,90100,1000,
000058.SZ,000058,20251209,91502290,0,203063,0,S,99900,2700,
000058.SZ,000058,20251209,91502330,0,204673,0,S,95700,10000,
000058.SZ,000058,20251209,91502380,0,205767,0,S,102800,100,
000058.SZ,000058,20251209,91502400,0,206635,0,B,103500,2700,
000058.SZ,000058,20251209,91502410,0,207013,0,S,102000,5000,
000058.SZ,000058,20251209,91502430,0,207578,0,S,96600,200,
000058.SZ,000058,20251209,91502460,0,208576,0,S,95600,800,
000058.SZ,000058,20251209,91502480,0,209732,0,S,102500,2000,
000058.SZ,000058,20251209,91502510,0,211357,0,B,84700,5000,
000058.SZ,000058,20251209,91502510,0,211364,0,B,84700,5000,
000058.SZ,000058,20251209,91502550,0,213000,0,S,103000,1000,
000058.SZ,000058,20251209,91502570,0,213948,0,S,100000,400,
000058.SZ,000058,20251209,91502580,0,214698,0,B,91800,2000,
000058.SZ,000058,20251209,91502620,0,215925,0,B,94100,100,
000058.SZ,000058,20251209,91502630,0,216410,0,S,101000,1000,
000058.SZ,000058,20251209,91502630,0,216486,0,S,103400,100,
000058.SZ,000058,20251209,91502660,0,217566,0,B,90700,1200,
000058.SZ,000058,20251209,91502710,0,219638,0,B,90000,1700,
000058.SZ,000058,20251209,91502730,0,220047,0,S,100000,500,
000058.SZ,000058,20251209,91502760,0,220716,0,S,103500,6300,
000058.SZ,000058,20251209,91502850,0,222616,0,S,96500,400,
000058.SZ,000058,20251209,91502850,0,222617,0,S,99500,400,
000058.SZ,000058,20251209,91502870,0,222991,0,S,99900,200,
000058.SZ,000058,20251209,91502930,0,224242,0,S,98000,10000,
000058.SZ,000058,20251209,91502950,0,225067,0,B,103500,800,
000058.SZ,000058,20251209,91502980,0,226257,0,S,96400,1700,
000058.SZ,000058,20251209,91502980,0,226259,0,S,96400,1300,
000058.SZ,000058,20251209,91502990,0,226425,0,S,103000,200,
000058.SZ,000058,20251209,91503010,0,227218,0,S,96100,500,
000058.SZ,000058,20251209,91503010,0,227219,0,S,100600,500,
000058.SZ,000058,20251209,91503010,0,227220,0,B,91900,500,
000058.SZ,000058,20251209,91503100,0,229524,0,S,96000,500,
000058.SZ,000058,20251209,91503100,0,229525,0,S,103500,500,
000058.SZ,000058,20251209,91503150,0,230723,0,S,103500,300,
000058.SZ,000058,20251209,91503150,0,230794,0,S,95300,1000,
000058.SZ,000058,20251209,91503150,0,230799,0,B,92600,1000,
000058.SZ,000058,20251209,91503150,0,230816,0,S,96000,800,
000058.SZ,000058,20251209,91503150,0,230824,0,S,101200,200,
000058.SZ,000058,20251209,91503150,0,230835,0,S,99000,500,
000058.SZ,000058,20251209,91503160,0,231139,0,S,99600,200,
000058.SZ,000058,20251209,91503160,0,231469,0,S,101000,200,
000058.SZ,000058,20251209,91503190,0,232085,0,B,94100,500,
000058.SZ,000058,20251209,91503190,0,232200,0,S,102400,200,
000058.SZ,000058,20251209,91503210,0,232646,0,S,99900,300,
000058.SZ,000058,20251209,91503330,0,234700,0,B,93000,500,
000058.SZ,000058,20251209,91503330,0,234701,0,B,93500,500,
000058.SZ,000058,20251209,91503330,0,234703,0,B,93400,200,
000058.SZ,000058,20251209,91503350,0,235051,0,B,91800,500,
000058.SZ,000058,20251209,91503390,0,235884,0,S,95500,2500,
000058.SZ,000058,20251209,91503410,0,236232,0,S,97000,100,
000058.SZ,000058,20251209,91503410,0,236412,0,S,94600,1500,
000058.SZ,000058,20251209,91503440,0,237102,0,S,96800,800,
000058.SZ,000058,20251209,91503470,0,237858,0,S,95000,2000,
000058.SZ,000058,20251209,91503520,0,239388,0,S,95000,500,
000058.SZ,000058,20251209,91503520,0,239389,0,S,96000,500,
000058.SZ,000058,20251209,91503520,0,239391,0,S,97000,500,
000058.SZ,000058,20251209,91503520,0,239392,0,S,98000,500,
000058.SZ,000058,20251209,91503520,0,239393,0,S,99000,500,
000058.SZ,000058,20251209,91503520,0,239394,0,S,100000,500,
000058.SZ,000058,20251209,91503520,0,239397,0,S,101000,500,
000058.SZ,000058,20251209,91503520,0,239398,0,S,102000,500,
000058.SZ,000058,20251209,91503520,0,239400,0,S,103500,500,
000058.SZ,000058,20251209,91503520,0,239401,0,B,93000,500,
000058.SZ,000058,20251209,91503520,0,239403,0,B,92000,500,
000058.SZ,000058,20251209,91503520,0,239404,0,B,91000,500,
000058.SZ,000058,20251209,91503530,0,239781,0,S,102900,7100,
000058.SZ,000058,20251209,91503560,0,241091,0,S,97600,3000,
000058.SZ,000058,20251209,91503560,0,241170,0,S,98600,300,
000058.SZ,000058,20251209,91503570,0,241332,0,B,103500,300,
000058.SZ,000058,20251209,91503600,0,242270,0,B,94100,900,
000058.SZ,000058,20251209,91503640,0,243195,0,S,103500,4000,
000058.SZ,000058,20251209,91503670,0,243909,0,B,93500,100,
000058.SZ,000058,20251209,91503670,0,244012,0,B,94100,2800,
000058.SZ,000058,20251209,91503690,0,244302,0,S,96400,3000,
000058.SZ,000058,20251209,91503770,0,245776,0,S,103500,1800,
000058.SZ,000058,20251209,91503800,0,246145,0,S,96200,500,
000058.SZ,000058,20251209,91503940,0,248220,0,S,103500,12500,
000058.SZ,000058,20251209,91503970,0,248878,0,B,93700,1000,
000058.SZ,000058,20251209,91504130,0,250761,0,S,103000,600,
000058.SZ,000058,20251209,91504130,0,250762,0,S,101500,600,
000058.SZ,000058,20251209,91504130,0,250764,0,S,100000,600,
000058.SZ,000058,20251209,91504140,0,250864,0,B,91600,1100,
000058.SZ,000058,20251209,91504150,0,250972,0,B,94100,500,
000058.SZ,000058,20251209,91504160,0,251380,0,S,103500,1000,
000058.SZ,000058,20251209,91504260,0,252699,0,S,102400,3300,
000058.SZ,000058,20251209,91504260,0,252700,0,B,92100,1100,
000058.SZ,000058,20251209,91504300,0,253301,0,B,93100,1100,
000058.SZ,000058,20251209,91504340,0,253712,0,S,95500,1000,
000058.SZ,000058,20251209,91504370,0,254022,0,S,102900,1000,
000058.SZ,000058,20251209,91504380,0,254143,0,S,102500,900,
000058.SZ,000058,20251209,91504410,0,254620,0,S,98900,300,
000058.SZ,000058,20251209,91504410,0,254621,0,S,100800,300,
000058.SZ,000058,20251209,91504410,0,254622,0,S,102700,300,
000058.SZ,000058,20251209,91504480,0,255657,0,S,95300,1500,
000058.SZ,000058,20251209,91504540,0,256849,0,B,103500,19300,
000058.SZ,000058,20251209,91504550,0,257104,0,S,103500,500,
000058.SZ,000058,20251209,91504550,0,257127,0,B,89100,700,
000058.SZ,000058,20251209,91504560,0,257412,0,S,103000,700,
000058.SZ,000058,20251209,91504600,0,258053,0,S,103500,500,
000058.SZ,000058,20251209,91504660,0,259121,0,S,103500,3300,
000058.SZ,000058,20251209,91504940,0,260667,0,B,92100,1100,
000058.SZ,000058,20251209,91504960,0,260877,0,S,103500,4400,
000058.SZ,000058,20251209,91505060,0,261299,0,B,91500,2000,
000058.SZ,000058,20251209,91505060,0,261301,0,B,86100,3000,
000058.SZ,000058,20251209,91505080,0,261416,0,S,103500,200,
000058.SZ,000058,20251209,91505250,0,262837,0,S,103500,100,
000058.SZ,000058,20251209,91505270,0,262973,0,S,103500,1000,
000058.SZ,000058,20251209,91505290,0,263065,0,S,98400,400,
000058.SZ,000058,20251209,91505400,0,263571,0,S,102200,1500,
000058.SZ,000058,20251209,91505470,0,264081,0,S,99500,500,
000058.SZ,000058,20251209,91505740,0,267451,0,S,103500,300,
000058.SZ,000058,20251209,91505920,0,267947,0,S,101000,1000,
000058.SZ,000058,20251209,91505950,0,268383,0,S,96600,200,
000058.SZ,000058,20251209,91505950,0,268384,0,S,98500,200,
000058.SZ,000058,20251209,91505950,0,268385,0,S,102600,300,
000058.SZ,000058,20251209,91505950,0,268389,0,S,103200,300,
000058.SZ,000058,20251209,91506060,0,268615,0,S,95100,3000,
000058.SZ,000058,20251209,91506180,0,269288,0,S,96900,1000,
000058.SZ,000058,20251209,91506180,0,269289,0,S,97700,1000,
000058.SZ,000058,20251209,91506180,0,269292,0,S,98500,1000,
000058.SZ,000058,20251209,91506180,0,269294,0,S,99000,1000,
000058.SZ,000058,20251209,91506200,0,269534,0,B,92400,1000,
000058.SZ,000058,20251209,91506430,0,270381,0,S,103500,2100,
000058.SZ,000058,20251209,91506580,0,271411,0,S,103500,100,
000058.SZ,000058,20251209,91506620,0,271747,0,S,103500,500,
000058.SZ,000058,20251209,91506620,0,271812,0,B,92900,1000,
000058.SZ,000058,20251209,91506840,0,272753,0,B,103500,14400,
000058.SZ,000058,20251209,91506930,0,273008,0,S,103000,2000,
000058.SZ,000058,20251209,91507070,0,273473,0,B,103500,15300,
000058.SZ,000058,20251209,91507170,0,273896,0,S,103500,1200,
000058.SZ,000058,20251209,91507400,0,274654,0,S,100000,100,
000058.SZ,000058,20251209,91507480,0,274755,0,B,90100,400,
000058.SZ,000058,20251209,91507480,0,274798,0,S,103500,400,
000058.SZ,000058,20251209,91507510,0,274998,0,S,103500,1300,
000058.SZ,000058,20251209,91507540,0,275081,0,S,103500,200,
000058.SZ,000058,20251209,91508140,0,277152,0,B,90000,300,
000058.SZ,000058,20251209,91508780,0,278729,0,B,92600,1000,
000058.SZ,000058,20251209,91509510,0,279577,0,B,92100,600,
000058.SZ,000058,20251209,91510020,0,280656,0,B,103500,100,
000058.SZ,000058,20251209,91510070,0,280749,0,B,103500,9600,
000058.SZ,000058,20251209,91510130,0,280873,0,B,90000,300,
000058.SZ,000058,20251209,91510930,0,282017,0,S,103500,200,
000058.SZ,000058,20251209,91513560,0,284470,0,S,102400,1000,
000058.SZ,000058,20251209,91513610,0,284632,0,S,103500,1200,
000058.SZ,000058,20251209,91518050,0,285820,0,S,103500,1000,
000058.SZ,000058,20251209,91522500,0,286777,0,S,103500,500,
000058.SZ,000058,20251209,91523980,0,287050,0,B,103500,900,
000058.SZ,000058,20251209,91524860,0,287298,0,S,103500,4500,
000058.SZ,000058,20251209,91525710,0,287493,0,S,103500,100,
000058.SZ,000058,20251209,91526690,0,287668,0,S,103500,700,
000058.SZ,000058,20251209,91541650,0,291318,0,S,103500,5000,
000058.SZ,000058,20251209,91544000,0,291925,0,S,103500,500,
000058.SZ,000058,20251209,91544250,0,292017,0,S,103500,80000,
000058.SZ,000058,20251209,91545900,0,292436,0,S,103500,5000,
000058.SZ,000058,20251209,91546300,0,292549,0,S,103500,500,
000058.SZ,000058,20251209,91547030,0,292742,0,S,103500,5000,
000058.SZ,000058,20251209,91548280,0,293089,0,S,99200,1000,
000058.SZ,000058,20251209,91548280,0,293090,0,B,89800,1000,
000058.SZ,000058,20251209,91548730,0,293199,0,S,103500,500,
000058.SZ,000058,20251209,91551960,0,294081,0,S,103500,1000,
000058.SZ,000058,20251209,91552200,0,294162,0,S,103500,1400,
000058.SZ,000058,20251209,91552280,0,294190,0,S,96100,200,
000058.SZ,000058,20251209,91552280,0,294191,0,B,86500,200,
000058.SZ,000058,20251209,91552460,0,294260,0,S,103300,1000,
000058.SZ,000058,20251209,91553640,0,294606,0,S,103000,4000,
000058.SZ,000058,20251209,91557360,0,295882,0,S,103500,100,
000058.SZ,000058,20251209,91557530,0,295930,0,S,97700,100,
000058.SZ,000058,20251209,91557560,0,295938,0,B,97000,100,
000058.SZ,000058,20251209,91558360,0,296241,0,S,103500,1000,
000058.SZ,000058,20251209,91600290,0,296846,0,B,103500,1900,
000058.SZ,000058,20251209,91600580,0,296923,0,S,103400,1000,
000058.SZ,000058,20251209,91605580,0,298754,0,S,103500,3000,
000058.SZ,000058,20251209,91606250,0,298952,0,S,103500,15000,
000058.SZ,000058,20251209,91608030,0,299508,0,S,103500,1000,
000058.SZ,000058,20251209,91608360,0,299608,0,S,103500,100,
000058.SZ,000058,20251209,91608960,0,299763,0,S,103400,1900,
000058.SZ,000058,20251209,91610120,0,300098,0,S,100000,1800,
000058.SZ,000058,20251209,91610510,0,300217,0,S,103500,800,
000058.SZ,000058,20251209,91610790,0,300293,0,S,103500,700,
000058.SZ,000058,20251209,91611710,0,300628,0,S,103500,1500,
000058.SZ,000058,20251209,91612190,0,300743,0,S,103400,1200,
000058.SZ,000058,20251209,91614700,0,301502,0,S,103500,3000,
000058.SZ,000058,20251209,91615950,0,301843,0,S,103500,1500,
000058.SZ,000058,20251209,91616240,0,301908,0,S,103500,3900,
000058.SZ,000058,20251209,91616660,0,302012,0,S,103500,300,
000058.SZ,000058,20251209,91618100,0,302405,0,S,103500,2000,
000058.SZ,000058,20251209,91618230,0,302450,0,S,103500,5000,
000058.SZ,000058,20251209,91620250,0,303040,0,S,103500,5400,
000058.SZ,000058,20251209,91620540,0,303117,0,S,103500,5200,
000058.SZ,000058,20251209,91620740,0,303164,0,S,101800,500,
000058.SZ,000058,20251209,91621230,0,303282,0,S,103500,5000,
000058.SZ,000058,20251209,91621400,0,303337,0,S,103500,100,
000058.SZ,000058,20251209,91622780,0,303673,0,S,103500,1400,
000058.SZ,000058,20251209,91623060,0,303758,0,S,103500,400,
000058.SZ,000058,20251209,91624880,0,304249,0,S,103500,15000,
000058.SZ,000058,20251209,91626050,0,304571,0,S,103500,4000,
000058.SZ,000058,20251209,91627070,0,304876,0,S,103500,2000,
000058.SZ,000058,20251209,91627300,0,304924,0,B,103500,800,
000058.SZ,000058,20251209,91627990,0,305090,0,S,103500,200,
000058.SZ,000058,20251209,91629520,0,305471,0,S,103500,1000,
000058.SZ,000058,20251209,91629580,0,305488,0,S,103500,400,
000058.SZ,000058,20251209,91630480,0,305733,0,S,103500,400,
000058.SZ,000058,20251209,91631130,0,305918,0,S,103500,1000,
000058.SZ,000058,20251209,91631670,0,306189,0,B,94000,500,
000058.SZ,000058,20251209,91632120,0,306364,0,S,103500,400,
000058.SZ,000058,20251209,91634030,0,306892,0,S,96800,200,
000058.SZ,000058,20251209,91636740,0,307598,0,S,103500,2000,
000058.SZ,000058,20251209,91637050,0,307695,0,S,103500,200,
000058.SZ,000058,20251209,91637520,0,307853,0,S,103500,3000,
000058.SZ,000058,20251209,91638660,0,308177,0,S,103500,300,
000058.SZ,000058,20251209,91639140,0,308304,0,S,99900,10000,
000058.SZ,000058,20251209,91639640,0,308439,0,S,103500,1000,
000058.SZ,000058,20251209,91640950,0,308836,0,S,99700,200,
000058.SZ,000058,20251209,91641530,0,309005,0,S,103500,1000,
000058.SZ,000058,20251209,91641930,0,309120,0,S,102000,100,
000058.SZ,000058,20251209,91644370,0,309761,0,S,103500,1000,
000058.SZ,000058,20251209,91644510,0,309802,0,S,103500,1000,
000058.SZ,000058,20251209,91648070,0,310825,0,B,94100,1000,
000058.SZ,000058,20251209,91648160,0,310860,0,S,103500,3000,
000058.SZ,000058,20251209,91648700,0,311018,0,S,103500,3000,
000058.SZ,000058,20251209,91648780,0,311035,0,S,103500,100,
000058.SZ,000058,20251209,91649170,0,311143,0,S,103500,7000,
000058.SZ,000058,20251209,91649340,0,311196,0,B,84700,1600,
000058.SZ,000058,20251209,91653910,0,312496,0,B,99600,1000,
000058.SZ,000058,20251209,91656210,0,313168,0,S,99600,700,
000058.SZ,000058,20251209,91656700,0,313288,0,S,99600,2000,
000058.SZ,000058,20251209,91657140,0,313415,0,S,99700,400,
000058.SZ,000058,20251209,91658580,0,313836,0,S,103500,40000,
000058.SZ,000058,20251209,91659220,0,314054,0,S,103500,2000,
000058.SZ,000058,20251209,91700440,0,314410,0,S,98600,1200,
000058.SZ,000058,20251209,91700860,0,314544,0,S,99600,3000,
000058.SZ,000058,20251209,91700930,0,314568,0,S,96400,200,
000058.SZ,000058,20251209,91704010,0,315487,0,S,99600,10000,
000058.SZ,000058,20251209,91704550,0,315652,0,S,103400,1900,
000058.SZ,000058,20251209,91704570,0,315663,0,S,96400,1000,
000058.SZ,000058,20251209,91705490,0,315933,0,S,103500,500,
000058.SZ,000058,20251209,91708590,0,316849,0,S,103500,200,
000058.SZ,000058,20251209,91710400,0,317380,0,S,96400,400,
000058.SZ,000058,20251209,91712270,0,317886,0,S,103200,1000,
000058.SZ,000058,20251209,91712390,0,317921,0,S,103400,15000,
000058.SZ,000058,20251209,91713090,0,318122,0,S,103500,500,
000058.SZ,000058,20251209,91713980,0,318383,0,S,103500,300,
000058.SZ,000058,20251209,91714560,0,318566,0,B,96400,1000,
000058.SZ,000058,20251209,91714690,0,318610,0,S,103500,5000,
000058.SZ,000058,20251209,91716570,0,319140,0,S,84700,4500,
000058.SZ,000058,20251209,91718430,0,319673,0,S,103400,1000,
000058.SZ,000058,20251209,91718710,0,319754,0,S,103500,20000,
000058.SZ,000058,20251209,91723160,0,321108,0,S,96400,5000,
000058.SZ,000058,20251209,91723520,0,321232,0,S,103500,15000,
000058.SZ,000058,20251209,91725910,0,321957,0,S,103500,1000,
000058.SZ,000058,20251209,91727200,0,322341,0,S,103400,80000,
000058.SZ,000058,20251209,91730250,0,323224,0,S,103000,100,
000058.SZ,000058,20251209,91732940,0,324073,0,S,103200,500,
000058.SZ,000058,20251209,91734160,0,324418,0,B,96300,1000,
000058.SZ,000058,20251209,91737890,0,325588,0,S,103500,28000,
000058.SZ,000058,20251209,91740440,0,326343,0,S,97400,2000,
000058.SZ,000058,20251209,91740930,0,326475,0,S,96100,200,
000058.SZ,000058,20251209,91741980,0,326795,0,S,103500,1400,
000058.SZ,000058,20251209,91742250,0,326898,0,B,94000,1000,
000058.SZ,000058,20251209,91744800,0,327701,0,S,103500,15000,
000058.SZ,000058,20251209,91746660,0,328315,0,B,96100,800,
000058.SZ,000058,20251209,91749670,0,329230,0,S,96800,1000,
000058.SZ,000058,20251209,91749920,0,329300,0,S,99000,500,
000058.SZ,000058,20251209,91752960,0,330240,0,S,94300,600,
000058.SZ,000058,20251209,91754780,0,330821,0,B,96100,2000,
000058.SZ,000058,20251209,91756210,0,331330,0,S,98800,1500,
000058.SZ,000058,20251209,91758800,0,332156,0,B,96100,100,
000058.SZ,000058,20251209,91801570,0,333038,0,S,103300,1400,
000058.SZ,000058,20251209,91805970,0,334491,0,S,94800,700,
000058.SZ,000058,20251209,91806880,0,334813,0,S,96100,1000,
000058.SZ,000058,20251209,91808310,0,335329,0,S,103000,1000,
000058.SZ,000058,20251209,91809210,0,335624,0,S,97000,5000,
000058.SZ,000058,20251209,91812630,0,336787,0,S,96100,1100,
000058.SZ,000058,20251209,91816520,0,338106,0,S,98000,10000,
000058.SZ,000058,20251209,91818590,0,338768,0,S,103500,3000,
000058.SZ,000058,20251209,91822700,0,340126,0,S,103500,200,
000058.SZ,000058,20251209,91823320,0,340318,0,B,96100,2000,
000058.SZ,000058,20251209,91828800,0,342215,0,S,97000,2300,
000058.SZ,000058,20251209,91829230,0,342349,0,S,99800,1000,
000058.SZ,000058,20251209,91837790,0,345325,0,S,96100,700,
000058.SZ,000058,20251209,91839500,0,345940,0,S,96400,1000,
000058.SZ,000058,20251209,91839840,0,346056,0,B,96100,1800,
000058.SZ,000058,20251209,91840640,0,346355,0,B,96000,500,
000058.SZ,000058,20251209,91840890,0,346438,0,S,103300,5000,
000058.SZ,000058,20251209,91844210,0,347634,0,S,97800,5000,
000058.SZ,000058,20251209,91844410,0,347734,0,B,93500,1000,
000058.SZ,000058,20251209,91846240,0,348389,0,S,98800,7400,
000058.SZ,000058,20251209,91848240,0,349138,0,B,96100,100,
000058.SZ,000058,20251209,91848640,0,349293,0,S,99100,1000,
000058.SZ,000058,20251209,91850590,0,349973,0,S,98800,10000,
000058.SZ,000058,20251209,91854110,0,351432,0,S,96800,1000,
000058.SZ,000058,20251209,91854730,0,351656,0,S,96100,1000,
000058.SZ,000058,20251209,91856940,0,352487,0,S,103500,2200,
000058.SZ,000058,20251209,91858880,0,353201,0,S,103400,1000,
000058.SZ,000058,20251209,91859860,0,353582,0,S,96000,3000,
000058.SZ,000058,20251209,91904320,0,355321,0,B,98000,800,
000058.SZ,000058,20251209,91904650,0,355446,0,S,103500,5000,
000058.SZ,000058,20251209,91904900,0,355546,0,S,100000,2900,
000058.SZ,000058,20251209,91905340,0,355720,0,S,97800,5000,
000058.SZ,000058,20251209,91906810,0,356302,0,S,103500,14800,
000058.SZ,000058,20251209,91906980,0,356359,0,S,97900,1000,
000058.SZ,000058,20251209,91908970,0,357174,0,B,93800,500,
000058.SZ,000058,20251209,91911350,0,358117,0,S,98800,10000,
000058.SZ,000058,20251209,91911730,0,358267,0,S,96500,2000,
000058.SZ,000058,20251209,91911870,0,358328,0,B,96100,100,
000058.SZ,000058,20251209,91915000,0,359457,0,S,96300,500,
000058.SZ,000058,20251209,91915250,0,359559,0,S,103400,2500,
000058.SZ,000058,20251209,91915980,0,359830,0,S,103300,2500,
000058.SZ,000058,20251209,91917570,0,360431,0,B,93800,300,
000058.SZ,000058,20251209,91919780,0,361322,0,B,96100,1000,
000058.SZ,000058,20251209,91919800,0,361330,0,S,96100,500,
000058.SZ,000058,20251209,91924390,0,363076,0,S,96500,4000,
000058.SZ,000058,20251209,91925720,0,363619,0,B,96100,1500,
000058.SZ,000058,20251209,91926020,0,363729,0,S,103500,900,
000058.SZ,000058,20251209,91926760,0,363994,0,B,96100,1000,
000058.SZ,000058,20251209,91932230,0,366165,0,S,103500,25800,
000058.SZ,000058,20251209,91932820,0,366417,0,B,96100,1000,
000058.SZ,000058,20251209,91933020,0,366491,0,B,96100,700,
000058.SZ,000058,20251209,91934890,0,367194,0,S,103500,4000,
000058.SZ,000058,20251209,91935290,0,367377,0,S,96900,6500,
000058.SZ,000058,20251209,91937420,0,368223,0,S,103000,500,
000058.SZ,000058,20251209,91939910,0,369220,0,S,99700,500,
000058.SZ,000058,20251209,91942890,0,370355,0,B,96400,1000,
000058.SZ,000058,20251209,91943000,0,370397,0,B,96100,200,
000058.SZ,000058,20251209,91947220,0,372028,0,S,103500,1000,
000058.SZ,000058,20251209,91952510,0,374161,0,S,103500,4000,
000058.SZ,000058,20251209,91953240,0,374436,0,S,96000,50700,
000058.SZ,000058,20251209,91954970,0,375183,0,S,103500,100,
000058.SZ,000058,20251209,91955850,0,375550,0,S,102900,2000,
000058.SZ,000058,20251209,91956140,0,375673,0,S,95000,41800,
000058.SZ,000058,20251209,91958530,0,376714,0,B,93100,200,
000058.SZ,000058,20251209,91959090,0,376963,0,S,102100,400,
000058.SZ,000058,20251209,92002210,0,378484,0,S,92300,100,
000058.SZ,000058,20251209,92003450,0,378976,0,S,103500,20500,
000058.SZ,000058,20251209,92004780,0,379469,0,S,102000,1900,
000058.SZ,000058,20251209,92005080,0,379610,0,B,89700,3000,
000058.SZ,000058,20251209,92010520,0,381580,0,S,99900,2500,
000058.SZ,000058,20251209,92010950,0,381716,0,S,102700,200,
000058.SZ,000058,20251209,92016630,0,383631,0,S,95200,800,
000058.SZ,000058,20251209,92017080,0,383768,0,S,103300,2500,
000058.SZ,000058,20251209,92017510,0,383927,0,S,95000,15800,
000058.SZ,000058,20251209,92018020,0,384093,0,S,103500,200,
000058.SZ,000058,20251209,92018280,0,384175,0,B,93800,500,
000058.SZ,000058,20251209,92019630,0,384705,0,B,95300,300,
000058.SZ,000058,20251209,92024710,0,386474,0,B,94200,200,
000058.SZ,000058,20251209,92030330,0,388473,0,S,97300,100,
000058.SZ,000058,20251209,92031950,0,388992,0,S,98800,3000,
000058.SZ,000058,20251209,92036420,0,390624,0,S,103500,2000,
000058.SZ,000058,20251209,92036450,0,390636,0,S,95600,800,
000058.SZ,000058,20251209,92038510,0,391328,0,S,95800,20000,
000058.SZ,000058,20251209,92039090,0,391545,0,S,95800,200,
000058.SZ,000058,20251209,92039280,0,391612,0,S,100000,200,
000058.SZ,000058,20251209,92039860,0,391816,0,B,95000,1000,
000058.SZ,000058,20251209,92040430,0,392018,0,S,103500,1000,
000058.SZ,000058,20251209,92043300,0,393068,0,S,103200,1000,
000058.SZ,000058,20251209,92043600,0,393165,0,B,103500,500,
000058.SZ,000058,20251209,92049750,0,395474,0,S,96900,1000,
000058.SZ,000058,20251209,92050380,0,395724,0,B,95000,11000,
000058.SZ,000058,20251209,92053000,0,396701,0,B,95000,500,
000058.SZ,000058,20251209,92053900,0,397034,0,B,94100,200,
000058.SZ,000058,20251209,92054000,0,397069,0,S,103400,400,
000058.SZ,000058,20251209,92054390,0,397233,0,S,103300,3000,
000058.SZ,000058,20251209,92055200,0,397548,0,S,95000,1100,
000058.SZ,000058,20251209,92058140,0,398609,0,B,95200,100,
000058.SZ,000058,20251209,92059310,0,399044,0,S,95000,9800,
000058.SZ,000058,20251209,92101340,0,399827,0,S,103400,900,
000058.SZ,000058,20251209,92101470,0,399881,0,B,91800,200,
000058.SZ,000058,20251209,92105330,0,401424,0,S,103300,6700,
000058.SZ,000058,20251209,92113770,0,404565,0,S,103500,2000,
000058.SZ,000058,20251209,92113850,0,404607,0,B,95100,21100,
000058.SZ,000058,20251209,92116650,0,405689,0,S,95000,500,
000058.SZ,000058,20251209,92117030,0,405841,0,B,95000,200,
000058.SZ,000058,20251209,92119770,0,406862,0,S,96000,6500,
000058.SZ,000058,20251209,92121060,0,407370,0,S,103300,300,
000058.SZ,000058,20251209,92123610,0,408374,0,S,94700,2600,
000058.SZ,000058,20251209,92124440,0,408690,0,S,103300,1500,
000058.SZ,000058,20251209,92125720,0,409185,0,B,95100,2500,
000058.SZ,000058,20251209,92127030,0,409680,0,S,103300,6200,
000058.SZ,000058,20251209,92127360,0,409810,0,B,94600,500,
000058.SZ,000058,20251209,92128420,0,410203,0,S,102300,300,
000058.SZ,000058,20251209,92130740,0,411073,0,S,96100,500,
000058.SZ,000058,20251209,92134650,0,412663,0,S,95300,500,
000058.SZ,000058,20251209,92134880,0,412761,0,S,96400,200,
000058.SZ,000058,20251209,92135550,0,413016,0,S,101300,300,
000058.SZ,000058,20251209,92136160,0,413233,0,S,103500,10000,
000058.SZ,000058,20251209,92140650,0,415113,0,S,103500,2000,
000058.SZ,000058,20251209,92143180,0,416028,0,S,100000,100,
000058.SZ,000058,20251209,92143580,0,416196,0,S,100300,300,
000058.SZ,000058,20251209,92144170,0,416443,0,B,95200,600,
000058.SZ,000058,20251209,92144790,0,416684,0,B,95100,3100,
000058.SZ,000058,20251209,92145120,0,416814,0,B,93500,600,
000058.SZ,000058,20251209,92146260,0,417308,0,S,96500,1000,
000058.SZ,000058,20251209,92149090,0,418540,0,S,96000,1000,
000058.SZ,000058,20251209,92149480,0,418718,0,S,99900,300,
000058.SZ,000058,20251209,92151200,0,419393,0,B,103500,600,
000058.SZ,000058,20251209,92151320,0,419437,0,B,95100,200,
000058.SZ,000058,20251209,92152350,0,419887,0,S,99300,500,
000058.SZ,000058,20251209,92200340,0,423194,0,S,98300,500,
000058.SZ,000058,20251209,92200830,0,423518,0,B,95500,2400,
000058.SZ,000058,20251209,92200920,0,423557,0,S,96900,15000,
000058.SZ,000058,20251209,92202400,0,424407,0,S,94900,2000,
000058.SZ,000058,20251209,92203890,0,425118,0,S,98400,200,
000058.SZ,000058,20251209,92204090,0,425221,0,B,95200,600,
000058.SZ,000058,20251209,92206220,0,426128,0,S,103500,900,
000058.SZ,000058,20251209,92206550,0,426293,0,B,95100,1000,
000058.SZ,000058,20251209,92207300,0,426604,0,S,99000,1000,
000058.SZ,000058,20251209,92207700,0,426767,0,S,97300,500,
000058.SZ,000058,20251209,92209300,0,427435,0,S,103500,1000,
000058.SZ,000058,20251209,92210210,0,427838,0,S,98900,9000,
000058.SZ,000058,20251209,92213940,0,429403,0,S,97000,1000,
000058.SZ,000058,20251209,92214330,0,429556,0,S,103500,30000,
000058.SZ,000058,20251209,92214800,0,429754,0,B,95100,2000,
000058.SZ,000058,20251209,92216810,0,430593,0,S,96300,500,
000058.SZ,000058,20251209,92219950,0,431950,0,B,95100,500,
000058.SZ,000058,20251209,92222700,0,433171,0,S,102100,10700,
000058.SZ,000058,20251209,92222920,0,433272,0,S,100500,200,
000058.SZ,000058,20251209,92223330,0,433457,0,B,94500,500,
000058.SZ,000058,20251209,92225730,0,434508,0,S,102000,1400,
000058.SZ,000058,20251209,92226280,0,434743,0,B,94200,4500,
000058.SZ,000058,20251209,92228520,0,435711,0,B,96900,300,
000058.SZ,000058,20251209,92228600,0,435751,0,S,103500,2000,
000058.SZ,000058,20251209,92229410,0,436101,0,B,95500,3300,
000058.SZ,000058,20251209,92233720,0,437977,0,B,93800,500,
000058.SZ,000058,20251209,92234090,0,438157,0,S,103500,500,
000058.SZ,000058,20251209,92236910,0,439364,0,B,103500,4000,
000058.SZ,000058,20251209,92237590,0,439688,0,B,103500,3800,
000058.SZ,000058,20251209,92237780,0,439791,0,B,96000,2000,
000058.SZ,000058,20251209,92239960,0,440777,0,B,94300,400,
000058.SZ,000058,20251209,92239990,0,440788,0,B,94000,1000,
000058.SZ,000058,20251209,92241150,0,441356,0,S,102500,6300,
000058.SZ,000058,20251209,92242880,0,442234,0,S,103300,200,
000058.SZ,000058,20251209,92243080,0,442327,0,B,95100,200,
000058.SZ,000058,20251209,92243830,0,442710,0,S,95000,300,
000058.SZ,000058,20251209,92243970,0,442769,0,S,103400,5500,
000058.SZ,000058,20251209,92246420,0,443804,0,S,101500,1200,
000058.SZ,000058,20251209,92248620,0,444814,0,B,95100,1000,
000058.SZ,000058,20251209,92249120,0,445048,0,B,95100,300,
000058.SZ,000058,20251209,92249160,0,445069,0,B,95500,3000,
000058.SZ,000058,20251209,92250310,0,445607,0,S,95100,2000,
000058.SZ,000058,20251209,92251130,0,446011,0,S,103300,58000,
000058.SZ,000058,20251209,92253760,0,447306,0,S,100000,200,
000058.SZ,000058,20251209,92253920,0,447390,0,S,103500,23000,
000058.SZ,000058,20251209,92254490,0,447657,0,B,95200,100,
000058.SZ,000058,20251209,92255720,0,448262,0,B,95100,7400,
000058.SZ,000058,20251209,92256640,0,448681,0,B,95500,100,
000058.SZ,000058,20251209,92257100,0,448903,0,S,96900,200,
000058.SZ,000058,20251209,92259560,0,450052,0,B,94000,2000,
000058.SZ,000058,20251209,92301050,0,450796,0,B,94000,500,
000058.SZ,000058,20251209,92301210,0,450882,0,S,101800,500,
000058.SZ,000058,20251209,92302110,0,451344,0,S,91200,100,
000058.SZ,000058,20251209,92302300,0,451454,0,S,95100,500,
000058.SZ,000058,20251209,92303660,0,452114,0,S,100400,300,
000058.SZ,000058,20251209,92303810,0,452173,0,B,103500,1000,
000058.SZ,000058,20251209,92304430,0,452455,0,S,95100,500,
000058.SZ,000058,20251209,92304990,0,452723,0,S,100000,500,
000058.SZ,000058,20251209,92305930,0,453161,0,S,103500,100,
000058.SZ,000058,20251209,92306510,0,453447,0,B,95500,2100,
000058.SZ,000058,20251209,92307180,0,453790,0,S,103500,5500,
000058.SZ,000058,20251209,92308600,0,454521,0,B,95100,1000,
000058.SZ,000058,20251209,92309020,0,454716,0,S,96300,5000,
000058.SZ,000058,20251209,92310540,0,455466,0,B,103500,1000,
000058.SZ,000058,20251209,92315090,0,457811,0,B,95200,2000,
000058.SZ,000058,20251209,92315830,0,458166,0,B,90000,400,
000058.SZ,000058,20251209,92319440,0,460013,0,B,94800,10000,
000058.SZ,000058,20251209,92321010,0,460808,0,S,101000,1000,
000058.SZ,000058,20251209,92321460,0,461051,0,S,96100,2000,
000058.SZ,000058,20251209,92321570,0,461126,0,S,103500,8500,
000058.SZ,000058,20251209,92322740,0,461732,0,S,98300,4700,
000058.SZ,000058,20251209,92322750,0,461736,0,B,95100,400,
000058.SZ,000058,20251209,92323270,0,462004,0,S,96000,500,
000058.SZ,000058,20251209,92323400,0,462087,0,S,103400,4800,
000058.SZ,000058,20251209,92324510,0,462674,0,S,103500,300,
000058.SZ,000058,20251209,92327510,0,464380,0,S,103500,1000,
000058.SZ,000058,20251209,92335030,0,468538,0,S,103400,300,
000058.SZ,000058,20251209,92335040,0,468540,0,B,95600,600,
000058.SZ,000058,20251209,92338550,0,470610,0,S,103500,2000,
000058.SZ,000058,20251209,92338850,0,470761,0,B,92500,5000,
000058.SZ,000058,20251209,92340050,0,471380,0,S,97100,2000,
000058.SZ,000058,20251209,92343500,0,473270,0,B,95100,500,
000058.SZ,000058,20251209,92343800,0,473429,0,S,84700,2700,
000058.SZ,000058,20251209,92344280,0,473706,0,S,94100,100,
000058.SZ,000058,20251209,92345300,0,474317,0,B,96400,400,
000058.SZ,000058,20251209,92346310,0,474935,0,S,96100,500,
000058.SZ,000058,20251209,92348860,0,476551,0,B,93600,35500,
000058.SZ,000058,20251209,92350220,0,477325,0,S,90300,400,
000058.SZ,000058,20251209,92351180,0,477923,0,B,94800,1100,
000058.SZ,000058,20251209,92351400,0,478043,0,B,95100,900,
000058.SZ,000058,20251209,92351640,0,478183,0,S,84700,600,
000058.SZ,000058,20251209,92352940,0,478938,0,B,94500,12800,
000058.SZ,000058,20251209,92352950,0,478947,0,B,95800,1500,
000058.SZ,000058,20251209,92353260,0,479143,0,B,94500,1600,
000058.SZ,000058,20251209,92353530,0,479295,0,B,97100,300,
000058.SZ,000058,20251209,92355330,0,480417,0,B,93700,7800,
000058.SZ,000058,20251209,92356770,0,481253,0,B,97100,500,
000058.SZ,000058,20251209,92357050,0,481390,0,B,100000,500,
000058.SZ,000058,20251209,92357310,0,481540,0,B,95200,5000,
000058.SZ,000058,20251209,92357360,0,481574,0,B,98000,600,
000058.SZ,000058,20251209,92403170,0,485470,0,B,95100,200,
000058.SZ,000058,20251209,92403370,0,485596,0,B,98900,600,
000058.SZ,000058,20251209,92404370,0,486263,0,S,103400,1000,
000058.SZ,000058,20251209,92405370,0,486972,0,S,96900,400,
000058.SZ,000058,20251209,92407730,0,488668,0,S,98800,500,
000058.SZ,000058,20251209,92408160,0,488987,0,S,96100,2000,
000058.SZ,000058,20251209,92408640,0,489355,0,B,95200,100,
000058.SZ,000058,20251209,92408770,0,489440,0,S,103500,400,
000058.SZ,000058,20251209,92409060,0,489646,0,B,95500,8200,
000058.SZ,000058,20251209,92409850,0,490263,0,B,95400,2600,
000058.SZ,000058,20251209,92411420,0,491495,0,S,99800,2000,
000058.SZ,000058,20251209,92414230,0,493751,0,B,103500,800,
000058.SZ,000058,20251209,92415720,0,494957,0,B,96600,10400,
000058.SZ,000058,20251209,92415880,0,495097,0,B,95200,2200,
000058.SZ,000058,20251209,92421160,0,499596,0,S,96000,800,
000058.SZ,000058,20251209,92421890,0,500295,0,B,96500,1100,
000058.SZ,000058,20251209,92423790,0,501985,0,B,95800,10000,
000058.SZ,000058,20251209,92424150,0,502288,0,B,96100,600,
000058.SZ,000058,20251209,92426170,0,504050,0,S,94500,25600,
000058.SZ,000058,20251209,92426530,0,504419,0,B,95800,100,
000058.SZ,000058,20251209,92427000,0,504846,0,B,96600,1100,
000058.SZ,000058,20251209,92427110,0,504961,0,B,95500,400,
000058.SZ,000058,20251209,92428390,0,506135,0,B,99000,200,
000058.SZ,000058,20251209,92429730,0,507374,0,B,96100,200,
000058.SZ,000058,20251209,92430700,0,508376,0,S,103300,3000,
000058.SZ,000058,20251209,92431640,0,509297,0,B,95100,500,
000058.SZ,000058,20251209,92432180,0,509825,0,S,95200,200,
000058.SZ,000058,20251209,92433080,0,510624,0,B,96200,1000,
000058.SZ,000058,20251209,92433790,0,511267,0,S,103500,300,
000058.SZ,000058,20251209,92434060,0,511533,0,B,94800,200,
000058.SZ,000058,20251209,92434240,0,511697,0,S,95500,2000,
000058.SZ,000058,20251209,92434430,0,511895,0,S,95400,2000,
000058.SZ,000058,20251209,92434490,0,511958,0,B,95300,200,
000058.SZ,000058,20251209,92435710,0,513128,0,B,97600,3200,
000058.SZ,000058,20251209,92436360,0,513731,0,B,93600,700,
000058.SZ,000058,20251209,92437390,0,514856,0,B,103500,300,
000058.SZ,000058,20251209,92437900,0,515412,0,B,103500,1000,
000058.SZ,000058,20251209,92438050,0,515572,0,B,93000,500,
000058.SZ,000058,20251209,92438950,0,516742,0,S,97000,2000,
000058.SZ,000058,20251209,92439280,0,517153,0,S,95300,10000,
000058.SZ,000058,20251209,92439810,0,517743,0,B,95300,1100,
000058.SZ,000058,20251209,92440720,0,518673,0,S,103500,500,
000058.SZ,000058,20251209,92440870,0,518824,0,B,95300,2300,
000058.SZ,000058,20251209,92440900,0,518863,0,S,95100,8600,
000058.SZ,000058,20251209,92441550,0,519600,0,S,103500,5000,
000058.SZ,000058,20251209,92442410,0,520563,0,S,96400,800,
000058.SZ,000058,20251209,92443390,0,521612,0,B,96500,1000,
000058.SZ,000058,20251209,92443540,0,521764,0,S,94500,19200,
000058.SZ,000058,20251209,92444390,0,522597,0,B,95300,8000,
000058.SZ,000058,20251209,92445980,0,524321,0,S,95500,2000,
000058.SZ,000058,20251209,92446110,0,524443,0,S,103400,1100,
000058.SZ,000058,20251209,92448140,0,526691,0,B,96000,400,
000058.SZ,000058,20251209,92448860,0,527721,0,S,95400,2000,
000058.SZ,000058,20251209,92449380,0,528309,0,S,103500,500,
000058.SZ,000058,20251209,92449640,0,528788,0,S,95400,2500,
000058.SZ,000058,20251209,92449790,0,529011,0,S,98500,11900,
000058.SZ,000058,20251209,92450240,0,529965,0,S,94000,300,
000058.SZ,000058,20251209,92450330,0,530229,0,S,93500,300,
000058.SZ,000058,20251209,92451050,0,531453,0,B,95400,200,
000058.SZ,000058,20251209,92451100,0,531529,0,S,103300,1300,
000058.SZ,000058,20251209,92451300,0,531844,0,B,103500,200,
000058.SZ,000058,20251209,92451520,0,532219,0,S,100000,500,
000058.SZ,000058,20251209,92451650,0,532434,0,S,95200,10000,
000058.SZ,000058,20251209,92451690,0,532481,0,B,95500,200,
000058.SZ,000058,20251209,92452580,0,533663,0,S,93300,300,
000058.SZ,000058,20251209,92452630,0,533739,0,B,94400,1000,
000058.SZ,000058,20251209,92452880,0,534025,0,B,96000,2000,
000058.SZ,000058,20251209,92452980,0,534196,0,B,96100,50000,
000058.SZ,000058,20251209,92453130,0,534391,0,S,100000,9000,
000058.SZ,000058,20251209,92453170,0,534475,0,S,95200,200,
000058.SZ,000058,20251209,92453500,0,535087,0,B,96000,200,
000058.SZ,000058,20251209,92453640,0,535367,0,S,84700,1100,
000058.SZ,000058,20251209,92454310,0,536333,0,B,96200,1000,
000058.SZ,000058,20251209,92454330,0,536359,0,S,92100,6400,
000058.SZ,000058,20251209,92454330,0,536360,0,S,92100,2100,
000058.SZ,000058,20251209,92455460,0,538672,0,S,92400,100,
000058.SZ,000058,20251209,92455580,0,538938,0,S,94200,100,
000058.SZ,000058,20251209,92455620,0,539025,0,B,95300,1300,
000058.SZ,000058,20251209,92455710,0,539193,0,B,96200,200,
000058.SZ,000058,20251209,92456200,0,540470,0,B,96500,4800,
000058.SZ,000058,20251209,92456210,0,540507,0,B,95000,500,
000058.SZ,000058,20251209,92456360,0,540963,0,B,95400,1000,
000058.SZ,000058,20251209,92456400,0,541150,0,S,92900,100,
000058.SZ,000058,20251209,92456760,0,542318,0,S,95100,3000,
000058.SZ,000058,20251209,92457400,0,544302,0,B,95500,1000,
000058.SZ,000058,20251209,92457410,0,544334,0,S,94200,8200,
000058.SZ,000058,20251209,92457750,0,545483,0,S,92500,3400,
000058.SZ,000058,20251209,92457790,0,545695,0,S,95200,11500,
000058.SZ,000058,20251209,92457940,0,546165,0,S,95900,10000,
000058.SZ,000058,20251209,92458500,0,548247,0,S,94400,14400,
000058.SZ,000058,20251209,92458730,0,549275,0,S,84700,500,
000058.SZ,000058,20251209,92459190,0,550799,0,S,93200,14300,
000058.SZ,000058,20251209,92459660,0,553113,0,S,92800,14400,
000058.SZ,000058,20251209,92459660,0,553115,0,S,92800,2100,
000058.SZ,000058,20251209,92459660,0,553117,0,S,92800,2500,
000058.SZ,000058,20251209,92459660,0,553157,0,S,92800,3000,
000058.SZ,000058,20251209,92459820,0,553806,0,B,100100,9900,
000058.SZ,000058,20251209,93000040,0,665040,0,B,97000,200,
000058.SZ,000058,20251209,93000040,0,665594,0,S,95200,7300,
000058.SZ,000058,20251209,93000040,0,665630,0,B,95200,100,
000058.SZ,000058,20251209,93000050,0,666533,0,S,103400,500,
000058.SZ,000058,20251209,93000050,0,667359,0,B,95000,100000,
000058.SZ,000058,20251209,93000050,0,667406,0,B,96600,100,
000058.SZ,000058,20251209,93000050,0,667594,0,B,95200,100,
000058.SZ,000058,20251209,93000050,0,671729,0,B,94200,10000,
000058.SZ,000058,20251209,93000060,0,672830,0,B,95100,500,
000058.SZ,000058,20251209,93000060,0,674467,0,B,95400,500,
000058.SZ,000058,20251209,93000060,0,676403,0,B,93300,700,
000058.SZ,000058,20251209,93000060,0,676519,0,B,94000,4000,
000058.SZ,000058,20251209,93000060,0,676557,0,S,103500,1000,
000058.SZ,000058,20251209,93000060,0,678008,0,S,93700,1800,
000058.SZ,000058,20251209,93000060,0,678440,0,S,95600,200,
000058.SZ,000058,20251209,93000060,0,680071,0,S,96000,500,
000058.SZ,000058,20251209,93000070,0,681145,0,S,95600,1000,
000058.SZ,000058,20251209,93000070,0,682278,0,S,95400,300,
000058.SZ,000058,20251209,93000070,0,683011,0,B,95200,1000,
000058.SZ,000058,20251209,93000070,0,683463,0,S,95100,3700,
000058.SZ,000058,20251209,93000070,0,684954,0,B,95200,500,
000058.SZ,000058,20251209,93000070,0,685698,0,S,95900,6100,
000058.SZ,000058,20251209,93000080,0,686779,0,B,93600,100,
000058.SZ,000058,20251209,93000080,0,686933,0,B,95200,1300,
000058.SZ,000058,20251209,93000080,0,687150,0,B,95200,3200,
000058.SZ,000058,20251209,93000080,0,688992,0,B,95500,100,
000058.SZ,000058,20251209,93000080,0,689477,0,B,95300,400,
000058.SZ,000058,20251209,93000080,0,689837,0,S,95000,17500,
000058.SZ,000058,20251209,93000080,0,689841,0,S,95000,36200,
000058.SZ,000058,20251209,93000080,0,689971,0,S,98900,4600,
000058.SZ,000058,20251209,93000090,0,692435,0,B,95600,1200,
000058.SZ,000058,20251209,93000090,0,692562,0,S,95900,1000,
000058.SZ,000058,20251209,93000090,0,692855,0,B,95200,1300,
000058.SZ,000058,20251209,93000090,0,694398,0,S,94900,2000,
000058.SZ,000058,20251209,93000090,0,694429,0,S,103500,3100,
000058.SZ,000058,20251209,93000100,0,696681,0,S,95100,200,
000058.SZ,000058,20251209,93000100,0,698152,0,S,95400,1100,
000058.SZ,000058,20251209,93000100,0,700472,0,B,93600,500,
000058.SZ,000058,20251209,93000100,0,701507,0,B,95200,200,
000058.SZ,000058,20251209,93000110,0,702490,0,B,94500,1000,
000058.SZ,000058,20251209,93000110,0,702863,0,B,94500,200,
000058.SZ,000058,20251209,93000110,0,703292,0,S,95100,10000,
000058.SZ,000058,20251209,93000110,0,704146,0,S,96900,1000,
000058.SZ,000058,20251209,93000110,0,705001,0,B,96000,100,
000058.SZ,000058,20251209,93000110,0,705326,0,S,95100,1100,
000058.SZ,000058,20251209,93000110,0,705779,0,S,103500,7800,
000058.SZ,000058,20251209,93000110,0,705882,0,B,94600,1900,
000058.SZ,000058,20251209,93000110,0,706195,0,S,103500,10000,
000058.SZ,000058,20251209,93000120,0,708302,0,B,93000,500,
000058.SZ,000058,20251209,93000120,0,709839,0,S,96000,1000,
000058.SZ,000058,20251209,93000120,0,709847,0,S,103500,10000,
000058.SZ,000058,20251209,93000120,0,711603,0,S,99800,3000,
000058.SZ,000058,20251209,93000120,0,712621,0,S,103500,1200,
000058.SZ,000058,20251209,93000130,0,717671,0,S,95100,5000,
000058.SZ,000058,20251209,93000130,0,717770,0,S,103400,300,
000058.SZ,000058,20251209,93000140,0,719295,0,S,95100,1000,
000058.SZ,000058,20251209,93000140,0,719736,0,S,101200,1100,
000058.SZ,000058,20251209,93000140,0,720728,0,B,95200,1000,
000058.SZ,000058,20251209,93000140,0,721581,0,B,94100,5000,
000058.SZ,000058,20251209,93000140,0,723129,0,S,97000,80000,
000058.SZ,000058,20251209,93000140,0,723459,0,S,103500,80000,
000058.SZ,000058,20251209,93000150,0,725504,0,B,95200,500,
000058.SZ,000058,20251209,93000150,0,725760,0,S,95000,2200,
000058.SZ,000058,20251209,93000150,0,726773,0,B,95100,50000,
000058.SZ,000058,20251209,93000150,0,729161,0,S,95600,200,
000058.SZ,000058,20251209,93000160,0,730371,0,S,95500,5000,
000058.SZ,000058,20251209,93000160,0,730491,0,S,98100,4300,
000058.SZ,000058,20251209,93000160,0,732481,0,S,103400,1000,
000058.SZ,000058,20251209,93000160,0,733000,0,S,97600,500,
000058.SZ,000058,20251209,93000160,0,734495,0,B,95300,5000,
000058.SZ,000058,20251209,93000160,0,734971,0,S,95100,100,
000058.SZ,000058,20251209,93000170,0,736000,0,B,95200,500,
000058.SZ,000058,20251209,93000170,0,736708,0,S,95500,3000,
000058.SZ,000058,20251209,93000170,0,736932,0,S,95600,800,
000058.SZ,000058,20251209,93000170,0,738172,0,S,97800,4000,
000058.SZ,000058,20251209,93000170,0,739044,0,S,103500,100,
000058.SZ,000058,20251209,93000170,0,739402,0,B,95300,300,
000058.SZ,000058,20251209,93000170,0,739499,0,B,94700,5000,
000058.SZ,000058,20251209,93000180,0,741551,0,B,95200,2100,
000058.SZ,000058,20251209,93000180,0,741781,0,S,95300,3000,
000058.SZ,000058,20251209,93000180,0,743088,0,S,98000,5000,
000058.SZ,000058,20251209,93000180,0,743766,0,B,95500,1100,
000058.SZ,000058,20251209,93000180,0,744158,0,B,94100,500,
000058.SZ,000058,20251209,93000190,0,745875,0,B,94500,700,
000058.SZ,000058,20251209,93000190,0,745882,0,B,93600,1100,
000058.SZ,000058,20251209,93000190,0,746245,0,S,103500,200,
000058.SZ,000058,20251209,93000190,0,747447,0,B,95500,2400,
000058.SZ,000058,20251209,93000200,0,749172,0,B,94000,400,
000058.SZ,000058,20251209,93000200,0,750046,0,B,95000,800,
000058.SZ,000058,20251209,93000200,0,750474,0,S,100000,500,
000058.SZ,000058,20251209,93000200,0,750596,0,B,95200,1000,
000058.SZ,000058,20251209,93000200,0,751631,0,S,97800,500,
000058.SZ,000058,20251209,93000200,0,751929,0,S,103500,2200,
000058.SZ,000058,20251209,93000200,0,752473,0,S,103400,1000,
000058.SZ,000058,20251209,93000200,0,752694,0,S,103500,1400,
000058.SZ,000058,20251209,93000200,0,753008,0,S,99900,2000,
000058.SZ,000058,20251209,93000200,0,753066,0,B,95100,500,
000058.SZ,000058,20251209,93000210,0,753322,0,B,93800,200,
000058.SZ,000058,20251209,93000210,0,754253,0,S,103500,100,
000058.SZ,000058,20251209,93000210,0,754385,0,B,94100,5000,
000058.SZ,000058,20251209,93000210,0,755124,0,S,103500,5000,
000058.SZ,000058,20251209,93000210,0,755801,0,B,95500,1400,
000058.SZ,000058,20251209,93000210,0,756429,0,B,95200,2100,
000058.SZ,000058,20251209,93000220,0,757809,0,B,95100,1000,
000058.SZ,000058,20251209,93000220,0,760149,0,S,96200,2000,
000058.SZ,000058,20251209,93000230,0,762131,0,S,100000,2100,
000058.SZ,000058,20251209,93000230,0,762476,0,S,95200,10000,
000058.SZ,000058,20251209,93000230,0,762864,0,S,96500,300,
000058.SZ,000058,20251209,93000240,0,765671,0,B,95200,5000,
000058.SZ,000058,20251209,93000240,0,766212,0,B,95200,1000,
000058.SZ,000058,20251209,93000250,0,768343,0,B,93800,4200,
000058.SZ,000058,20251209,93000250,0,768364,0,B,95200,1000,
000058.SZ,000058,20251209,93000250,0,768804,0,S,103500,200,
000058.SZ,000058,20251209,93000250,0,769289,0,S,95500,2000,
000058.SZ,000058,20251209,93000250,0,770902,0,B,95600,3000,
000058.SZ,000058,20251209,93000250,0,771179,0,S,95700,300,
000058.SZ,000058,20251209,93000250,0,771202,0,S,95400,13100,
000058.SZ,000058,20251209,93000260,0,771695,0,B,95200,1000,
000058.SZ,000058,20251209,93000270,0,775297,0,B,95300,3400,
000058.SZ,000058,20251209,93000270,0,777299,0,S,97500,500,
000058.SZ,000058,20251209,93000270,0,777376,0,S,96800,800,
000058.SZ,000058,20251209,93000280,0,780183,0,B,95000,300,
000058.SZ,000058,20251209,93000280,0,780335,0,S,103500,400,
000058.SZ,000058,20251209,93000280,0,781812,0,S,95000,500,
000058.SZ,000058,20251209,93000290,0,782105,0,S,95100,900,
000058.SZ,000058,20251209,93000290,0,782235,0,B,95200,2500,
000058.SZ,000058,20251209,93000300,0,785098,0,S,103300,2000,
000058.SZ,000058,20251209,93000300,0,785710,0,B,93600,1000,
000058.SZ,000058,20251209,93000300,0,786036,0,B,95200,1400,
000058.SZ,000058,20251209,93000300,0,786304,0,S,97600,1000,
000058.SZ,000058,20251209,93000300,0,788109,0,S,102600,400,
000058.SZ,000058,20251209,93000310,0,789412,0,S,103500,7600,
000058.SZ,000058,20251209,93000310,0,789985,0,S,103500,100,
000058.SZ,000058,20251209,93000310,0,790006,0,S,95100,1000,
000058.SZ,000058,20251209,93000310,0,790068,0,S,96000,2000,
000058.SZ,000058,20251209,93000310,0,790119,0,S,97000,1200,
000058.SZ,000058,20251209,93000320,0,792638,0,S,95800,800,
000058.SZ,000058,20251209,93000320,0,793235,0,B,93700,400,
000058.SZ,000058,20251209,93000320,0,793236,0,S,95100,1000,
000058.SZ,000058,20251209,93000320,0,793262,0,B,93600,400,
000058.SZ,000058,20251209,93000330,0,795059,0,S,99700,200,
000058.SZ,000058,20251209,93000330,0,795394,0,B,95100,100,
000058.SZ,000058,20251209,93000330,0,795964,0,S,95100,100000,
000058.SZ,000058,20251209,93000340,0,797178,0,S,103500,1000,
000058.SZ,000058,20251209,93000350,0,800297,0,S,97800,2300,
000058.SZ,000058,20251209,93000350,0,800530,0,S,95000,40800,
000058.SZ,000058,20251209,93000350,0,800607,0,S,95000,2100,
000058.SZ,000058,20251209,93000350,0,800642,0,S,95100,400,
000058.SZ,000058,20251209,93000350,0,801222,0,S,95900,1100,
000058.SZ,000058,20251209,93000360,0,801642,0,B,93500,400,
000058.SZ,000058,20251209,93000360,0,801974,0,S,103500,1700,
000058.SZ,000058,20251209,93000360,0,802058,0,S,98500,1000,
000058.SZ,000058,20251209,93000360,0,802090,0,S,95100,100,
000058.SZ,000058,20251209,93000360,0,802273,0,B,95500,1300,
000058.SZ,000058,20251209,93000360,0,802400,0,B,95200,3100,
000058.SZ,000058,20251209,93000360,0,802717,0,S,95800,1300,
000058.SZ,000058,20251209,93000360,0,803268,0,S,98800,2000,
000058.SZ,000058,20251209,93000380,0,806540,0,S,95100,500,
000058.SZ,000058,20251209,93000380,0,807419,0,B,95500,300,
000058.SZ,000058,20251209,93000390,0,807707,0,S,96800,4700,
000058.SZ,000058,20251209,93000390,0,808040,U,B,0,900,
000058.SZ,000058,20251209,93000390,0,808652,0,B,95400,500,
000058.SZ,000058,20251209,93000390,0,808690,0,S,95500,500,
000058.SZ,000058,20251209,93000400,0,809328,0,B,93500,1000,
000058.SZ,000058,20251209,93000400,0,810328,0,B,93000,1700,
000058.SZ,000058,20251209,93000400,0,810858,0,S,94700,1600,
000058.SZ,000058,20251209,93000400,0,810867,0,S,94700,200,
000058.SZ,000058,20251209,93000400,0,810905,0,S,94700,300,
000058.SZ,000058,20251209,93000410,0,811746,0,S,95000,100,
000058.SZ,000058,20251209,93000410,0,812296,0,B,95400,2100,
000058.SZ,000058,20251209,93000410,0,812391,0,S,95000,100,
000058.SZ,000058,20251209,93000410,0,812393,0,S,95000,300,
000058.SZ,000058,20251209,93000410,0,812401,0,S,95000,300,
000058.SZ,000058,20251209,93000410,0,812408,0,S,95000,400,
000058.SZ,000058,20251209,93000420,0,814257,0,S,95100,200,
000058.SZ,000058,20251209,93000420,0,814298,0,S,95000,200,
000058.SZ,000058,20251209,93000420,0,814300,0,S,95000,500,
000058.SZ,000058,20251209,93000420,0,814302,0,S,95000,300,
000058.SZ,000058,20251209,93000420,0,814305,0,S,95000,600,
000058.SZ,000058,20251209,93000430,0,815162,0,S,102100,400,
000058.SZ,000058,20251209,93000430,0,815470,0,S,97700,20000,
000058.SZ,000058,20251209,93000430,0,816279,0,B,94600,2000,
000058.SZ,000058,20251209,93000440,0,817006,0,S,95000,100,
000058.SZ,000058,20251209,93000440,0,817952,0,S,96800,1100,
000058.SZ,000058,20251209,93000450,0,818519,0,B,95200,500,
000058.SZ,000058,20251209,93000450,0,818538,0,S,95100,3000,
000058.SZ,000058,20251209,93000450,0,820047,0,S,99800,2000,
000058.SZ,000058,20251209,93000460,0,820355,0,S,95100,1000,
000058.SZ,000058,20251209,93000460,0,821366,0,B,95000,1000,
000058.SZ,000058,20251209,93000460,0,821971,0,B,95200,800,
000058.SZ,000058,20251209,93000470,0,822809,0,S,101000,1000,
000058.SZ,000058,20251209,93000480,0,824024,0,S,95000,100,
000058.SZ,000058,20251209,93000480,0,824045,0,S,103500,300,
000058.SZ,000058,20251209,93000480,0,824513,0,B,95200,500,
000058.SZ,000058,20251209,93000490,0,825736,0,B,95200,2000,
000058.SZ,000058,20251209,93000490,0,826620,0,S,95100,2000,
000058.SZ,000058,20251209,93000500,0,826727,0,B,95100,1000,
000058.SZ,000058,20251209,93000500,0,826748,0,S,103500,1400,
000058.SZ,000058,20251209,93000500,0,827213,0,B,95200,200,
000058.SZ,000058,20251209,93000510,0,828934,0,B,90200,1000,
000058.SZ,000058,20251209,93000530,0,831297,0,S,95200,50000,
000058.SZ,000058,20251209,93000530,0,831372,0,S,94900,1000,
000058.SZ,000058,20251209,93000530,0,832025,0,B,94100,1000,
000058.SZ,000058,20251209,93000530,0,832033,0,S,96900,2000,
000058.SZ,000058,20251209,93000530,0,832154,0,S,95100,50000,
000058.SZ,000058,20251209,93000530,0,832859,0,S,98800,500,
000058.SZ,000058,20251209,93000540,0,833057,0,S,95100,50000,
000058.SZ,000058,20251209,93000540,0,834345,0,B,95200,8200,
000058.SZ,000058,20251209,93000550,0,835504,0,B,95200,1000,
000058.SZ,000058,20251209,93000570,0,838632,0,S,95100,100,
000058.SZ,000058,20251209,93000580,0,839965,0,S,103300,1000,
000058.SZ,000058,20251209,93000580,0,840638,0,B,95300,7000,
000058.SZ,000058,20251209,93000590,0,841648,0,B,93100,900,
000058.SZ,000058,20251209,93000590,0,842362,0,S,96700,5000,
000058.SZ,000058,20251209,93000600,0,843984,0,S,98400,300,
000058.SZ,000058,20251209,93000600,0,844027,0,S,95200,300,
000058.SZ,000058,20251209,93000600,0,844475,0,S,99400,500,
000058.SZ,000058,20251209,93000600,0,844492,0,S,95800,1300,
000058.SZ,000058,20251209,93000620,0,846944,0,B,94200,1000,
000058.SZ,000058,20251209,93000620,0,847737,0,S,103500,1100,
000058.SZ,000058,20251209,93000630,0,848936,0,S,95700,2800,
000058.SZ,000058,20251209,93000640,0,850458,0,S,97800,4000,
000058.SZ,000058,20251209,93000640,0,850575,0,S,95000,100,
000058.SZ,000058,20251209,93000650,0,851418,0,S,95200,900,
000058.SZ,000058,20251209,93000650,0,851520,0,S,95200,1200,
000058.SZ,000058,20251209,93000660,0,853347,0,S,100000,1500,
000058.SZ,000058,20251209,93000670,0,855097,0,B,95200,1000,
000058.SZ,000058,20251209,93000670,0,855664,0,B,95300,200,
000058.SZ,000058,20251209,93000680,0,856427,0,S,96200,600,
000058.SZ,000058,20251209,93000680,0,856748,0,S,98100,26100,
000058.SZ,000058,20251209,93000680,0,857153,0,S,96000,1000,
000058.SZ,000058,20251209,93000690,0,858334,0,B,94000,1000,
000058.SZ,000058,20251209,93000690,0,858522,0,B,94400,7000,
000058.SZ,000058,20251209,93000690,0,859451,0,S,100000,300,
000058.SZ,000058,20251209,93000700,0,859720,0,S,100000,300,
000058.SZ,000058,20251209,93000710,0,862700,0,B,95200,1000,
000058.SZ,000058,20251209,93000730,0,864999,0,S,95100,100,
000058.SZ,000058,20251209,93000740,0,866297,0,S,102000,2200,
000058.SZ,000058,20251209,93000740,0,867890,0,B,91900,900,
000058.SZ,000058,20251209,93000770,0,871810,0,S,95100,2800,
000058.SZ,000058,20251209,93000780,0,872962,0,S,103500,20000,
000058.SZ,000058,20251209,93000780,0,873355,0,B,94800,3000,
000058.SZ,000058,20251209,93000780,0,874071,0,B,94100,400,
000058.SZ,000058,20251209,93000780,0,874135,0,B,94000,400,
000058.SZ,000058,20251209,93000790,0,874635,0,B,94600,5000,
000058.SZ,000058,20251209,93000800,0,876013,0,B,95200,800,
000058.SZ,000058,20251209,93000810,0,877230,0,S,103400,700,
000058.SZ,000058,20251209,93000820,0,879406,0,S,95600,100,
000058.SZ,000058,20251209,93000820,0,879617,0,B,95200,1000,
000058.SZ,000058,20251209,93000830,0,880227,0,B,94000,600,
000058.SZ,000058,20251209,93000830,0,881084,0,B,95200,3000,
000058.SZ,000058,20251209,93000840,0,882402,0,S,95000,17000,
000058.SZ,000058,20251209,93000850,0,883179,0,B,95200,500,
000058.SZ,000058,20251209,93000850,0,883788,0,B,95100,2000,
000058.SZ,000058,20251209,93000850,0,883853,0,S,97000,11000,
000058.SZ,000058,20251209,93000850,0,884312,0,S,97100,2800,
000058.SZ,000058,20251209,93000860,0,885196,0,B,95200,3000,
000058.SZ,000058,20251209,93000860,0,885760,0,B,93900,400,
000058.SZ,000058,20251209,93000860,0,885781,0,B,93800,400,
000058.SZ,000058,20251209,93000860,0,885861,0,S,97100,1100,
000058.SZ,000058,20251209,93000860,0,885903,0,S,95000,400,
000058.SZ,000058,20251209,93000860,0,886061,0,B,95200,1900,
000058.SZ,000058,20251209,93000870,0,886644,0,S,103500,5000,
000058.SZ,000058,20251209,93000870,0,886752,0,S,100000,200,
000058.SZ,000058,20251209,93000870,0,886942,0,B,95200,200,
000058.SZ,000058,20251209,93000880,0,887603,0,S,95000,300,
000058.SZ,000058,20251209,93000880,0,889037,0,B,93700,2000,
000058.SZ,000058,20251209,93000880,0,889104,0,B,93700,3000,
000058.SZ,000058,20251209,93000880,0,889408,0,S,95000,300,
000058.SZ,000058,20251209,93000900,0,891793,0,B,92400,5400,
000058.SZ,000058,20251209,93000900,0,892777,0,S,96700,30000,
000058.SZ,000058,20251209,93000920,0,894076,0,S,102800,800,
000058.SZ,000058,20251209,93000920,0,894840,0,S,95000,1200,
000058.SZ,000058,20251209,93000920,0,895285,0,S,95000,10000,
000058.SZ,000058,20251209,93000920,0,895547,0,B,94700,1800,
000058.SZ,000058,20251209,93000930,0,896394,0,S,103500,1700,
000058.SZ,000058,20251209,93000930,0,896453,0,S,99900,5000,
000058.SZ,000058,20251209,93000940,0,898380,0,B,94100,6000,
000058.SZ,000058,20251209,93000940,0,898565,0,S,96000,1000,
000058.SZ,000058,20251209,93000940,0,898749,0,B,94000,500,
000058.SZ,000058,20251209,93000940,0,898915,0,B,95400,400,
000058.SZ,000058,20251209,93000950,0,899214,0,B,95200,5000,
000058.SZ,000058,20251209,93000950,0,899546,0,B,95500,200,
000058.SZ,000058,20251209,93000960,0,900976,0,B,94200,800,
000058.SZ,000058,20251209,93000960,0,900986,0,S,97500,200,
000058.SZ,000058,20251209,93000960,0,901664,0,S,95100,4500,
000058.SZ,000058,20251209,93000960,0,901697,0,S,95900,700,
000058.SZ,000058,20251209,93000960,0,901791,0,B,95900,100,
000058.SZ,000058,20251209,93000970,0,902428,0,S,98500,200,
000058.SZ,000058,20251209,93000970,0,902518,0,B,95100,1000,
000058.SZ,000058,20251209,93000970,0,902747,0,S,95100,300,
000058.SZ,000058,20251209,93000980,0,903720,0,B,95800,100,
000058.SZ,000058,20251209,93000980,0,903809,0,S,99500,200,
000058.SZ,000058,20251209,93000980,0,904118,0,S,99400,100,
000058.SZ,000058,20251209,93000990,0,905070,0,S,100500,300,
000058.SZ,000058,20251209,93000990,0,905801,0,B,95200,18500,
000058.SZ,000058,20251209,93001010,0,907546,0,B,95000,1000,
000058.SZ,000058,20251209,93001010,0,908046,0,B,94000,1000,
000058.SZ,000058,20251209,93001010,0,908127,0,B,95500,400,
000058.SZ,000058,20251209,93001020,0,909302,0,B,93000,1300,
000058.SZ,000058,20251209,93001020,0,909511,0,B,93900,500,
000058.SZ,000058,20251209,93001020,0,910353,0,S,96100,3000,
000058.SZ,000058,20251209,93001030,0,911316,0,S,99900,1700,
000058.SZ,000058,20251209,93001030,0,911466,0,S,97500,20000,
000058.SZ,000058,20251209,93001060,0,914883,0,B,94500,3000,
000058.SZ,000058,20251209,93001060,0,914887,0,S,96500,7000,
000058.SZ,000058,20251209,93001060,0,914909,0,B,95100,1900,
000058.SZ,000058,20251209,93001090,0,918403,0,B,94400,2000,
000058.SZ,000058,20251209,93001100,0,920679,0,S,98000,400,
000058.SZ,000058,20251209,93001120,0,922142,0,S,97700,1600,
000058.SZ,000058,20251209,93001130,0,924611,0,B,95200,3000,
000058.SZ,000058,20251209,93001130,0,924833,0,S,96700,200,
000058.SZ,000058,20251209,93001140,0,925049,0,B,93900,4200,
000058.SZ,000058,20251209,93001140,0,925856,0,S,99800,500,
000058.SZ,000058,20251209,93001150,0,926723,0,S,95800,5000,
000058.SZ,000058,20251209,93001150,0,926959,0,B,95500,2000,
000058.SZ,000058,20251209,93001160,0,928084,0,B,95200,53600,
000058.SZ,000058,20251209,93001160,0,928213,0,S,103000,1000,
000058.SZ,000058,20251209,93001180,0,929825,0,S,95100,400,
000058.SZ,000058,20251209,93001180,0,929934,0,S,95100,500,
000058.SZ,000058,20251209,93001190,0,930212,0,B,95200,2000,
000058.SZ,000058,20251209,93001190,0,930564,0,B,95200,41500,
000058.SZ,000058,20251209,93001190,0,930820,0,B,95200,100,
000058.SZ,000058,20251209,93001200,0,931200,0,B,94000,1200,
000058.SZ,000058,20251209,93001200,0,931817,0,S,95500,5400,
000058.SZ,000058,20251209,93001210,0,932063,0,B,95100,500,
000058.SZ,000058,20251209,93001210,0,932681,0,B,94000,1100,
000058.SZ,000058,20251209,93001220,0,933966,0,S,95500,200,
000058.SZ,000058,20251209,93001220,0,933986,0,S,96500,200,
000058.SZ,000058,20251209,93001240,0,935200,0,S,95100,400,
000058.SZ,000058,20251209,93001250,0,936399,0,B,95100,400,
000058.SZ,000058,20251209,93001260,0,936843,0,S,95000,500,
000058.SZ,000058,20251209,93001260,0,936888,0,S,102900,5500,
000058.SZ,000058,20251209,93001260,0,936978,0,B,95100,600,
000058.SZ,000058,20251209,93001270,0,937744,0,S,102600,400,
000058.SZ,000058,20251209,93001280,0,939014,0,B,94500,3000,
000058.SZ,000058,20251209,93001310,0,941005,0,B,95000,600,
000058.SZ,000058,20251209,93001310,0,941764,0,S,96700,200,
000058.SZ,000058,20251209,93001310,0,941768,0,B,95100,2200,
000058.SZ,000058,20251209,93001330,0,942801,0,B,94100,400,
000058.SZ,000058,20251209,93001360,0,944881,0,B,95200,2000,
000058.SZ,000058,20251209,93001380,0,946121,0,S,98300,4800,
000058.SZ,000058,20251209,93001380,0,946445,0,B,93200,300,
000058.SZ,000058,20251209,93001390,0,947332,0,B,95200,400,
000058.SZ,000058,20251209,93001400,0,948050,0,S,95000,1200,
000058.SZ,000058,20251209,93001400,0,948077,0,S,95000,1500,
000058.SZ,000058,20251209,93001420,0,949209,0,S,97600,1000,
000058.SZ,000058,20251209,93001420,0,949367,0,B,95200,500,
000058.SZ,000058,20251209,93001420,0,949548,0,S,95000,200,
000058.SZ,000058,20251209,93001420,0,949737,0,S,95200,2000,
000058.SZ,000058,20251209,93001430,0,950564,0,S,101200,500,
000058.SZ,000058,20251209,93001430,0,950870,0,B,95200,1000,
000058.SZ,000058,20251209,93001480,0,954562,0,B,95000,600,
000058.SZ,000058,20251209,93001490,0,955405,0,B,95200,2100,
000058.SZ,000058,20251209,93001500,0,955853,0,B,95200,500,
000058.SZ,000058,20251209,93001510,0,957333,0,S,94900,1000,
000058.SZ,000058,20251209,93001550,0,960366,0,B,94900,2200,
000058.SZ,000058,20251209,93001550,0,960627,0,S,98500,3000,
000058.SZ,000058,20251209,93001550,0,960638,0,S,98800,3000,
000058.SZ,000058,20251209,93001560,0,961145,0,S,99200,3000,
000058.SZ,000058,20251209,93001560,0,962027,0,S,95100,4200,
000058.SZ,000058,20251209,93001570,0,962896,0,S,95000,100,
000058.SZ,000058,20251209,93001570,0,962918,0,S,95000,700,
000058.SZ,000058,20251209,93001570,0,962923,0,S,95000,200,
000058.SZ,000058,20251209,93001570,0,962930,0,S,95000,500,
000058.SZ,000058,20251209,93001570,0,962933,0,S,95000,700,
000058.SZ,000058,20251209,93001570,0,962939,0,S,95000,700,
000058.SZ,000058,20251209,93001590,0,963859,0,B,94800,500,
000058.SZ,000058,20251209,93001590,0,964475,0,S,95000,700,
000058.SZ,000058,20251209,93001590,0,964520,0,S,95000,500,
000058.SZ,000058,20251209,93001610,0,965580,0,S,95000,600,
000058.SZ,000058,20251209,93001610,0,966078,0,B,95200,100,
000058.SZ,000058,20251209,93001610,0,966282,0,S,100200,3000,
000058.SZ,000058,20251209,93001620,0,967247,0,B,95700,500,
000058.SZ,000058,20251209,93001630,0,967912,0,B,94400,600,
000058.SZ,000058,20251209,93001640,0,968783,0,S,95800,5700,
000058.SZ,000058,20251209,93001640,0,968861,0,B,95200,200,
000058.SZ,000058,20251209,93001670,0,972176,0,B,95200,200,
000058.SZ,000058,20251209,93001710,0,976049,0,B,94800,400,
000058.SZ,000058,20251209,93001720,0,977589,0,B,95400,3000,
000058.SZ,000058,20251209,93001740,0,978782,0,S,95000,3900,
000058.SZ,000058,20251209,93001750,0,979227,0,B,95300,500,
000058.SZ,000058,20251209,93001750,0,979244,0,B,95500,1000,
000058.SZ,000058,20251209,93001760,0,980502,0,S,103500,1000,
000058.SZ,000058,20251209,93001760,0,980520,0,B,95600,2000,
000058.SZ,000058,20251209,93001770,0,981349,0,B,95200,5000,
000058.SZ,000058,20251209,93001790,0,982885,0,B,97000,30000,
000058.SZ,000058,20251209,93001810,0,984628,0,B,95000,800,
000058.SZ,000058,20251209,93001820,0,985821,0,S,95000,300,
000058.SZ,000058,20251209,93001840,0,987367,0,S,95800,1000,
000058.SZ,000058,20251209,93001850,0,989024,0,B,94300,100,
000058.SZ,000058,20251209,93001860,0,989479,0,B,93500,700,
000058.SZ,000058,20251209,93001870,0,990060,0,B,93000,200,
000058.SZ,000058,20251209,93001880,0,991087,0,S,103500,3000,
000058.SZ,000058,20251209,93001890,0,991561,0,S,95100,30000,
000058.SZ,000058,20251209,93001890,0,992269,0,S,95600,30000,
000058.SZ,000058,20251209,93001900,0,993092,0,S,95100,2400,
000058.SZ,000058,20251209,93001900,0,993468,0,S,97500,2000,
000058.SZ,000058,20251209,93001910,0,993753,0,B,95100,6300,
000058.SZ,000058,20251209,93001910,0,993769,0,B,95200,5500,
000058.SZ,000058,20251209,93001910,0,994161,0,B,95000,400,
000058.SZ,000058,20251209,93001930,0,996015,0,S,96800,300,
000058.SZ,000058,20251209,93001940,0,997195,0,S,101500,300,
000058.SZ,000058,20251209,93001940,0,997376,0,B,95000,600,
000058.SZ,000058,20251209,93001950,0,998368,0,S,102500,500,
000058.SZ,000058,20251209,93001960,0,999237,0,S,103500,500,
000058.SZ,000058,20251209,93001960,0,999451,0,S,101000,1600,
000058.SZ,000058,20251209,93001980,0,1000814,0,B,93500,300,
000058.SZ,000058,20251209,93001980,0,1001380,0,B,95900,3000,
000058.SZ,000058,20251209,93001990,0,1002217,0,B,94200,100,
000058.SZ,000058,20251209,93002010,0,1004013,0,S,95200,400,
000058.SZ,000058,20251209,93002010,0,1004020,0,S,95200,300,
000058.SZ,000058,20251209,93002010,0,1004022,0,S,95200,700,
000058.SZ,000058,20251209,93002020,0,1005498,0,B,93000,1000,
000058.SZ,000058,20251209,93002020,0,1005597,0,S,95100,200,
000058.SZ,000058,20251209,93002020,0,1005990,0,S,97200,4600,
000058.SZ,000058,20251209,93002030,0,1006103,0,S,95100,500,
000058.SZ,000058,20251209,93002030,0,1006192,0,B,94600,1200,
000058.SZ,000058,20251209,93002030,0,1007122,0,S,96300,1400,
000058.SZ,000058,20251209,93002040,0,1007900,0,B,95000,1000,
000058.SZ,000058,20251209,93002050,0,1008632,0,S,103500,900,
000058.SZ,000058,20251209,93002070,0,1010324,0,S,95000,1400,
000058.SZ,000058,20251209,93002080,0,1011316,0,B,95200,300,
000058.SZ,000058,20251209,93002080,0,1011320,0,S,96800,7300,
000058.SZ,000058,20251209,93002100,0,1012349,0,S,95000,1300,
000058.SZ,000058,20251209,93002100,0,1012356,0,S,95000,500,
000058.SZ,000058,20251209,93002100,0,1012375,0,S,95000,600,
000058.SZ,000058,20251209,93002110,0,1012915,0,S,103500,600,
000058.SZ,000058,20251209,93002110,0,1013005,0,S,96900,10000,
000058.SZ,000058,20251209,93002120,0,1013556,0,S,98900,10000,
000058.SZ,000058,20251209,93002140,0,1015189,0,S,96000,5000,
000058.SZ,000058,20251209,93002140,0,1015627,0,S,96300,1000,
000058.SZ,000058,20251209,93002150,0,1016266,0,S,103300,800,
000058.SZ,000058,20251209,93002150,0,1016411,0,S,103000,2000,
000058.SZ,000058,20251209,93002150,0,1016462,0,B,95300,3000,
000058.SZ,000058,20251209,93002170,0,1017297,0,S,95100,300,
000058.SZ,000058,20251209,93002170,0,1017419,0,S,95400,700,
000058.SZ,000058,20251209,93002170,0,1017789,0,B,95000,600,
000058.SZ,000058,20251209,93002170,0,1017803,0,S,100000,2000,
000058.SZ,000058,20251209,93002190,0,1018440,0,S,95000,100,
000058.SZ,000058,20251209,93002190,0,1018445,0,B,97000,100,
000058.SZ,000058,20251209,93002200,0,1019289,0,B,94000,500,
000058.SZ,000058,20251209,93002210,0,1020083,0,S,95000,400,
000058.SZ,000058,20251209,93002210,0,1020152,0,B,95000,500,
000058.SZ,000058,20251209,93002210,0,1020496,0,S,95000,600,
000058.SZ,000058,20251209,93002230,0,1021118,0,S,95000,500,
000058.SZ,000058,20251209,93002230,0,1021202,0,S,95000,100,
000058.SZ,000058,20251209,93002250,0,1022189,0,B,95600,200,
000058.SZ,000058,20251209,93002270,0,1023711,0,B,95000,200,
000058.SZ,000058,20251209,93002280,0,1023982,0,B,95200,800,
000058.SZ,000058,20251209,93002280,0,1023994,0,S,103500,100,
000058.SZ,000058,20251209,93002280,0,1024487,0,B,94000,200,
000058.SZ,000058,20251209,93002300,0,1025306,0,S,95000,500,
000058.SZ,000058,20251209,93002320,0,1026733,0,S,94600,800,
000058.SZ,000058,20251209,93002340,0,1027845,0,S,95700,5000,
000058.SZ,000058,20251209,93002350,0,1028466,0,B,93400,400,
000058.SZ,000058,20251209,93002370,0,1029281,0,B,95200,100,
000058.SZ,000058,20251209,93002380,0,1029356,0,S,96000,2000,
000058.SZ,000058,20251209,93002380,0,1029377,0,B,95200,2000,
000058.SZ,000058,20251209,93002410,0,1030991,0,B,95000,700,
000058.SZ,000058,20251209,93002410,0,1031062,0,S,94900,100,
000058.SZ,000058,20251209,93002410,0,1031104,0,S,95000,400,
000058.SZ,000058,20251209,93002410,0,1031145,0,S,95000,300,
000058.SZ,000058,20251209,93002420,0,1031513,0,S,94900,2500,
000058.SZ,000058,20251209,93002440,0,1033457,0,B,94600,5000,
000058.SZ,000058,20251209,93002470,0,1035164,0,S,95100,1000,
000058.SZ,000058,20251209,93002480,0,1035497,0,S,103500,500,
000058.SZ,000058,20251209,93002490,0,1035984,0,S,96400,1000,
000058.SZ,000058,20251209,93002500,0,1036845,0,B,95200,500,
000058.SZ,000058,20251209,93002510,0,1037236,0,B,94000,500,
000058.SZ,000058,20251209,93002520,0,1037617,0,S,95000,1400,
000058.SZ,000058,20251209,93002530,0,1038493,0,S,95000,800,
000058.SZ,000058,20251209,93002530,0,1038519,0,S,95000,200,
000058.SZ,000058,20251209,93002550,0,1039392,0,S,94900,4800,
000058.SZ,000058,20251209,93002550,0,1039459,0,S,95100,400,
000058.SZ,000058,20251209,93002550,0,1039473,0,S,95100,100,
000058.SZ,000058,20251209,93002550,0,1039572,0,S,95000,100,
000058.SZ,000058,20251209,93002550,0,1039598,0,S,94900,800,
000058.SZ,000058,20251209,93002560,0,1040414,0,B,95200,200,
000058.SZ,000058,20251209,93002570,0,1040912,0,S,95100,300,
000058.SZ,000058,20251209,93002570,0,1041006,0,S,95100,200,
000058.SZ,000058,20251209,93002570,0,1041360,0,B,94000,100,
000058.SZ,000058,20251209,93002580,0,1041758,0,B,93000,1000,
000058.SZ,000058,20251209,93002590,0,1042334,0,S,95100,200,
000058.SZ,000058,20251209,93002590,0,1042335,0,S,95100,32900,
000058.SZ,000058,20251209,93002590,0,1042336,0,S,95100,900,
000058.SZ,000058,20251209,93002590,0,1042338,0,S,95100,900,
000058.SZ,000058,20251209,93002590,0,1042342,0,S,95100,700,
000058.SZ,000058,20251209,93002590,0,1042499,0,B,95300,15000,
000058.SZ,000058,20251209,93002590,0,1042846,0,B,95300,1500,
000058.SZ,000058,20251209,93002600,0,1043214,0,S,95100,100,
000058.SZ,000058,20251209,93002600,0,1043217,0,S,97300,200,
000058.SZ,000058,20251209,93002600,0,1043434,0,B,93200,10900,
000058.SZ,000058,20251209,93002600,0,1043489,0,S,95200,1300,
000058.SZ,000058,20251209,93002600,0,1043503,0,S,95200,600,
000058.SZ,000058,20251209,93002600,0,1043507,0,S,95200,600,
000058.SZ,000058,20251209,93002600,0,1043510,0,S,95200,1800,
000058.SZ,000058,20251209,93002610,0,1043816,0,S,95100,100,
000058.SZ,000058,20251209,93002610,0,1043871,0,S,95200,100,
000058.SZ,000058,20251209,93002610,0,1044267,0,S,95800,1000,
000058.SZ,000058,20251209,93002610,0,1044283,0,S,95100,600,
000058.SZ,000058,20251209,93002620,0,1044405,0,S,95200,200,
000058.SZ,000058,20251209,93002620,0,1044407,0,S,95200,100,
000058.SZ,000058,20251209,93002620,0,1044411,0,S,95200,400,
000058.SZ,000058,20251209,93002620,0,1044412,0,S,95200,400,
000058.SZ,000058,20251209,93002620,0,1044424,0,S,95200,400,
000058.SZ,000058,20251209,93002620,0,1044435,0,S,95200,300,
000058.SZ,000058,20251209,93002620,0,1044437,0,S,95200,400,
000058.SZ,000058,20251209,93002620,0,1044438,0,S,95200,300,
000058.SZ,000058,20251209,93002620,0,1044439,0,S,95200,400,
000058.SZ,000058,20251209,93002620,0,1044440,0,S,95200,300,
000058.SZ,000058,20251209,93002620,0,1044441,0,S,95200,100,
000058.SZ,000058,20251209,93002620,0,1044446,0,S,95200,200,
000058.SZ,000058,20251209,93002620,0,1044454,0,S,95200,500,
000058.SZ,000058,20251209,93002620,0,1044472,0,S,96800,1000,
000058.SZ,000058,20251209,93002620,0,1044484,0,S,95200,300,
000058.SZ,000058,20251209,93002620,0,1044493,0,S,95200,100,
000058.SZ,000058,20251209,93002620,0,1044778,0,S,97800,1000,
000058.SZ,000058,20251209,93002620,0,1044815,0,B,94100,900,
000058.SZ,000058,20251209,93002620,0,1044868,0,S,103500,600,
000058.SZ,000058,20251209,93002620,0,1044944,0,S,98800,1000,
000058.SZ,000058,20251209,93002620,0,1044970,0,B,94200,10000,
000058.SZ,000058,20251209,93002620,0,1045016,0,S,95200,2300,
000058.SZ,000058,20251209,93002620,0,1045082,0,S,95200,300,
000058.SZ,000058,20251209,93002630,0,1045346,0,B,95200,1000,
000058.SZ,000058,20251209,93002630,0,1045582,0,S,95200,300,
000058.SZ,000058,20251209,93002630,0,1045599,0,S,95200,2300,
000058.SZ,000058,20251209,93002640,0,1045890,0,S,95200,500,
000058.SZ,000058,20251209,93002640,0,1045914,0,S,95200,500,
000058.SZ,000058,20251209,93002640,0,1046139,0,S,95200,400,
000058.SZ,000058,20251209,93002650,0,1046924,0,B,95200,100,
000058.SZ,000058,20251209,93002650,0,1047349,0,S,95200,400,
000058.SZ,000058,20251209,93002660,0,1047616,0,B,96900,1000,
000058.SZ,000058,20251209,93002680,0,1049190,0,B,95500,3900,
000058.SZ,000058,20251209,93002680,0,1049341,0,S,100000,3000,
000058.SZ,000058,20251209,93002680,0,1049374,0,B,95100,1000,
000058.SZ,000058,20251209,93002680,0,1049558,0,B,94600,1100,
000058.SZ,000058,20251209,93002690,0,1049872,0,B,94500,200,
000058.SZ,000058,20251209,93002690,0,1050022,0,S,99900,200,
000058.SZ,000058,20251209,93002690,0,1050180,0,S,95100,100,
000058.SZ,000058,20251209,93002710,0,1051023,0,S,94900,100,
000058.SZ,000058,20251209,93002710,0,1051043,0,S,94900,100,
000058.SZ,000058,20251209,93002720,0,1051516,0,S,94900,200,
000058.SZ,000058,20251209,93002720,0,1051789,0,S,95200,100,
000058.SZ,000058,20251209,93002730,0,1052081,0,B,95200,1300,
000058.SZ,000058,20251209,93002730,0,1052102,0,S,102600,100,
000058.SZ,000058,20251209,93002750,0,1053459,0,S,95000,700,
000058.SZ,000058,20251209,93002770,0,1054124,0,S,103000,500,
000058.SZ,000058,20251209,93002770,0,1054358,0,S,101500,1200,
000058.SZ,000058,20251209,93002790,0,1055554,0,B,95100,22200,
000058.SZ,000058,20251209,93002800,0,1056500,0,S,96400,2000,
000058.SZ,000058,20251209,93002820,0,1057308,0,S,95200,400,
000058.SZ,000058,20251209,93002820,0,1057312,0,S,95200,400,
000058.SZ,000058,20251209,93002820,0,1057347,0,S,95200,300,
000058.SZ,000058,20251209,93002840,0,1058746,0,S,102500,4100,
000058.SZ,000058,20251209,93002850,0,1059771,0,S,95600,1000,
000058.SZ,000058,20251209,93002870,0,1060640,0,S,95100,200,
000058.SZ,000058,20251209,93002870,0,1060757,0,S,94900,1300,
000058.SZ,000058,20251209,93002870,0,1060960,0,S,95100,2800,
000058.SZ,000058,20251209,93002870,0,1060963,0,S,95100,18600,
000058.SZ,000058,20251209,93002920,0,1063708,0,B,95300,2000,
000058.SZ,000058,20251209,93002920,0,1063766,0,S,95200,2200,
000058.SZ,000058,20251209,93002920,0,1063858,0,B,94100,400,
000058.SZ,000058,20251209,93002930,0,1063954,0,S,95200,400,
000058.SZ,000058,20251209,93002930,0,1063959,0,S,95200,600,
000058.SZ,000058,20251209,93002930,0,1064022,0,S,95200,300,
000058.SZ,000058,20251209,93002930,0,1064041,0,S,95200,600,
000058.SZ,000058,20251209,93002930,0,1064042,0,S,95200,600,
000058.SZ,000058,20251209,93002930,0,1064043,0,S,95200,400,
000058.SZ,000058,20251209,93002930,0,1064167,0,S,95200,700,
000058.SZ,000058,20251209,93002930,0,1064339,0,S,103500,700,
000058.SZ,000058,20251209,93002960,0,1066979,0,S,95100,300,
000058.SZ,000058,20251209,93002960,0,1067056,0,B,95200,500,
000058.SZ,000058,20251209,93002970,0,1067546,0,B,95200,2700,
000058.SZ,000058,20251209,93002990,0,1068413,0,S,95200,100,
000058.SZ,000058,20251209,93002990,0,1068414,0,B,94900,1000,
000058.SZ,000058,20251209,93003020,0,1071323,0,S,95100,2300,
000058.SZ,000058,20251209,93003030,0,1071608,0,S,97000,10000,
000058.SZ,000058,20251209,93003030,0,1071787,0,B,95100,1000,
000058.SZ,000058,20251209,93003030,0,1071872,0,B,95100,1000,
000058.SZ,000058,20251209,93003030,0,1072227,0,S,95100,400,
000058.SZ,000058,20251209,93003030,0,1072256,0,S,95100,200,
000058.SZ,000058,20251209,93003040,0,1072758,0,B,95300,900,
000058.SZ,000058,20251209,93003050,0,1073537,0,B,94600,3000,
000058.SZ,000058,20251209,93003050,0,1073666,0,B,95300,10000,
000058.SZ,000058,20251209,93003070,0,1074799,0,S,94900,100,
000058.SZ,000058,20251209,93003100,0,1076389,0,S,103500,1000,
000058.SZ,000058,20251209,93003110,0,1077195,0,S,103300,20000,
000058.SZ,000058,20251209,93003130,0,1078143,0,S,95100,200,
000058.SZ,000058,20251209,93003130,0,1078418,0,S,103200,600,
000058.SZ,000058,20251209,93003140,0,1078950,0,S,95100,1000,
000058.SZ,000058,20251209,93003150,0,1079568,0,S,103500,800,
000058.SZ,000058,20251209,93003150,0,1079959,0,S,95200,400,
000058.SZ,000058,20251209,93003160,0,1080459,0,S,96000,100,
000058.SZ,000058,20251209,93003170,0,1080744,0,S,94900,1000,
000058.SZ,000058,20251209,93003170,0,1080752,0,S,94800,700,
000058.SZ,000058,20251209,93003170,0,1080754,0,S,94800,100,
000058.SZ,000058,20251209,93003170,0,1080768,0,S,94800,200,
000058.SZ,000058,20251209,93003170,0,1080783,0,S,94800,100,
000058.SZ,000058,20251209,93003170,0,1080790,0,S,94800,100,
000058.SZ,000058,20251209,93003180,0,1081489,0,S,95000,1500,
000058.SZ,000058,20251209,93003180,0,1081500,0,B,94900,500,
000058.SZ,000058,20251209,93003180,0,1081582,0,S,94800,100,
000058.SZ,000058,20251209,93003190,0,1081976,0,B,94600,800,
000058.SZ,000058,20251209,93003190,0,1082069,0,S,94900,1500,
000058.SZ,000058,20251209,93003190,0,1082228,0,S,95000,200,
000058.SZ,000058,20251209,93003220,0,1083532,0,S,95100,200,
000058.SZ,000058,20251209,93003260,0,1085622,0,S,98800,4000,
000058.SZ,000058,20251209,93003270,0,1085793,0,S,99800,1000,
000058.SZ,000058,20251209,93003350,0,1089092,0,S,103500,1900,
000058.SZ,000058,20251209,93003370,0,1090071,0,B,95600,3800,
000058.SZ,000058,20251209,93003380,0,1090566,0,B,95100,3000,
000058.SZ,000058,20251209,93003390,0,1091277,0,S,94900,800,
000058.SZ,000058,20251209,93003410,0,1092286,0,S,95200,200,
000058.SZ,000058,20251209,93003430,0,1093087,0,S,95100,300,
000058.SZ,000058,20251209,93003430,0,1093121,0,S,95100,200,
000058.SZ,000058,20251209,93003430,0,1093260,0,S,95100,200,
000058.SZ,000058,20251209,93003440,0,1094722,0,S,95100,200,
000058.SZ,000058,20251209,93003460,0,1095770,0,B,95000,100,
000058.SZ,000058,20251209,93003460,0,1095809,0,B,95200,500,
000058.SZ,000058,20251209,93003470,0,1096035,0,B,95200,500,
000058.SZ,000058,20251209,93003470,0,1096224,0,S,95100,100,
000058.SZ,000058,20251209,93003500,0,1096949,0,S,95100,200,
000058.SZ,000058,20251209,93003510,0,1097419,0,B,95200,500,
000058.SZ,000058,20251209,93003510,0,1097477,0,S,95100,800,
000058.SZ,000058,20251209,93003520,0,1097849,0,B,95000,200,
000058.SZ,000058,20251209,93003550,0,1099260,0,B,95100,2000,
000058.SZ,000058,20251209,93003560,0,1099712,0,S,94900,500,
000058.SZ,000058,20251209,93003560,0,1099719,0,S,94900,500,
000058.SZ,000058,20251209,93003560,0,1099775,0,S,94900,500,
000058.SZ,000058,20251209,93003590,0,1101307,0,S,103500,5000,
000058.SZ,000058,20251209,93003610,0,1102520,0,S,95100,100,
000058.SZ,000058,20251209,93003610,0,1102601,0,B,95100,1200,
000058.SZ,000058,20251209,93003620,0,1103208,0,S,99800,1000,
000058.SZ,000058,20251209,93003620,0,1103440,0,S,100800,1000,
000058.SZ,000058,20251209,93003630,0,1104479,0,S,95000,200,
000058.SZ,000058,20251209,93003640,0,1104846,0,S,95000,100,
000058.SZ,000058,20251209,93003660,0,1106570,0,S,95000,100,
000058.SZ,000058,20251209,93003660,0,1106838,0,S,95000,100,
000058.SZ,000058,20251209,93003680,0,1107853,0,B,94100,3200,
000058.SZ,000058,20251209,93003700,0,1108798,0,B,93600,1000,
000058.SZ,000058,20251209,93003710,0,1109690,0,S,95100,1000,
000058.SZ,000058,20251209,93003710,0,1109736,0,S,95000,100,
000058.SZ,000058,20251209,93003770,0,1112921,0,B,93800,200,
000058.SZ,000058,20251209,93003780,0,1113434,0,S,95800,600,
000058.SZ,000058,20251209,93003780,0,1113476,0,B,95200,1700,
000058.SZ,000058,20251209,93003840,0,1115967,0,B,94000,1000,
000058.SZ,000058,20251209,93003850,0,1116584,0,S,103500,1300,
000058.SZ,000058,20251209,93003860,0,1117293,0,B,95500,5000,
000058.SZ,000058,20251209,93003870,0,1117795,0,B,94300,200,
000058.SZ,000058,20251209,93003910,0,1119288,0,S,99400,2000,
000058.SZ,000058,20251209,93003930,0,1119901,0,B,95100,1000,
000058.SZ,000058,20251209,93003940,0,1120809,0,B,95500,2100,
000058.SZ,000058,20251209,93003970,0,1122289,0,S,98900,300,
000058.SZ,000058,20251209,93003970,0,1122308,0,B,95200,1200,
000058.SZ,000058,20251209,93003970,0,1122667,0,B,95200,100,
000058.SZ,000058,20251209,93004010,0,1124511,0,B,95200,700,
000058.SZ,000058,20251209,93004030,0,1126194,0,B,95200,1000,
000058.SZ,000058,20251209,93004030,0,1126302,0,B,86000,300,
000058.SZ,000058,20251209,93004040,0,1127335,0,B,95200,3000,
000058.SZ,000058,20251209,93004080,0,1129299,0,B,95200,5000,
000058.SZ,000058,20251209,93004080,0,1129443,0,B,95500,96100,
000058.SZ,000058,20251209,93004160,0,1132460,0,S,94900,500,
000058.SZ,000058,20251209,93004160,0,1132483,0,S,95200,500,
000058.SZ,000058,20251209,93004160,0,1132489,0,S,94900,500,
000058.SZ,000058,20251209,93004160,0,1132591,0,S,94900,500,
000058.SZ,000058,20251209,93004160,0,1132592,0,S,94900,500,
000058.SZ,000058,20251209,93004160,0,1132596,0,S,94900,800,
000058.SZ,000058,20251209,93004160,0,1132628,0,S,94900,500,
000058.SZ,000058,20251209,93004160,0,1132631,0,S,94900,500,
000058.SZ,000058,20251209,93004160,0,1132633,0,S,94900,500,
000058.SZ,000058,20251209,93004160,0,1132672,0,S,94900,500,
000058.SZ,000058,20251209,93004170,0,1132818,0,S,94900,500,
000058.SZ,000058,20251209,93004170,0,1132825,0,S,94900,700,
000058.SZ,000058,20251209,93004170,0,1132930,0,S,94900,500,
000058.SZ,000058,20251209,93004170,0,1132976,0,S,94900,500,
000058.SZ,000058,20251209,93004180,0,1133255,0,S,94900,500,
000058.SZ,000058,20251209,93004180,0,1133260,0,S,97800,500,
000058.SZ,000058,20251209,93004180,0,1133306,0,S,103500,2000,
000058.SZ,000058,20251209,93004180,0,1133328,0,S,94900,500,
000058.SZ,000058,20251209,93004180,0,1133341,0,S,94900,300,
000058.SZ,000058,20251209,93004200,0,1133928,0,B,95200,300,
000058.SZ,000058,20251209,93004200,0,1133940,0,S,94900,500,
000058.SZ,000058,20251209,93004200,0,1134042,0,S,94900,500,
000058.SZ,000058,20251209,93004200,0,1134104,0,S,94900,500,
000058.SZ,000058,20251209,93004200,0,1134139,0,S,94900,800,
000058.SZ,000058,20251209,93004200,0,1134154,0,S,94900,500,
000058.SZ,000058,20251209,93004200,0,1134273,0,S,94900,500,
000058.SZ,000058,20251209,93004210,0,1134455,0,S,94900,500,
000058.SZ,000058,20251209,93004220,0,1134773,0,B,95200,1000,
000058.SZ,000058,20251209,93004220,0,1134805,0,S,95100,1100,
000058.SZ,000058,20251209,93004220,0,1134815,0,S,95100,300,
000058.SZ,000058,20251209,93004220,0,1134830,0,S,94900,500,
000058.SZ,000058,20251209,93004220,0,1134948,0,S,95100,100,
000058.SZ,000058,20251209,93004230,0,1134968,0,S,94900,400,
000058.SZ,000058,20251209,93004240,0,1135545,0,S,94900,500,
000058.SZ,000058,20251209,93004250,0,1135655,0,S,94900,900,
000058.SZ,000058,20251209,93004250,0,1135710,0,B,95200,500,
000058.SZ,000058,20251209,93004260,0,1135999,0,S,94900,500,
000058.SZ,000058,20251209,93004260,0,1136034,0,S,94900,500,
000058.SZ,000058,20251209,93004270,0,1136363,0,S,94900,900,
000058.SZ,000058,20251209,93004270,0,1136384,0,S,94900,500,
000058.SZ,000058,20251209,93004270,0,1136385,0,S,94900,900,
000058.SZ,000058,20251209,93004270,0,1136390,0,S,94900,600,
000058.SZ,000058,20251209,93004330,0,1137764,0,B,93800,1000,
000058.SZ,000058,20251209,93004380,0,1140500,0,S,98000,300,
000058.SZ,000058,20251209,93004390,0,1141100,0,S,94900,500,
000058.SZ,000058,20251209,93004400,0,1141323,0,S,94900,700,
000058.SZ,000058,20251209,93004400,0,1141329,0,S,94900,500,
000058.SZ,000058,20251209,93004400,0,1141333,0,S,96600,3000,
000058.SZ,000058,20251209,93004410,0,1141963,0,S,94900,500,
000058.SZ,000058,20251209,93004410,0,1142003,0,S,94900,500,
000058.SZ,000058,20251209,93004410,0,1142043,0,S,94900,300,
000058.SZ,000058,20251209,93004410,0,1142072,0,S,94900,600,
000058.SZ,000058,20251209,93004410,0,1142103,0,S,94900,700,
000058.SZ,000058,20251209,93004410,0,1142120,0,S,94900,400,
000058.SZ,000058,20251209,93004410,0,1142155,0,S,94900,500,
000058.SZ,000058,20251209,93004410,0,1142170,0,S,94900,500,
000058.SZ,000058,20251209,93004410,0,1142203,0,S,94900,900,
000058.SZ,000058,20251209,93004430,0,1143414,0,S,103500,200,
000058.SZ,000058,20251209,93004440,0,1143588,0,S,97600,2000,
000058.SZ,000058,20251209,93004460,0,1144766,0,S,103500,2000,
000058.SZ,000058,20251209,93004490,0,1145850,0,S,94900,500,
000058.SZ,000058,20251209,93004490,0,1145863,0,S,94900,500,
000058.SZ,000058,20251209,93004490,0,1145866,0,S,94900,600,
000058.SZ,000058,20251209,93004490,0,1145867,0,S,94900,500,
000058.SZ,000058,20251209,93004490,0,1145875,0,S,94900,500,
000058.SZ,000058,20251209,93004490,0,1145915,0,S,94900,500,
000058.SZ,000058,20251209,93004490,0,1145949,0,S,94900,500,
000058.SZ,000058,20251209,93004490,0,1145953,0,S,94900,500,
000058.SZ,000058,20251209,93004500,0,1145966,0,S,94900,600,
000058.SZ,000058,20251209,93004500,0,1145984,0,S,94900,900,
000058.SZ,000058,20251209,93004500,0,1146116,0,S,94900,500,
000058.SZ,000058,20251209,93004500,0,1146117,0,S,94900,500,
000058.SZ,000058,20251209,93004510,0,1146305,0,B,95200,2000,
000058.SZ,000058,20251209,93004510,0,1146430,0,S,94900,400,
000058.SZ,000058,20251209,93004530,0,1146864,0,B,95300,2500,
000058.SZ,000058,20251209,93004530,0,1147086,0,S,94900,500,
000058.SZ,000058,20251209,93004540,0,1147258,0,S,94900,900,
000058.SZ,000058,20251209,93004550,0,1147339,0,S,94900,500,
000058.SZ,000058,20251209,93004550,0,1147343,0,S,94900,500,
000058.SZ,000058,20251209,93004560,0,1147574,0,S,95900,2000,
000058.SZ,000058,20251209,93004590,0,1148746,0,B,95200,5700,
000058.SZ,000058,20251209,93004600,0,1148885,0,S,94900,700,
000058.SZ,000058,20251209,93004600,0,1148955,0,S,94900,600,
000058.SZ,000058,20251209,93004600,0,1148962,0,S,94900,500,
000058.SZ,000058,20251209,93004600,0,1148969,0,S,94900,500,
000058.SZ,000058,20251209,93004600,0,1149009,0,S,94900,500,
000058.SZ,000058,20251209,93004620,0,1150315,0,S,95100,100,
000058.SZ,000058,20251209,93004630,0,1151101,0,B,95200,2200,
