万得代码,交易所代码,自然日,时间,成交价,成交量,成交额,成交笔数,IOPV,成交标志,BS标志,当日累计成交量,当日成交额,最高价,最低价,开盘价,前收盘,申卖价1,申卖价2,申卖价3,申卖价4,申卖价5,申卖价6,申卖价7,申卖价8,申卖价9,申卖价10,申卖量1,申卖量2,申卖量3,申卖量4,申卖量5,申卖量6,申卖量7,申卖量8,申卖量9,申卖量10,申买价1,申买价2,申买价3,申买价4,申买价5,申买价6,申买价7,申买价8,申买价9,申买价10,申买量1,申买量2,申买量3,申买量4,申买量5,申买量6,申买量7,申买量8,申买量9,申买量10,加权平均叫卖价,加权平均叫买价,叫卖总量,叫买总量,不加权指数,品种总数,上涨品种数,下跌品种数,持平品种数,
600018.SH,600018,20251209,84510000,0,0,0,0,0,,,0,0,0,0,0,56100,0,0,0,0,0,0,0,0,0,0,0,0,0,0,0,0,0,0,0,0,0,0,0,0,0,0,0,0,0,0,0,0,0,0,0,0,0,0,0,0,0,0,0,0,0,0,0,0,0,
600018.SH,600018,20251209,91401000,0,0,0,0,0,,,0,0,0,0,0,56100,0,0,0,0,0,0,0,0,0,0,0,0,0,0,0,0,0,0,0,0,0,0,0,0,0,0,0,0,0,0,0,0,0,0,0,0,0,0,0,0,0,0,0,0,0,0,0,0,0,
600018.SH,600018,20251209,91501000,0,0,0,0,0,,,0,0,0,0,0,56100,0,0,0,0,0,0,0,0,0,0,0,0,0,0,0,0,0,0,0,0,0,0,0,0,0,0,0,0,0,0,0,0,0,0,0,0,0,0,0,0,56980,55500,6500,1000,0,0,0,0,0,
600018.SH,600018,20251209,91504000,0,0,0,0,0,,,0,0,0,0,0,56100,56100,0,0,0,0,0,0,0,0,0,6000,0,0,0,0,0,0,0,0,0,56100,0,0,0,0,0,0,0,0,0,6000,5000,0,0,0,0,0,0,0,0,57470,55400,1016900,393800,0,0,0,0,0,
600018.SH,600018,20251209,91507000,0,0,0,0,0,,,0,0,0,0,0,56100,56100,0,0,0,0,0,0,0,0,0,6000,0,0,0,0,0,0,0,0,0,56100,0,0,0,0,0,0,0,0,0,6000,5100,0,0,0,0,0,0,0,0,58200,55460,2338900,1114100,0,0,0,0,0,
600018.SH,600018,20251209,91510000,0,0,0,0,0,,,0,0,0,0,0,56100,56100,0,0,0,0,0,0,0,0,0,9700,0,0,0,0,0,0,0,0,0,56100,0,0,0,0,0,0,0,0,0,9700,1400,0,0,0,0,0,0,0,0,58280,55440,2723200,1233600,0,0,0,0,0,
600018.SH,600018,20251209,91513000,0,0,0,0,0,,,0,0,0,0,0,56100,56100,0,0,0,0,0,0,0,0,0,9900,0,0,0,0,0,0,0,0,0,56100,0,0,0,0,0,0,0,0,0,9900,3300,0,0,0,0,0,0,0,0,58190,55350,3271300,1582500,0,0,0,0,0,
600018.SH,600018,20251209,91516000,0,0,0,0,0,,,0,0,0,0,0,56100,56100,0,0,0,0,0,0,0,0,0,10400,0,0,0,0,0,0,0,0,0,56100,0,0,0,0,0,0,0,0,0,10400,3000,0,0,0,0,0,0,0,0,58210,55310,3572000,1920000,0,0,0,0,0,
600018.SH,600018,20251209,91519000,0,0,0,0,0,,,0,0,0,0,0,56100,56100,0,0,0,0,0,0,0,0,0,10400,0,0,0,0,0,0,0,0,0,56100,0,0,0,0,0,0,0,0,0,10400,23100,0,0,0,0,0,0,0,0,58200,55310,3922600,2157600,0,0,0,0,0,
600018.SH,600018,20251209,91522000,0,0,0,0,0,,,0,0,0,0,0,56100,56100,0,0,0,0,0,0,0,0,0,10400,0,0,0,0,0,0,0,0,0,56100,0,0,0,0,0,0,0,0,0,10400,23700,0,0,0,0,0,0,0,0,58190,55300,4116701,2297900,0,0,0,0,0,
600018.SH,600018,20251209,91525000,0,0,0,0,0,,,0,0,0,0,0,56100,56100,0,0,0,0,0,0,0,0,0,18000,0,0,0,0,0,0,0,0,0,56100,0,0,0,0,0,0,0,0,0,18000,16200,0,0,0,0,0,0,0,0,58200,55280,4287401,2382500,0,0,0,0,0,
600018.SH,600018,20251209,91528000,0,0,0,0,0,,,0,0,0,0,0,56100,56100,0,0,0,0,0,0,0,0,0,18000,0,0,0,0,0,0,0,0,0,56100,0,0,0,0,0,0,0,0,0,18000,16200,0,0,0,0,0,0,0,0,58200,55280,4287601,2383700,0,0,0,0,0,
600018.SH,600018,20251209,91531000,0,0,0,0,0,,,0,0,0,0,0,56100,56100,0,0,0,0,0,0,0,0,0,18000,0,0,0,0,0,0,0,0,0,56100,0,0,0,0,0,0,0,0,0,18000,16200,0,0,0,0,0,0,0,0,58190,55260,4298401,2394500,0,0,0,0,0,
600018.SH,600018,20251209,91534000,0,0,0,0,0,,,0,0,0,0,0,56100,56100,0,0,0,0,0,0,0,0,0,18000,0,0,0,0,0,0,0,0,0,56100,0,0,0,0,0,0,0,0,0,18000,16200,0,0,0,0,0,0,0,0,58190,55260,4298901,2395400,0,0,0,0,0,
600018.SH,600018,20251209,91537000,0,0,0,0,0,,,0,0,0,0,0,56100,56100,0,0,0,0,0,0,0,0,0,18000,0,0,0,0,0,0,0,0,0,56100,0,0,0,0,0,0,0,0,0,18000,16200,0,0,0,0,0,0,0,0,58190,55260,4299201,2396100,0,0,0,0,0,
600018.SH,600018,20251209,91543000,0,0,0,0,0,,,0,0,0,0,0,56100,56100,0,0,0,0,0,0,0,0,0,18000,0,0,0,0,0,0,0,0,0,56100,0,0,0,0,0,0,0,0,0,18000,16200,0,0,0,0,0,0,0,0,58190,55260,4299701,2396100,0,0,0,0,0,
600018.SH,600018,20251209,91546000,0,0,0,0,0,,,0,0,0,0,0,56100,56100,0,0,0,0,0,0,0,0,0,18000,0,0,0,0,0,0,0,0,0,56100,0,0,0,0,0,0,0,0,0,18000,16200,0,0,0,0,0,0,0,0,58190,55270,4305701,2408100,0,0,0,0,0,
600018.SH,600018,20251209,91549000,0,0,0,0,0,,,0,0,0,0,0,56100,56100,0,0,0,0,0,0,0,0,0,18000,0,0,0,0,0,0,0,0,0,56100,0,0,0,0,0,0,0,0,0,18000,16200,0,0,0,0,0,0,0,0,58190,55270,4305701,2438100,0,0,0,0,0,
600018.SH,600018,20251209,91552000,0,0,0,0,0,,,0,0,0,0,0,56100,56100,0,0,0,0,0,0,0,0,0,18000,0,0,0,0,0,0,0,0,0,56100,0,0,0,0,0,0,0,0,0,18000,16200,0,0,0,0,0,0,0,0,58190,55270,4308101,2440100,0,0,0,0,0,
600018.SH,600018,20251209,91555000,0,0,0,0,0,,,0,0,0,0,0,56100,56100,0,0,0,0,0,0,0,0,0,18000,0,0,0,0,0,0,0,0,0,56100,0,0,0,0,0,0,0,0,0,18000,16200,0,0,0,0,0,0,0,0,58190,55270,4308301,2440300,0,0,0,0,0,
600018.SH,600018,20251209,91558000,0,0,0,0,0,,,0,0,0,0,0,56100,56100,0,0,0,0,0,0,0,0,0,18000,0,0,0,0,0,0,0,0,0,56100,0,0,0,0,0,0,0,0,0,18000,16200,0,0,0,0,0,0,0,0,58190,55270,4310001,2440600,0,0,0,0,0,
600018.SH,600018,20251209,91601000,0,0,0,0,0,,,0,0,0,0,0,56100,56100,0,0,0,0,0,0,0,0,0,18000,0,0,0,0,0,0,0,0,0,56100,0,0,0,0,0,0,0,0,0,18000,16200,0,0,0,0,0,0,0,0,58190,55270,4310501,2441800,0,0,0,0,0,
600018.SH,600018,20251209,91604000,0,0,0,0,0,,,0,0,0,0,0,56100,56100,0,0,0,0,0,0,0,0,0,18000,0,0,0,0,0,0,0,0,0,56100,0,0,0,0,0,0,0,0,0,18000,16200,0,0,0,0,0,0,0,0,58190,55270,4315601,2446900,0,0,0,0,0,
600018.SH,600018,20251209,91607000,0,0,0,0,0,,,0,0,0,0,0,56100,56100,0,0,0,0,0,0,0,0,0,18000,0,0,0,0,0,0,0,0,0,56100,0,0,0,0,0,0,0,0,0,18000,16200,0,0,0,0,0,0,0,0,58190,55270,4315601,2451900,0,0,0,0,0,
600018.SH,600018,20251209,91610000,0,0,0,0,0,,,0,0,0,0,0,56100,56100,0,0,0,0,0,0,0,0,0,21000,0,0,0,0,0,0,0,0,0,56100,0,0,0,0,0,0,0,0,0,21000,13400,0,0,0,0,0,0,0,0,58190,55270,4328601,2452100,0,0,0,0,0,
600018.SH,600018,20251209,91613000,0,0,0,0,0,,,0,0,0,0,0,56100,56100,0,0,0,0,0,0,0,0,0,21000,0,0,0,0,0,0,0,0,0,56100,0,0,0,0,0,0,0,0,0,21000,14200,0,0,0,0,0,0,0,0,58190,55270,4328601,2452900,0,0,0,0,0,
600018.SH,600018,20251209,91619000,0,0,0,0,0,,,0,0,0,0,0,56100,56100,0,0,0,0,0,0,0,0,0,21000,0,0,0,0,0,0,0,0,0,56100,0,0,0,0,0,0,0,0,0,21000,114900,0,0,0,0,0,0,0,0,58190,55300,4328601,2553600,0,0,0,0,0,
600018.SH,600018,20251209,91628000,0,0,0,0,0,,,0,0,0,0,0,56100,56100,0,0,0,0,0,0,0,0,0,21000,0,0,0,0,0,0,0,0,0,56100,0,0,0,0,0,0,0,0,0,21000,114900,0,0,0,0,0,0,0,0,58180,55300,4333601,2553600,0,0,0,0,0,
600018.SH,600018,20251209,91634000,0,0,0,0,0,,,0,0,0,0,0,56100,56100,0,0,0,0,0,0,0,0,0,21000,0,0,0,0,0,0,0,0,0,56100,0,0,0,0,0,0,0,0,0,21000,122900,0,0,0,0,0,0,0,0,58180,55310,4333601,2561600,0,0,0,0,0,
600018.SH,600018,20251209,91637000,0,0,0,0,0,,,0,0,0,0,0,56100,56100,0,0,0,0,0,0,0,0,0,21000,0,0,0,0,0,0,0,0,0,56100,0,0,0,0,0,0,0,0,0,21000,122900,0,0,0,0,0,0,0,0,58180,55310,4333601,2562600,0,0,0,0,0,
600018.SH,600018,20251209,91655000,0,0,0,0,0,,,0,0,0,0,0,56100,56100,0,0,0,0,0,0,0,0,0,21000,0,0,0,0,0,0,0,0,0,56100,0,0,0,0,0,0,0,0,0,21000,122900,0,0,0,0,0,0,0,0,58180,55310,4333601,2563500,0,0,0,0,0,
600018.SH,600018,20251209,91658000,0,0,0,0,0,,,0,0,0,0,0,56100,56100,0,0,0,0,0,0,0,0,0,21000,0,0,0,0,0,0,0,0,0,56100,0,0,0,0,0,0,0,0,0,21000,122900,0,0,0,0,0,0,0,0,58180,55310,4338601,2568500,0,0,0,0,0,
600018.SH,600018,20251209,91704000,0,0,0,0,0,,,0,0,0,0,0,56100,56100,0,0,0,0,0,0,0,0,0,21000,0,0,0,0,0,0,0,0,0,56100,0,0,0,0,0,0,0,0,0,21000,122900,0,0,0,0,0,0,0,0,58180,55310,4338601,2578500,0,0,0,0,0,
600018.SH,600018,20251209,91713000,0,0,0,0,0,,,0,0,0,0,0,56100,56100,0,0,0,0,0,0,0,0,0,21000,0,0,0,0,0,0,0,0,0,56100,0,0,0,0,0,0,0,0,0,21000,122900,0,0,0,0,0,0,0,0,58180,55310,4338601,2579000,0,0,0,0,0,
600018.SH,600018,20251209,91719000,0,0,0,0,0,,,0,0,0,0,0,56100,56100,0,0,0,0,0,0,0,0,0,21000,0,0,0,0,0,0,0,0,0,56100,0,0,0,0,0,0,0,0,0,21000,122900,0,0,0,0,0,0,0,0,58180,55310,4338601,2579500,0,0,0,0,0,
600018.SH,600018,20251209,91722000,0,0,0,0,0,,,0,0,0,0,0,56100,56100,0,0,0,0,0,0,0,0,0,21400,0,0,0,0,0,0,0,0,0,56100,0,0,0,0,0,0,0,0,0,21400,122500,0,0,0,0,0,0,0,0,58180,55310,4344001,2579500,0,0,0,0,0,
600018.SH,600018,20251209,91725000,0,0,0,0,0,,,0,0,0,0,0,56100,56100,0,0,0,0,0,0,0,0,0,21800,0,0,0,0,0,0,0,0,0,56100,0,0,0,0,0,0,0,0,0,21800,124600,0,0,0,0,0,0,0,0,58180,55310,4344401,2592500,0,0,0,0,0,
600018.SH,600018,20251209,91731000,0,0,0,0,0,,,0,0,0,0,0,56100,56100,0,0,0,0,0,0,0,0,0,21800,0,0,0,0,0,0,0,0,0,56100,0,0,0,0,0,0,0,0,0,21800,124600,0,0,0,0,0,0,0,0,58180,55310,4337201,2592500,0,0,0,0,0,
600018.SH,600018,20251209,91734000,0,0,0,0,0,,,0,0,0,0,0,56100,56100,0,0,0,0,0,0,0,0,0,21800,0,0,0,0,0,0,0,0,0,56100,0,0,0,0,0,0,0,0,0,21800,124600,0,0,0,0,0,0,0,0,58180,55310,4337201,2597000,0,0,0,0,0,
600018.SH,600018,20251209,91737000,0,0,0,0,0,,,0,0,0,0,0,56100,56100,0,0,0,0,0,0,0,0,0,21800,0,0,0,0,0,0,0,0,0,56100,0,0,0,0,0,0,0,0,0,21800,124600,0,0,0,0,0,0,0,0,58180,55310,4337201,2597300,0,0,0,0,0,
600018.SH,600018,20251209,91740000,0,0,0,0,0,,,0,0,0,0,0,56100,56100,0,0,0,0,0,0,0,0,0,21800,0,0,0,0,0,0,0,0,0,56100,0,0,0,0,0,0,0,0,0,21800,124600,0,0,0,0,0,0,0,0,58180,55310,4338101,2607300,0,0,0,0,0,
600018.SH,600018,20251209,91743000,0,0,0,0,0,,,0,0,0,0,0,56100,56100,0,0,0,0,0,0,0,0,0,21800,0,0,0,0,0,0,0,0,0,56100,0,0,0,0,0,0,0,0,0,21800,124600,0,0,0,0,0,0,0,0,58180,55310,4342101,2607300,0,0,0,0,0,
600018.SH,600018,20251209,91746000,0,0,0,0,0,,,0,0,0,0,0,56100,56100,0,0,0,0,0,0,0,0,0,21800,0,0,0,0,0,0,0,0,0,56100,0,0,0,0,0,0,0,0,0,21800,124600,0,0,0,0,0,0,0,0,58180,55310,4342401,2610300,0,0,0,0,0,
600018.SH,600018,20251209,91749000,0,0,0,0,0,,,0,0,0,0,0,56100,56100,0,0,0,0,0,0,0,0,0,21800,0,0,0,0,0,0,0,0,0,56100,0,0,0,0,0,0,0,0,0,21800,124600,0,0,0,0,0,0,0,0,58180,55310,4346601,2610300,0,0,0,0,0,
600018.SH,600018,20251209,91752000,0,0,0,0,0,,,0,0,0,0,0,56100,56100,0,0,0,0,0,0,0,0,0,21800,0,0,0,0,0,0,0,0,0,56100,0,0,0,0,0,0,0,0,0,21800,124600,0,0,0,0,0,0,0,0,58180,55310,4351601,2611300,0,0,0,0,0,
600018.SH,600018,20251209,91810000,0,0,0,0,0,,,0,0,0,0,0,56100,56100,0,0,0,0,0,0,0,0,0,21800,0,0,0,0,0,0,0,0,0,56100,0,0,0,0,0,0,0,0,0,21800,124600,0,0,0,0,0,0,0,0,58180,55310,4357601,2611300,0,0,0,0,0,
600018.SH,600018,20251209,91813000,0,0,0,0,0,,,0,0,0,0,0,56100,56100,0,0,0,0,0,0,0,0,0,21800,0,0,0,0,0,0,0,0,0,56100,0,0,0,0,0,0,0,0,0,21800,124600,0,0,0,0,0,0,0,0,58180,55310,4357601,2613300,0,0,0,0,0,
600018.SH,600018,20251209,91816000,0,0,0,0,0,,,0,0,0,0,0,56100,56100,0,0,0,0,0,0,0,0,0,21800,0,0,0,0,0,0,0,0,0,56100,0,0,0,0,0,0,0,0,0,21800,124600,0,0,0,0,0,0,0,0,58190,55310,4358601,2613300,0,0,0,0,0,
600018.SH,600018,20251209,91819000,0,0,0,0,0,,,0,0,0,0,0,56100,56100,0,0,0,0,0,0,0,0,0,21800,0,0,0,0,0,0,0,0,0,56100,0,0,0,0,0,0,0,0,0,21800,124600,0,0,0,0,0,0,0,0,58190,55310,4358601,2614300,0,0,0,0,0,
600018.SH,600018,20251209,91822000,0,0,0,0,0,,,0,0,0,0,0,56100,56100,0,0,0,0,0,0,0,0,0,21800,0,0,0,0,0,0,0,0,0,56100,0,0,0,0,0,0,0,0,0,21800,124600,0,0,0,0,0,0,0,0,58190,55310,4359601,2614300,0,0,0,0,0,
600018.SH,600018,20251209,91825000,0,0,0,0,0,,,0,0,0,0,0,56100,56100,0,0,0,0,0,0,0,0,0,21800,0,0,0,0,0,0,0,0,0,56100,0,0,0,0,0,0,0,0,0,21800,124600,0,0,0,0,0,0,0,0,58190,55310,4360601,2614300,0,0,0,0,0,
600018.SH,600018,20251209,91831000,0,0,0,0,0,,,0,0,0,0,0,56100,56100,0,0,0,0,0,0,0,0,0,21800,0,0,0,0,0,0,0,0,0,56100,0,0,0,0,0,0,0,0,0,21800,124600,0,0,0,0,0,0,0,0,58190,55310,4360701,2619300,0,0,0,0,0,
600018.SH,600018,20251209,91834000,0,0,0,0,0,,,0,0,0,0,0,56100,56100,0,0,0,0,0,0,0,0,0,21800,0,0,0,0,0,0,0,0,0,56100,0,0,0,0,0,0,0,0,0,21800,124600,0,0,0,0,0,0,0,0,58190,55310,4361101,2619300,0,0,0,0,0,
600018.SH,600018,20251209,91840000,0,0,0,0,0,,,0,0,0,0,0,56100,56100,0,0,0,0,0,0,0,0,0,21800,0,0,0,0,0,0,0,0,0,56100,0,0,0,0,0,0,0,0,0,21800,124600,0,0,0,0,0,0,0,0,58190,55320,4361101,2628300,0,0,0,0,0,
600018.SH,600018,20251209,91852000,0,0,0,0,0,,,0,0,0,0,0,56100,56100,0,0,0,0,0,0,0,0,0,21800,0,0,0,0,0,0,0,0,0,56100,0,0,0,0,0,0,0,0,0,21800,124600,0,0,0,0,0,0,0,0,58190,55320,4361701,2629300,0,0,0,0,0,
600018.SH,600018,20251209,91858000,0,0,0,0,0,,,0,0,0,0,0,56100,56100,0,0,0,0,0,0,0,0,0,21800,0,0,0,0,0,0,0,0,0,56100,0,0,0,0,0,0,0,0,0,21800,123900,0,0,0,0,0,0,0,0,58190,55320,4361701,2628600,0,0,0,0,0,
600018.SH,600018,20251209,91901000,0,0,0,0,0,,,0,0,0,0,0,56100,56100,0,0,0,0,0,0,0,0,0,21800,0,0,0,0,0,0,0,0,0,56100,0,0,0,0,0,0,0,0,0,21800,123900,0,0,0,0,0,0,0,0,58190,55320,4363201,2628600,0,0,0,0,0,
600018.SH,600018,20251209,91904000,0,0,0,0,0,,,0,0,0,0,0,56100,56100,0,0,0,0,0,0,0,0,0,21800,0,0,0,0,0,0,0,0,0,56100,0,0,0,0,0,0,0,0,0,21800,123900,0,0,0,0,0,0,0,0,58190,55320,4364201,2628600,0,0,0,0,0,
600018.SH,600018,20251209,91907000,0,0,0,0,0,,,0,0,0,0,0,56100,56100,0,0,0,0,0,0,0,0,0,21800,0,0,0,0,0,0,0,0,0,56100,0,0,0,0,0,0,0,0,0,21800,123900,0,0,0,0,0,0,0,0,58190,55320,4365801,2629000,0,0,0,0,0,
600018.SH,600018,20251209,91910000,0,0,0,0,0,,,0,0,0,0,0,56100,56100,0,0,0,0,0,0,0,0,0,21800,0,0,0,0,0,0,0,0,0,56100,0,0,0,0,0,0,0,0,0,21800,24000,0,0,0,0,0,0,0,0,58190,55290,4365801,2534200,0,0,0,0,0,
600018.SH,600018,20251209,91913000,0,0,0,0,0,,,0,0,0,0,0,56100,56100,0,0,0,0,0,0,0,0,0,21800,0,0,0,0,0,0,0,0,0,56100,0,0,0,0,0,0,0,0,0,21800,24000,0,0,0,0,0,0,0,0,58190,55290,4366301,2534200,0,0,0,0,0,
600018.SH,600018,20251209,91922000,0,0,0,0,0,,,0,0,0,0,0,56100,56100,0,0,0,0,0,0,0,0,0,33500,0,0,0,0,0,0,0,0,0,56100,0,0,0,0,0,0,0,0,0,33500,12300,0,0,0,0,0,0,0,0,58170,55290,4378001,2540300,0,0,0,0,0,
600018.SH,600018,20251209,91925000,0,0,0,0,0,,,0,0,0,0,0,56100,56100,0,0,0,0,0,0,0,0,0,33500,0,0,0,0,0,0,0,0,0,56100,0,0,0,0,0,0,0,0,0,33500,12300,0,0,0,0,0,0,0,0,58160,55290,4381501,2540300,0,0,0,0,0,
600018.SH,600018,20251209,91928000,0,0,0,0,0,,,0,0,0,0,0,56100,56100,0,0,0,0,0,0,0,0,0,33500,0,0,0,0,0,0,0,0,0,56100,0,0,0,0,0,0,0,0,0,33500,12300,0,0,0,0,0,0,0,0,58160,55290,4381501,2541000,0,0,0,0,0,
600018.SH,600018,20251209,91931000,0,0,0,0,0,,,0,0,0,0,0,56100,56100,0,0,0,0,0,0,0,0,0,33500,0,0,0,0,0,0,0,0,0,56100,0,0,0,0,0,0,0,0,0,33500,12300,0,0,0,0,0,0,0,0,58160,55290,4391501,2541000,0,0,0,0,0,
600018.SH,600018,20251209,91937000,0,0,0,0,0,,,0,0,0,0,0,56100,56100,0,0,0,0,0,0,0,0,0,33500,0,0,0,0,0,0,0,0,0,56100,0,0,0,0,0,0,0,0,0,33500,12300,0,0,0,0,0,0,0,0,58160,55290,4391501,2546000,0,0,0,0,0,
600018.SH,600018,20251209,91940000,0,0,0,0,0,,,0,0,0,0,0,56100,56100,0,0,0,0,0,0,0,0,0,33500,0,0,0,0,0,0,0,0,0,56100,0,0,0,0,0,0,0,0,0,33500,12300,0,0,0,0,0,0,0,0,58160,55290,4393501,2546100,0,0,0,0,0,
600018.SH,600018,20251209,91943000,0,0,0,0,0,,,0,0,0,0,0,56100,56100,0,0,0,0,0,0,0,0,0,33500,0,0,0,0,0,0,0,0,0,56100,0,0,0,0,0,0,0,0,0,33500,12300,0,0,0,0,0,0,0,0,58160,55290,4393501,2547100,0,0,0,0,0,
600018.SH,600018,20251209,91946000,0,0,0,0,0,,,0,0,0,0,0,56100,56100,0,0,0,0,0,0,0,0,0,33500,0,0,0,0,0,0,0,0,0,56100,0,0,0,0,0,0,0,0,0,33500,12300,0,0,0,0,0,0,0,0,58160,55290,4393501,2559100,0,0,0,0,0,
600018.SH,600018,20251209,91949000,0,0,0,0,0,,,0,0,0,0,0,56100,56100,0,0,0,0,0,0,0,0,0,33500,0,0,0,0,0,0,0,0,0,56100,0,0,0,0,0,0,0,0,0,33500,12300,0,0,0,0,0,0,0,0,58170,55290,4398301,2561100,0,0,0,0,0,
600018.SH,600018,20251209,91952000,0,0,0,0,0,,,0,0,0,0,0,56100,56100,0,0,0,0,0,0,0,0,0,33500,0,0,0,0,0,0,0,0,0,56100,0,0,0,0,0,0,0,0,0,33500,12300,0,0,0,0,0,0,0,0,58170,55290,4398801,2564100,0,0,0,0,0,
600018.SH,600018,20251209,91955000,0,0,0,0,0,,,0,0,0,0,0,56100,56100,0,0,0,0,0,0,0,0,0,33500,0,0,0,0,0,0,0,0,0,56100,0,0,0,0,0,0,0,0,0,33500,12300,0,0,0,0,0,0,0,0,58170,55280,4398801,2568300,0,0,0,0,0,
600018.SH,600018,20251209,92001000,0,0,0,0,0,,,0,0,0,0,0,56100,56100,0,0,0,0,0,0,0,0,0,33500,0,0,0,0,0,0,0,0,0,56100,0,0,0,0,0,0,0,0,0,33500,12400,0,0,0,0,0,0,0,0,58160,55280,4402801,2568400,0,0,0,0,0,
600018.SH,600018,20251209,92004000,0,0,0,0,0,,,0,0,0,0,0,56100,56100,0,0,0,0,0,0,0,0,0,33500,0,0,0,0,0,0,0,0,0,56100,0,0,0,0,0,0,0,0,0,33500,15800,0,0,0,0,0,0,0,0,58160,55290,4406501,2571800,0,0,0,0,0,
600018.SH,600018,20251209,92013000,0,0,0,0,0,,,0,0,0,0,0,56100,56100,0,0,0,0,0,0,0,0,0,33500,0,0,0,0,0,0,0,0,0,56100,0,0,0,0,0,0,0,0,0,33500,15800,0,0,0,0,0,0,0,0,58160,55290,4416501,2571800,0,0,0,0,0,
600018.SH,600018,20251209,92016000,0,0,0,0,0,,,0,0,0,0,0,56100,56100,0,0,0,0,0,0,0,0,0,33500,0,0,0,0,0,0,0,0,0,56100,0,0,0,0,0,0,0,0,0,33500,15800,0,0,0,0,0,0,0,0,58160,55290,4417001,2574900,0,0,0,0,0,
600018.SH,600018,20251209,92019000,0,0,0,0,0,,,0,0,0,0,0,56100,56100,0,0,0,0,0,0,0,0,0,33500,0,0,0,0,0,0,0,0,0,56100,0,0,0,0,0,0,0,0,0,33500,15800,0,0,0,0,0,0,0,0,58160,55290,4420801,2579400,0,0,0,0,0,
600018.SH,600018,20251209,92022000,0,0,0,0,0,,,0,0,0,0,0,56100,56100,0,0,0,0,0,0,0,0,0,33500,0,0,0,0,0,0,0,0,0,56100,0,0,0,0,0,0,0,0,0,33500,15800,0,0,0,0,0,0,0,0,58160,55290,4420801,2581500,0,0,0,0,0,
600018.SH,600018,20251209,92025000,0,0,0,0,0,,,0,0,0,0,0,56100,56100,0,0,0,0,0,0,0,0,0,33500,0,0,0,0,0,0,0,0,0,56100,0,0,0,0,0,0,0,0,0,33500,15800,0,0,0,0,0,0,0,0,58160,55290,4420801,2591500,0,0,0,0,0,
600018.SH,600018,20251209,92028000,0,0,0,0,0,,,0,0,0,0,0,56100,56100,0,0,0,0,0,0,0,0,0,33500,0,0,0,0,0,0,0,0,0,56100,0,0,0,0,0,0,0,0,0,33500,15800,0,0,0,0,0,0,0,0,58160,55290,4420801,2593500,0,0,0,0,0,
600018.SH,600018,20251209,92031000,0,0,0,0,0,,,0,0,0,0,0,56100,56100,0,0,0,0,0,0,0,0,0,33500,0,0,0,0,0,0,0,0,0,56100,0,0,0,0,0,0,0,0,0,33500,15800,0,0,0,0,0,0,0,0,58160,55290,4420801,2595700,0,0,0,0,0,
600018.SH,600018,20251209,92034000,0,0,0,0,0,,,0,0,0,0,0,56100,56100,0,0,0,0,0,0,0,0,0,33500,0,0,0,0,0,0,0,0,0,56100,0,0,0,0,0,0,0,0,0,33500,15800,0,0,0,0,0,0,0,0,58160,55290,4420801,2596700,0,0,0,0,0,
600018.SH,600018,20251209,92037000,0,0,0,0,0,,,0,0,0,0,0,56100,56100,0,0,0,0,0,0,0,0,0,33500,0,0,0,0,0,0,0,0,0,56100,0,0,0,0,0,0,0,0,0,33500,15800,0,0,0,0,0,0,0,0,58160,55290,4421501,2606700,0,0,0,0,0,
600018.SH,600018,20251209,92043000,0,0,0,0,0,,,0,0,0,0,0,56100,56100,0,0,0,0,0,0,0,0,0,33500,0,0,0,0,0,0,0,0,0,56100,0,0,0,0,0,0,0,0,0,33500,15800,0,0,0,0,0,0,0,0,58160,55280,4421501,2612700,0,0,0,0,0,
600018.SH,600018,20251209,92049000,0,0,0,0,0,,,0,0,0,0,0,56100,56100,0,0,0,0,0,0,0,0,0,33500,0,0,0,0,0,0,0,0,0,56100,0,0,0,0,0,0,0,0,0,33500,15800,0,0,0,0,0,0,0,0,58150,55280,4436501,2612700,0,0,0,0,0,
600018.SH,600018,20251209,92052000,0,0,0,0,0,,,0,0,0,0,0,56100,56100,0,0,0,0,0,0,0,0,0,33500,0,0,0,0,0,0,0,0,0,56100,0,0,0,0,0,0,0,0,0,33500,15800,0,0,0,0,0,0,0,0,58150,55290,4436501,2618600,0,0,0,0,0,
600018.SH,600018,20251209,92055000,0,0,0,0,0,,,0,0,0,0,0,56100,56100,0,0,0,0,0,0,0,0,0,33500,0,0,0,0,0,0,0,0,0,56100,0,0,0,0,0,0,0,0,0,33500,15800,0,0,0,0,0,0,0,0,58150,55290,4438201,2624400,0,0,0,0,0,
600018.SH,600018,20251209,92058000,0,0,0,0,0,,,0,0,0,0,0,56100,56100,0,0,0,0,0,0,0,0,0,33500,0,0,0,0,0,0,0,0,0,56100,0,0,0,0,0,0,0,0,0,33500,15800,0,0,0,0,0,0,0,0,58150,55280,4438501,2634400,0,0,0,0,0,
600018.SH,600018,20251209,92101000,0,0,0,0,0,,,0,0,0,0,0,56100,56100,0,0,0,0,0,0,0,0,0,33500,0,0,0,0,0,0,0,0,0,56100,0,0,0,0,0,0,0,0,0,33500,15800,0,0,0,0,0,0,0,0,58150,55280,4438501,2639400,0,0,0,0,0,
600018.SH,600018,20251209,92107000,0,0,0,0,0,,,0,0,0,0,0,56100,56100,0,0,0,0,0,0,0,0,0,33500,0,0,0,0,0,0,0,0,0,56100,0,0,0,0,0,0,0,0,0,33500,16700,0,0,0,0,0,0,0,0,58150,55280,4438501,2641300,0,0,0,0,0,
600018.SH,600018,20251209,92119000,0,0,0,0,0,,,0,0,0,0,0,56100,56100,0,0,0,0,0,0,0,0,0,33500,0,0,0,0,0,0,0,0,0,56100,0,0,0,0,0,0,0,0,0,33500,16700,0,0,0,0,0,0,0,0,58150,55280,4438501,2643300,0,0,0,0,0,
600018.SH,600018,20251209,92122000,0,0,0,0,0,,,0,0,0,0,0,56100,56100,0,0,0,0,0,0,0,0,0,33500,0,0,0,0,0,0,0,0,0,56100,0,0,0,0,0,0,0,0,0,33500,16700,0,0,0,0,0,0,0,0,58150,55290,4446501,2653300,0,0,0,0,0,
600018.SH,600018,20251209,92125000,0,0,0,0,0,,,0,0,0,0,0,56100,56100,0,0,0,0,0,0,0,0,0,33500,0,0,0,0,0,0,0,0,0,56100,0,0,0,0,0,0,0,0,0,33500,16700,0,0,0,0,0,0,0,0,58150,55280,4446501,2663300,0,0,0,0,0,
600018.SH,600018,20251209,92128000,0,0,0,0,0,,,0,0,0,0,0,56100,56100,0,0,0,0,0,0,0,0,0,33500,0,0,0,0,0,0,0,0,0,56100,0,0,0,0,0,0,0,0,0,33500,16800,0,0,0,0,0,0,0,0,58150,55290,4446501,2673200,0,0,0,0,0,
600018.SH,600018,20251209,92131000,0,0,0,0,0,,,0,0,0,0,0,56100,56100,0,0,0,0,0,0,0,0,0,33500,0,0,0,0,0,0,0,0,0,56100,0,0,0,0,0,0,0,0,0,33500,16800,0,0,0,0,0,0,0,0,58150,55290,4450401,2673200,0,0,0,0,0,
600018.SH,600018,20251209,92134000,0,0,0,0,0,,,0,0,0,0,0,56100,56100,0,0,0,0,0,0,0,0,0,33500,0,0,0,0,0,0,0,0,0,56100,0,0,0,0,0,0,0,0,0,33500,16800,0,0,0,0,0,0,0,0,58150,55290,4452401,2673200,0,0,0,0,0,
600018.SH,600018,20251209,92137000,0,0,0,0,0,,,0,0,0,0,0,56100,56100,0,0,0,0,0,0,0,0,0,33500,0,0,0,0,0,0,0,0,0,56100,0,0,0,0,0,0,0,0,0,33500,16800,0,0,0,0,0,0,0,0,58150,55290,4456501,2673200,0,0,0,0,0,
600018.SH,600018,20251209,92140000,0,0,0,0,0,,,0,0,0,0,0,56100,56100,0,0,0,0,0,0,0,0,0,33500,0,0,0,0,0,0,0,0,0,56100,0,0,0,0,0,0,0,0,0,33500,36800,0,0,0,0,0,0,0,0,58150,55290,4456501,2693200,0,0,0,0,0,
600018.SH,600018,20251209,92143000,0,0,0,0,0,,,0,0,0,0,0,56100,56100,0,0,0,0,0,0,0,0,0,33500,0,0,0,0,0,0,0,0,0,56100,0,0,0,0,0,0,0,0,0,33500,36800,0,0,0,0,0,0,0,0,58150,55290,4456801,2693200,0,0,0,0,0,
600018.SH,600018,20251209,92146000,0,0,0,0,0,,,0,0,0,0,0,56100,56100,0,0,0,0,0,0,0,0,0,33500,0,0,0,0,0,0,0,0,0,56100,0,0,0,0,0,0,0,0,0,33500,36800,0,0,0,0,0,0,0,0,58150,55290,4465101,2693200,0,0,0,0,0,
600018.SH,600018,20251209,92155000,0,0,0,0,0,,,0,0,0,0,0,56100,56100,0,0,0,0,0,0,0,0,0,33500,0,0,0,0,0,0,0,0,0,56100,0,0,0,0,0,0,0,0,0,33500,36800,0,0,0,0,0,0,0,0,58150,55290,4475101,2693200,0,0,0,0,0,
600018.SH,600018,20251209,92204000,0,0,0,0,0,,,0,0,0,0,0,56100,56100,0,0,0,0,0,0,0,0,0,33500,0,0,0,0,0,0,0,0,0,56100,0,0,0,0,0,0,0,0,0,33500,36800,0,0,0,0,0,0,0,0,58150,55290,4475101,2694200,0,0,0,0,0,
600018.SH,600018,20251209,92210000,0,0,0,0,0,,,0,0,0,0,0,56100,56100,0,0,0,0,0,0,0,0,0,33500,0,0,0,0,0,0,0,0,0,56100,0,0,0,0,0,0,0,0,0,33500,36800,0,0,0,0,0,0,0,0,58150,55290,4485101,2694800,0,0,0,0,0,
600018.SH,600018,20251209,92213000,0,0,0,0,0,,,0,0,0,0,0,56100,56100,0,0,0,0,0,0,0,0,0,35500,0,0,0,0,0,0,0,0,0,56100,0,0,0,0,0,0,0,0,0,35500,34800,0,0,0,0,0,0,0,0,58140,55290,4487101,2694800,0,0,0,0,0,
600018.SH,600018,20251209,92216000,0,0,0,0,0,,,0,0,0,0,0,56100,56100,0,0,0,0,0,0,0,0,0,35500,0,0,0,0,0,0,0,0,0,56100,0,0,0,0,0,0,0,0,0,35500,34800,0,0,0,0,0,0,0,0,58150,55290,4488601,2694800,0,0,0,0,0,
600018.SH,600018,20251209,92219000,0,0,0,0,0,,,0,0,0,0,0,56100,56100,0,0,0,0,0,0,0,0,0,35500,0,0,0,0,0,0,0,0,0,56100,0,0,0,0,0,0,0,0,0,35500,34800,0,0,0,0,0,0,0,0,58150,55290,4488601,2699400,0,0,0,0,0,
600018.SH,600018,20251209,92225000,0,0,0,0,0,,,0,0,0,0,0,56100,56100,0,0,0,0,0,0,0,0,0,35500,0,0,0,0,0,0,0,0,0,56100,0,0,0,0,0,0,0,0,0,35500,34800,0,0,0,0,0,0,0,0,58140,55290,4528601,2699400,0,0,0,0,0,
600018.SH,600018,20251209,92228000,0,0,0,0,0,,,0,0,0,0,0,56100,56100,0,0,0,0,0,0,0,0,0,35500,0,0,0,0,0,0,0,0,0,56100,0,0,0,0,0,0,0,0,0,35500,34800,0,0,0,0,0,0,0,0,58140,55300,4529101,2709400,0,0,0,0,0,
600018.SH,600018,20251209,92234000,0,0,0,0,0,,,0,0,0,0,0,56100,56100,0,0,0,0,0,0,0,0,0,35500,0,0,0,0,0,0,0,0,0,56100,0,0,0,0,0,0,0,0,0,35500,34800,0,0,0,0,0,0,0,0,58140,55300,4529101,2714400,0,0,0,0,0,
600018.SH,600018,20251209,92237000,0,0,0,0,0,,,0,0,0,0,0,56100,56100,0,0,0,0,0,0,0,0,0,35500,0,0,0,0,0,0,0,0,0,56100,0,0,0,0,0,0,0,0,0,35500,34800,0,0,0,0,0,0,0,0,58140,55300,4529101,2719900,0,0,0,0,0,
600018.SH,600018,20251209,92240000,0,0,0,0,0,,,0,0,0,0,0,56100,56100,0,0,0,0,0,0,0,0,0,35500,0,0,0,0,0,0,0,0,0,56100,0,0,0,0,0,0,0,0,0,35500,34800,0,0,0,0,0,0,0,0,58140,55300,4530001,2719900,0,0,0,0,0,
600018.SH,600018,20251209,92243000,0,0,0,0,0,,,0,0,0,0,0,56100,56100,0,0,0,0,0,0,0,0,0,35500,0,0,0,0,0,0,0,0,0,56100,0,0,0,0,0,0,0,0,0,35500,34800,0,0,0,0,0,0,0,0,58140,55300,4530001,2720000,0,0,0,0,0,
600018.SH,600018,20251209,92249000,0,0,0,0,0,,,0,0,0,0,0,56100,56100,0,0,0,0,0,0,0,0,0,36700,0,0,0,0,0,0,0,0,0,56100,0,0,0,0,0,0,0,0,0,36700,33600,0,0,0,0,0,0,0,0,58140,55300,4531201,2730000,0,0,0,0,0,
600018.SH,600018,20251209,92252000,0,0,0,0,0,,,0,0,0,0,0,56100,56100,0,0,0,0,0,0,0,0,0,36700,0,0,0,0,0,0,0,0,0,56100,0,0,0,0,0,0,0,0,0,36700,33600,0,0,0,0,0,0,0,0,58130,55300,4547901,2730000,0,0,0,0,0,
600018.SH,600018,20251209,92255000,0,0,0,0,0,,,0,0,0,0,0,56100,56100,0,0,0,0,0,0,0,0,0,36700,0,0,0,0,0,0,0,0,0,56100,0,0,0,0,0,0,0,0,0,36700,33600,0,0,0,0,0,0,0,0,58140,55300,4548401,2730000,0,0,0,0,0,
600018.SH,600018,20251209,92258000,0,0,0,0,0,,,0,0,0,0,0,56100,56100,0,0,0,0,0,0,0,0,0,36700,0,0,0,0,0,0,0,0,0,56100,0,0,0,0,0,0,0,0,0,36700,33600,0,0,0,0,0,0,0,0,58140,55300,4551401,2737200,0,0,0,0,0,
600018.SH,600018,20251209,92301000,0,0,0,0,0,,,0,0,0,0,0,56100,56100,0,0,0,0,0,0,0,0,0,36700,0,0,0,0,0,0,0,0,0,56100,0,0,0,0,0,0,0,0,0,36700,33600,0,0,0,0,0,0,0,0,58140,55300,4551701,2757200,0,0,0,0,0,
600018.SH,600018,20251209,92307000,0,0,0,0,0,,,0,0,0,0,0,56100,56100,0,0,0,0,0,0,0,0,0,36700,0,0,0,0,0,0,0,0,0,56100,0,0,0,0,0,0,0,0,0,36700,33600,0,0,0,0,0,0,0,0,58140,55300,4551801,2757200,0,0,0,0,0,
600018.SH,600018,20251209,92310000,0,0,0,0,0,,,0,0,0,0,0,56100,56100,0,0,0,0,0,0,0,0,0,36700,0,0,0,0,0,0,0,0,0,56100,0,0,0,0,0,0,0,0,0,36700,33600,0,0,0,0,0,0,0,0,58140,55310,4551801,2767200,0,0,0,0,0,
600018.SH,600018,20251209,92313000,0,0,0,0,0,,,0,0,0,0,0,56100,56100,0,0,0,0,0,0,0,0,0,36700,0,0,0,0,0,0,0,0,0,56100,0,0,0,0,0,0,0,0,0,36700,33600,0,0,0,0,0,0,0,0,58140,55310,4551801,2778600,0,0,0,0,0,
600018.SH,600018,20251209,92316000,0,0,0,0,0,,,0,0,0,0,0,56100,56100,0,0,0,0,0,0,0,0,0,36700,0,0,0,0,0,0,0,0,0,56100,0,0,0,0,0,0,0,0,0,36700,33600,0,0,0,0,0,0,0,0,58140,55310,4553801,2778600,0,0,0,0,0,
600018.SH,600018,20251209,92319000,0,0,0,0,0,,,0,0,0,0,0,56100,56100,0,0,0,0,0,0,0,0,0,36700,0,0,0,0,0,0,0,0,0,56100,0,0,0,0,0,0,0,0,0,36700,33800,0,0,0,0,0,0,0,0,58140,55310,4555801,2778800,0,0,0,0,0,
600018.SH,600018,20251209,92322000,0,0,0,0,0,,,0,0,0,0,0,56100,56000,0,0,0,0,0,0,0,0,0,97200,0,0,0,0,0,0,0,0,0,56000,0,0,0,0,0,0,0,0,0,97200,188500,0,0,0,0,0,0,0,0,58030,55310,4624801,2778800,0,0,0,0,0,
600018.SH,600018,20251209,92325000,0,0,0,0,0,,,0,0,0,0,0,56100,56000,0,0,0,0,0,0,0,0,0,97200,0,0,0,0,0,0,0,0,0,56000,0,0,0,0,0,0,0,0,0,97200,188500,0,0,0,0,0,0,0,0,58030,55310,4626801,2778800,0,0,0,0,0,
600018.SH,600018,20251209,92328000,0,0,0,0,0,,,0,0,0,0,0,56100,56000,0,0,0,0,0,0,0,0,0,97300,0,0,0,0,0,0,0,0,0,56000,0,0,0,0,0,0,0,0,0,97300,188400,0,0,0,0,0,0,0,0,58030,55310,4628901,2780000,0,0,0,0,0,
600018.SH,600018,20251209,92334000,0,0,0,0,0,,,0,0,0,0,0,56100,56000,0,0,0,0,0,0,0,0,0,97300,0,0,0,0,0,0,0,0,0,56000,0,0,0,0,0,0,0,0,0,97300,188400,0,0,0,0,0,0,0,0,58030,55310,4649601,2790000,0,0,0,0,0,
600018.SH,600018,20251209,92340000,0,0,0,0,0,,,0,0,0,0,0,56100,56000,0,0,0,0,0,0,0,0,0,97400,0,0,0,0,0,0,0,0,0,56000,0,0,0,0,0,0,0,0,0,97400,188300,0,0,0,0,0,0,0,0,58030,55310,4649701,2790000,0,0,0,0,0,
600018.SH,600018,20251209,92343000,0,0,0,0,0,,,0,0,0,0,0,56100,56000,0,0,0,0,0,0,0,0,0,97400,0,0,0,0,0,0,0,0,0,56000,0,0,0,0,0,0,0,0,0,97400,188300,0,0,0,0,0,0,0,0,58030,55310,4659701,2790000,0,0,0,0,0,
600018.SH,600018,20251209,92349000,0,0,0,0,0,,,0,0,0,0,0,56100,56000,0,0,0,0,0,0,0,0,0,97400,0,0,0,0,0,0,0,0,0,56000,0,0,0,0,0,0,0,0,0,97400,188500,0,0,0,0,0,0,0,0,58030,55310,4659701,2790200,0,0,0,0,0,
600018.SH,600018,20251209,92352000,0,0,0,0,0,,,0,0,0,0,0,56100,56000,0,0,0,0,0,0,0,0,0,97400,0,0,0,0,0,0,0,0,0,56000,0,0,0,0,0,0,0,0,0,97400,188500,0,0,0,0,0,0,0,0,58030,55310,4659701,2791300,0,0,0,0,0,
600018.SH,600018,20251209,92358000,0,0,0,0,0,,,0,0,0,0,0,56100,56000,0,0,0,0,0,0,0,0,0,99400,0,0,0,0,0,0,0,0,0,56000,0,0,0,0,0,0,0,0,0,99400,186500,0,0,0,0,0,0,0,0,58030,55310,4686701,2801900,0,0,0,0,0,
600018.SH,600018,20251209,92401000,0,0,0,0,0,,,0,0,0,0,0,56100,56000,0,0,0,0,0,0,0,0,0,99400,0,0,0,0,0,0,0,0,0,56000,0,0,0,0,0,0,0,0,0,99400,190500,0,0,0,0,0,0,0,0,58030,55310,4686701,2809000,0,0,0,0,0,
600018.SH,600018,20251209,92404000,0,0,0,0,0,,,0,0,0,0,0,56100,56000,0,0,0,0,0,0,0,0,0,99500,0,0,0,0,0,0,0,0,0,56000,0,0,0,0,0,0,0,0,0,99500,190400,0,0,0,0,0,0,0,0,58030,55310,4697001,2809000,0,0,0,0,0,
600018.SH,600018,20251209,92410000,0,0,0,0,0,,,0,0,0,0,0,56100,56000,0,0,0,0,0,0,0,0,0,99500,0,0,0,0,0,0,0,0,0,56000,0,0,0,0,0,0,0,0,0,99500,190400,0,0,0,0,0,0,0,0,58030,55310,4697801,2809000,0,0,0,0,0,
600018.SH,600018,20251209,92413000,0,0,0,0,0,,,0,0,0,0,0,56100,56000,0,0,0,0,0,0,0,0,0,99500,0,0,0,0,0,0,0,0,0,56000,0,0,0,0,0,0,0,0,0,99500,190400,0,0,0,0,0,0,0,0,58030,55310,4703201,2809000,0,0,0,0,0,
600018.SH,600018,20251209,92419000,0,0,0,0,0,,,0,0,0,0,0,56100,56000,0,0,0,0,0,0,0,0,0,99500,0,0,0,0,0,0,0,0,0,56000,0,0,0,0,0,0,0,0,0,99500,190400,0,0,0,0,0,0,0,0,58030,55310,4704201,2809000,0,0,0,0,0,
600018.SH,600018,20251209,92422000,0,0,0,0,0,,,0,0,0,0,0,56100,56000,0,0,0,0,0,0,0,0,0,99500,0,0,0,0,0,0,0,0,0,56000,0,0,0,0,0,0,0,0,0,99500,191400,0,0,0,0,0,0,0,0,58030,55310,4704201,2810500,0,0,0,0,0,
600018.SH,600018,20251209,92425000,0,0,0,0,0,,,0,0,0,0,0,56100,56000,0,0,0,0,0,0,0,0,0,99500,0,0,0,0,0,0,0,0,0,56000,0,0,0,0,0,0,0,0,0,99500,191900,0,0,0,0,0,0,0,0,58030,55310,4704201,2817000,0,0,0,0,0,
600018.SH,600018,20251209,92431000,0,0,0,0,0,,,0,0,0,0,0,56100,56000,0,0,0,0,0,0,0,0,0,103700,0,0,0,0,0,0,0,0,0,56000,0,0,0,0,0,0,0,0,0,103700,187700,0,0,0,0,0,0,0,0,58030,55310,4708401,2823000,0,0,0,0,0,
600018.SH,600018,20251209,92434000,0,0,0,0,0,,,0,0,0,0,0,56100,56000,0,0,0,0,0,0,0,0,0,103700,0,0,0,0,0,0,0,0,0,56000,0,0,0,0,0,0,0,0,0,103700,189300,0,0,0,0,0,0,0,0,58030,55310,4708401,2829600,0,0,0,0,0,
600018.SH,600018,20251209,92437000,0,0,0,0,0,,,0,0,0,0,0,56100,56000,0,0,0,0,0,0,0,0,0,103700,0,0,0,0,0,0,0,0,0,56000,0,0,0,0,0,0,0,0,0,103700,189300,0,0,0,0,0,0,0,0,58030,55310,4711401,2838600,0,0,0,0,0,
600018.SH,600018,20251209,92440000,0,0,0,0,0,,,0,0,0,0,0,56100,56000,0,0,0,0,0,0,0,0,0,108200,0,0,0,0,0,0,0,0,0,56000,0,0,0,0,0,0,0,0,0,108200,184800,0,0,0,0,0,0,0,0,58030,55310,4715901,2838600,0,0,0,0,0,
600018.SH,600018,20251209,92446000,0,0,0,0,0,,,0,0,0,0,0,56100,56000,0,0,0,0,0,0,0,0,0,108200,0,0,0,0,0,0,0,0,0,56000,0,0,0,0,0,0,0,0,0,108200,184800,0,0,0,0,0,0,0,0,58030,55310,4715901,2841600,0,0,0,0,0,
600018.SH,600018,20251209,92449000,0,0,0,0,0,,,0,0,0,0,0,56100,56000,0,0,0,0,0,0,0,0,0,112700,0,0,0,0,0,0,0,0,0,56000,0,0,0,0,0,0,0,0,0,112700,180300,0,0,0,0,0,0,0,0,58030,55310,4723401,2842200,0,0,0,0,0,
600018.SH,600018,20251209,92452000,0,0,0,0,0,,,0,0,0,0,0,56100,56000,0,0,0,0,0,0,0,0,0,112700,0,0,0,0,0,0,0,0,0,56000,0,0,0,0,0,0,0,0,0,112700,181000,0,0,0,0,0,0,0,0,58020,55320,4726401,2842900,0,0,0,0,0,
600018.SH,600018,20251209,92455000,0,0,0,0,0,,,0,0,0,0,0,56100,56000,0,0,0,0,0,0,0,0,0,121000,0,0,0,0,0,0,0,0,0,56000,0,0,0,0,0,0,0,0,0,121000,193100,0,0,0,0,0,0,0,0,58020,55330,4735201,2868300,0,0,0,0,0,
600018.SH,600018,20251209,92458000,0,0,0,0,0,,,0,0,0,0,0,56100,56100,0,0,0,0,0,0,0,0,0,129500,0,0,0,0,0,0,0,0,0,56100,0,0,0,0,0,0,0,0,0,129500,2400,0,0,0,0,0,0,0,0,58020,55370,4735201,2907300,0,0,0,0,0,
600018.SH,600018,20251209,92501000,0,0,0,0,0,,,0,0,0,0,0,56100,56200,0,0,0,0,0,0,0,0,0,134200,67500,0,0,0,0,0,0,0,0,56200,0,0,0,0,0,0,0,0,0,134200,0,0,0,0,0,0,0,0,0,58010,55440,4740801,2993600,0,0,0,0,0,
600018.SH,600018,20251209,92504000,56200,134200,754204,79,0,,,134200,754204,56200,56200,56200,56100,56200,56300,56400,56500,56600,56700,56800,56900,57000,57100,67500,186700,404900,278800,214600,116600,203000,177500,117200,153000,56100,56000,55900,55800,55700,55600,55500,55400,55300,55200,61000,241200,205900,399700,229800,474300,373800,72800,43300,54300,58180,55310,4606601,2859400,0,0,0,0,0,
600018.SH,600018,20251209,93001000,56200,200,1124,81,0,,,134400,755328,56200,56200,56200,56100,56200,56300,56400,56500,56600,56700,56800,56900,57000,57100,68100,186700,404900,278800,214600,116600,203000,177500,117200,153000,56100,56000,55900,55800,55700,55600,55500,55400,55300,55200,61000,241200,205900,404700,229800,474300,373800,72800,43300,54300,58180,55310,4607201,2864400,0,0,0,0,0,
600018.SH,600018,20251209,93004000,56200,24700,138789,97,0,,,159100,894117,56200,56100,56200,56100,56200,56300,56400,56500,56600,56700,56800,56900,57000,57100,50500,186700,492100,293400,216600,116600,203000,213600,118200,153000,56100,56000,55900,55800,55700,55600,55500,55400,55300,55200,59200,256500,207900,424900,231300,474800,378800,72800,43300,54300,58140,55300,4747201,2997100,0,0,0,0,0,
600018.SH,600018,20251209,93007000,56200,2000,11229,106,0,,,161100,905346,56200,56100,56200,56100,56200,56300,56400,56500,56600,56700,56800,56900,57000,57100,62500,194900,493100,293400,217600,116600,203000,213600,122400,163000,56100,56000,55900,55800,55700,55600,55500,55400,55300,55200,85900,261700,211900,431100,232300,474800,381800,76300,43300,54300,58140,55300,4846295,3053700,0,0,0,0,0,
600018.SH,600018,20251209,93010000,56100,9400,52757,123,0,,,170500,958103,56200,56100,56200,56100,56200,56300,56400,56500,56600,56700,56800,56900,57000,57100,89800,202900,494900,293400,228500,116600,224000,233000,122400,163000,56100,56000,55900,55800,55700,55600,55500,55400,55300,55200,92900,270000,211900,438200,232300,479800,381800,86400,49400,54300,58120,55310,4948095,3098800,0,0,0,0,0,
600018.SH,600018,20251209,93013000,56200,3500,19666,131,0,,,174000,977769,56200,56100,56200,56100,56200,56300,56400,56500,56600,56700,56800,56900,57000,57100,115600,203300,494900,293400,228500,118600,224000,233100,122400,163500,56100,56000,55900,55800,55700,55600,55500,55400,55300,55200,107500,270000,212900,443200,232300,665500,381800,86400,49400,54300,58110,55330,4981495,3311100,0,0,0,0,0,
600018.SH,600018,20251209,93016000,56200,1000,5620,133,0,,,175000,983389,56200,56100,56200,56100,56200,56300,56400,56500,56600,56700,56800,56900,57000,57100,124100,203300,494900,300800,235500,121400,234100,242100,122600,163500,56100,56000,55900,55800,55700,55600,55500,55400,55300,55200,114900,271200,232300,448200,565200,665500,381800,86400,49400,55300,58090,55360,5027795,3685000,0,0,0,0,0,
600018.SH,600018,20251209,93019000,56100,131500,737730,238,0,,,306500,1721119,56200,56100,56200,56100,56100,56200,56300,56400,56500,56600,56700,56800,56900,57000,71400,138300,199800,529000,306300,235500,132400,236800,242100,122600,56000,55900,55800,55700,55600,55500,55400,55300,55200,55100,271200,242800,448200,565200,667300,381800,86400,49400,55300,70400,58050,55340,5171795,3582800,0,0,0,0,0,
600018.SH,600018,20251209,93022000,56100,4700,26367,249,0,,,311200,1747486,56200,56100,56200,56100,56100,56200,56300,56400,56500,56600,56700,56800,56900,57000,66800,143400,199800,529000,306300,239000,132400,236800,242100,138600,56000,55900,55800,55700,55600,55500,55400,55300,55200,55100,271500,242800,454200,578200,667300,384100,86400,49400,55300,70400,58050,55340,5215095,3606300,0,0,0,0,0,
600018.SH,600018,20251209,93025000,56100,66700,374177,275,0,,,377900,2121663,56200,56000,56200,56100,56100,56200,56300,56400,56500,56600,56700,56800,56900,57000,6200,183300,199600,529000,321700,254000,142400,246800,252100,138600,56000,55900,55800,55700,55600,55500,55400,55300,55200,55100,270500,246300,454200,581200,667300,384100,86400,49400,55300,70400,58040,55340,5255895,3611800,0,0,0,0,0,
600018.SH,600018,20251209,93028000,56100,6800,38142,294,0,,,384700,2159805,56200,56000,56200,56100,56100,56200,56300,56400,56500,56600,56700,56800,56900,57000,100,185500,199600,533700,321700,265400,142400,246800,252100,138600,56000,55900,55800,55700,55600,55500,55400,55300,55200,55100,270100,261300,454200,581200,708300,384100,86400,49400,55300,70400,58030,55340,5289295,3667400,0,0,0,0,0,
600018.SH,600018,20251209,93031000,56000,3300,18495,306,0,,,388000,2178300,56200,56000,56200,56100,56100,56200,56300,56400,56500,56600,56700,56800,56900,57000,18900,192800,199600,533700,325600,266400,142400,246800,252100,138600,56000,55900,55800,55700,55600,55500,55400,55300,55200,55100,268300,261800,454200,581200,708300,385100,86400,49400,55300,71900,58020,55340,5322795,3668600,0,0,0,0,0,
600018.SH,600018,20251209,93034000,56100,13300,74597,331,0,,,401300,2252897,56200,56000,56200,56100,56100,56200,56300,56400,56500,56600,56700,56800,56900,57000,26600,207800,199600,533700,325600,271400,142400,246800,253000,141800,56000,55900,55800,55700,55600,55500,55400,55300,55200,55100,272000,261800,454200,581200,708300,385100,86400,49400,55300,71900,58020,55350,5366595,3672300,0,0,0,0,0,
600018.SH,600018,20251209,93037000,56000,9500,53283,357,0,,,410800,2306180,56200,56000,56200,56100,56100,56200,56300,56400,56500,56600,56700,56800,56900,57000,40400,220100,209600,533700,330600,271400,142400,246800,253000,141800,56000,55900,55800,55700,55600,55500,55400,55300,55200,55100,293200,261800,454200,581200,708300,382100,86400,49400,56200,71900,58000,55350,5409695,3691400,0,0,0,0,0,
600018.SH,600018,20251209,93040000,56100,7700,43151,375,0,,,418500,2349331,56200,56000,56200,56100,56100,56200,56300,56400,56500,56600,56700,56800,56900,57000,86300,220900,209600,533700,330600,271400,142400,246800,253000,141800,56000,55900,55800,55700,55600,55500,55400,55300,55200,55100,308600,261800,459200,581200,708300,382100,86400,49400,56200,71900,57990,55350,5456395,3711800,0,0,0,0,0,
600018.SH,600018,20251209,93043000,56100,1000,5609,380,0,,,419500,2354940,56200,56000,56200,56100,56100,56200,56300,56400,56500,56600,56700,56800,56900,57000,94500,220100,209600,533700,330600,271400,142400,246800,253000,142000,56000,55900,55800,55700,55600,55500,55400,55300,55200,55100,308500,261800,459200,581200,708300,382100,86400,49400,56200,71900,57980,55350,5464595,3711700,0,0,0,0,0,
600018.SH,600018,20251209,93046000,56000,5900,33058,388,0,,,425400,2387998,56200,56000,56200,56100,56100,56200,56300,56400,56500,56600,56700,56800,56900,57000,114300,224400,238800,537700,330600,271400,142400,246800,253000,142000,56000,55900,55800,55700,55600,55500,55400,55300,55200,55100,322000,261800,459400,585300,708300,382100,86600,49400,56200,71900,57970,55350,5522295,3732800,0,0,0,0,0,
600018.SH,600018,20251209,93049000,56100,500,2805,391,0,,,425900,2390803,56200,56000,56200,56100,56100,56200,56300,56400,56500,56600,56700,56800,56900,57000,166700,204500,238800,537700,330600,271400,142400,246800,253000,142000,56000,55900,55800,55700,55600,55500,55400,55300,55200,55100,325400,261800,459400,585300,708300,382100,86600,49400,56200,71900,57960,55350,5556795,3736600,0,0,0,0,0,
600018.SH,600018,20251209,93052000,56100,100,561,392,0,,,426000,2391364,56200,56000,56200,56100,56100,56200,56300,56400,56500,56600,56700,56800,56900,57000,176100,195000,238800,537700,330600,271400,142400,246800,265100,142000,56000,55900,55800,55700,55600,55500,55400,55300,55200,55100,326300,261800,459400,585300,708300,382100,86600,49400,56200,71900,57950,55350,5568795,3737500,0,0,0,0,0,
600018.SH,600018,20251209,93055000,56000,90900,509056,400,0,,,516900,2900420,56200,56000,56200,56100,56100,56200,56300,56400,56500,56600,56700,56800,56900,57000,192600,202400,238800,537700,330600,254100,142400,246800,265100,142000,56000,55900,55800,55700,55600,55500,55400,55300,55200,55100,237000,261800,459400,585300,708300,382100,86600,49400,56200,71900,57950,55340,5575395,3639100,0,0,0,0,0,
600018.SH,600018,20251209,93058000,56100,239900,1343467,502,0,,,756800,4243887,56200,56000,56200,56100,56100,56200,56300,56400,56500,56600,56700,56800,56900,57000,191200,199400,238800,537700,330600,254100,142400,246800,265100,142000,56000,55900,55800,55700,55600,55500,55400,55300,55200,55100,9600,262800,457500,585300,708300,382100,86600,49400,56200,71900,57950,55300,5570995,3410800,0,0,0,0,0,
600018.SH,600018,20251209,93101000,56100,235300,1315634,617,0,,,992100,5559521,56200,55900,56200,56100,56100,56200,56300,56400,56500,56600,56700,56800,56900,57000,249200,222900,238800,538800,327300,254500,144400,246800,265000,141000,55900,55800,55700,55600,55500,55400,55300,55200,55100,55000,58000,457500,585300,711600,382100,86700,50200,56600,71900,188900,57930,55260,5653595,3201000,0,0,0,0,0,
600018.SH,600018,20251209,93104000,56000,9800,54784,625,0,,,1001900,5614305,56200,55900,56200,56100,56000,56100,56200,56300,56400,56500,56600,56700,56800,56900,4500,300800,222800,238800,538800,327300,256500,144400,246800,265000,55900,55800,55700,55600,55500,55400,55300,55200,55100,55000,58000,458000,585300,711600,382100,86700,50200,56600,71900,188900,57910,55260,5713095,3201500,0,0,0,0,0,
600018.SH,600018,20251209,93107000,56000,6100,34159,636,0,,,1008000,5648464,56200,55900,56200,56100,56000,56100,56200,56300,56400,56500,56600,56700,56800,56900,36700,317300,209700,238800,538800,327300,256500,144400,246800,265000,55900,55800,55700,55600,55500,55400,55300,55200,55100,55000,70900,457500,585300,711600,382100,86700,50200,56600,71900,188900,57900,55260,5748695,3213900,0,0,0,0,0,
600018.SH,600018,20251209,93110000,56000,21400,119661,643,0,,,1029400,5768125,56200,55900,56200,56100,56000,56100,56200,56300,56400,56500,56600,56700,56800,56900,50000,296100,209000,238800,538800,327300,256500,144400,247200,268000,55900,55800,55700,55600,55500,55400,55300,55200,55100,55000,55600,457500,585300,711600,382100,86700,50200,56600,71900,188900,57900,55250,5743495,3199200,0,0,0,0,0,
600018.SH,600018,20251209,93113000,55900,23200,129696,666,0,,,1052600,5897821,56200,55900,56200,56100,56000,56100,56200,56300,56400,56500,56600,56700,56800,56900,98000,292500,209500,240800,538800,327300,256500,143400,247200,268200,55900,55800,55700,55600,55500,55400,55300,55200,55100,55000,35200,457500,585300,711600,382100,86700,50200,56600,71900,188900,57880,55250,5791795,3178200,0,0,0,0,0,
600018.SH,600018,20251209,93116000,56000,30700,171880,685,0,,,1083300,6069701,56200,55900,56200,56100,56000,56100,56200,56300,56400,56500,56600,56700,56800,56900,81200,319900,176700,240800,538800,327300,256500,143400,247200,268200,55900,55800,55700,55600,55500,55400,55300,55200,55100,55000,37700,459500,586200,711800,382100,86900,50200,56600,71900,188900,57890,55250,5770395,3184000,0,0,0,0,0,
600018.SH,600018,20251209,93119000,56000,1600,8960,688,0,,,1084900,6078661,56200,55900,56200,56100,56000,56100,56200,56300,56400,56500,56600,56700,56800,56900,86300,319100,174400,240800,538800,327500,256500,143400,247200,268200,55900,55800,55700,55600,55500,55400,55300,55200,55100,55000,48700,459500,587500,711800,382100,86900,50400,56600,71900,188900,57890,55250,5772595,3196500,0,0,0,0,0,
600018.SH,600018,20251209,93122000,55900,100,559,689,0,,,1085000,6079220,56200,55900,56200,56100,56000,56100,56200,56300,56400,56500,56600,56700,56800,56900,134400,318000,140300,240800,538800,327500,256500,148400,247200,248800,55900,55800,55700,55600,55500,55400,55300,55200,55100,55000,112500,461500,587500,711800,382100,86900,50400,56600,71900,188900,57890,55270,5771095,3262300,0,0,0,0,0,
600018.SH,600018,20251209,93125000,56000,91800,514061,746,0,,,1176800,6593281,56200,55900,56200,56100,56000,56100,56200,56300,56400,56500,56600,56700,56800,56900,47800,318000,140400,240800,538800,325700,256500,148400,247200,248800,55900,55800,55700,55600,55500,55400,55300,55200,55100,55000,112100,461500,587500,711800,382100,86900,50400,56600,71900,188900,57920,55270,5682795,3261900,0,0,0,0,0,
600018.SH,600018,20251209,93128000,55900,2000,11180,751,0,,,1178800,6604461,56200,55900,56200,56100,56000,56100,56200,56300,56400,56500,56600,56700,56800,56900,67700,316500,140400,245800,538800,362300,256500,148400,247200,248800,55900,55800,55700,55600,55500,55400,55300,55200,55100,55000,113400,464300,587500,711800,382100,86900,50400,56600,71900,188900,57900,55270,5742795,3266000,0,0,0,0,0,
600018.SH,600018,20251209,93131000,56000,92500,518000,794,0,,,1271300,7122461,56200,55900,56200,56100,56100,56200,56300,56400,56500,56600,56700,56800,56900,57000,304800,140400,245800,538800,362300,256500,148400,247200,248800,141000,56000,55900,55800,55700,55600,55500,55400,55300,55200,55100,1100,161600,463600,587500,711800,382100,86900,50400,56600,71900,57930,55280,5663395,3314600,0,0,0,0,0,
600018.SH,600018,20251209,93134000,56000,6600,36960,812,0,,,1277900,7159421,56200,55900,56200,56100,56000,56100,56200,56300,56400,56500,56600,56700,56800,56900,7400,305400,140400,245800,538800,362300,256500,148400,247200,248800,55900,55800,55700,55600,55500,55400,55300,55200,55100,55000,161900,464600,587500,711800,382100,86900,50400,56600,71900,188900,57920,55280,5672495,3314800,0,0,0,0,0,
600018.SH,600018,20251209,93137000,55900,6900,38636,822,0,,,1284800,7198057,56200,55900,56200,56100,56000,56100,56200,56300,56400,56500,56600,56700,56800,56900,202600,320400,123700,245800,543800,363300,256500,148400,247200,248800,55900,55800,55700,55600,55500,55400,55300,55200,55100,55000,168200,464600,587500,711800,382100,86900,50400,56600,71900,188900,57860,55280,5871995,3321100,0,0,0,0,0,
600018.SH,600018,20251209,93140000,56000,2400,13440,828,0,,,1287200,7211497,56200,55900,56200,56100,56000,56100,56200,56300,56400,56500,56600,56700,56800,56900,251800,328000,123700,253800,543800,363300,283100,148400,247200,248800,55900,55800,55700,55600,55500,55400,55300,55200,55100,55000,281300,464600,587500,711800,385100,86900,50400,56600,71900,188900,57830,55300,5964395,3439200,0,0,0,0,0,
600018.SH,600018,20251209,93143000,55900,5600,31356,834,0,,,1292800,7242853,56200,55900,56200,56100,56000,56100,56200,56300,56400,56500,56600,56700,56800,56900,247200,327200,123700,253800,543800,363300,283100,148400,247200,248800,55900,55800,55700,55600,55500,55400,55300,55200,55100,55000,281500,464600,587500,711800,399900,86900,50400,56600,71900,188900,57840,55300,5963595,3454400,0,0,0,0,0,
600018.SH,600018,20251209,93146000,55900,0,0,834,0,,,1292800,7242853,56200,55900,56200,56100,56000,56100,56200,56300,56400,56500,56600,56700,56800,56900,247200,304800,123700,253800,553800,363300,283100,148400,247200,248800,55900,55800,55700,55600,55500,55400,55300,55200,55100,55000,299200,466200,587500,711800,399900,86900,50400,56600,71900,188900,57840,55300,5951195,3473700,0,0,0,0,0,
600018.SH,600018,20251209,93149000,55900,3700,20683,839,0,,,1296500,7263536,56200,55900,56200,56100,56000,56100,56200,56300,56400,56500,56600,56700,56800,56900,331600,304800,123700,253800,553800,363300,283100,148400,247200,248800,55900,55800,55700,55600,55500,55400,55300,55200,55100,55000,308800,461200,587500,701800,399900,86900,50400,56600,71900,188900,57820,55300,6035595,3468300,0,0,0,0,0,
600018.SH,600018,20251209,93152000,56000,7900,44164,850,0,,,1304400,7307700,56200,55900,56200,56100,56000,56100,56200,56300,56400,56500,56600,56700,56800,56900,342100,259800,123700,253800,553800,363300,283100,148400,247200,248800,55900,55800,55700,55600,55500,55400,55300,55200,55100,55000,309800,466200,587500,701800,401000,86900,50400,58100,71900,188900,57830,55300,5998095,3476900,0,0,0,0,0,
600018.SH,600018,20251209,93155000,56000,5000,27962,853,0,,,1309400,7335662,56200,55900,56200,56100,56000,56100,56200,56300,56400,56500,56600,56700,56800,56900,341000,259800,123700,253800,553800,363300,283100,148400,247200,248800,55900,55800,55700,55600,55500,55400,55300,55200,55100,55000,306000,466200,589200,701800,401000,86900,50400,58100,71900,188900,57830,55300,5994995,3474800,0,0,0,0,0,
600018.SH,600018,20251209,93158000,55900,1000,5590,855,0,,,1310400,7341252,56200,55900,56200,56100,56000,56100,56200,56300,56400,56500,56600,56700,56800,56900,341000,259800,138700,253800,553800,363300,283100,148400,247200,248800,55900,55800,55700,55600,55500,55400,55300,55200,55100,55000,305300,466200,589700,693000,435400,86900,50400,58100,71900,188900,57820,55300,6009995,3500200,0,0,0,0,0,
600018.SH,600018,20251209,93201000,56000,15200,85120,868,0,,,1325600,7426372,56200,55900,56200,56100,56000,56100,56200,56300,56400,56500,56600,56700,56800,56900,317100,259900,138900,253800,553800,363300,283100,148400,247200,248800,55900,55800,55700,55600,55500,55400,55300,55200,55100,55000,326800,476200,589900,697000,435400,86900,50400,58100,71900,188900,57830,55310,5986395,3537700,0,0,0,0,0,
600018.SH,600018,20251209,93204000,56000,5200,29120,882,0,,,1330800,7455492,56200,55900,56200,56100,56000,56100,56200,56300,56400,56500,56600,56700,56800,56900,312700,259900,148900,253800,553800,366300,283100,148400,247200,248800,55900,55800,55700,55600,55500,55400,55300,55200,55100,55000,330800,486200,594900,697000,435400,86900,50400,58100,71900,188900,57830,55310,6003795,3556700,0,0,0,0,0,
600018.SH,600018,20251209,93207000,56000,1200,6711,886,0,,,1332000,7462203,56200,55900,56200,56100,56000,56100,56200,56300,56400,56500,56600,56700,56800,56900,313000,262000,148900,253800,553800,366300,283100,148400,247200,248800,55900,55800,55700,55600,55500,55400,55300,55200,55100,55000,334000,506700,594900,697000,437900,86900,50400,58100,71900,188900,57830,55310,6006195,3582900,0,0,0,0,0,
600018.SH,600018,20251209,93210000,56000,9500,53199,890,0,,,1341500,7515402,56200,55900,56200,56100,56000,56100,56200,56300,56400,56500,56600,56700,56800,56900,304600,262000,146900,253800,553800,366300,283100,148400,247200,248800,55900,55800,55700,55600,55500,55400,55300,55200,55100,55000,337600,511700,595900,697000,437900,86900,50400,58100,71900,188900,57840,55320,6001995,3592500,0,0,0,0,0,
600018.SH,600018,20251209,93213000,56000,2700,15095,895,0,,,1344200,7530497,56200,55900,56200,56100,56000,56100,56200,56300,56400,56500,56600,56700,56800,56900,305300,255500,146900,253800,553800,366300,283100,148400,247200,248800,55900,55800,55700,55600,55500,55400,55300,55200,55100,55000,335500,511700,595900,697000,437900,86900,50400,58100,71900,188900,57840,55320,5996195,3590400,0,0,0,0,0,
600018.SH,600018,20251209,93216000,56000,400,2240,896,0,,,1344600,7532737,56200,55900,56200,56100,56000,56100,56200,56300,56400,56500,56600,56700,56800,56900,305900,255500,151900,253800,553800,366300,283100,148400,247200,248800,55900,55800,55700,55600,55500,55400,55300,55200,55100,55000,335500,511700,595900,697000,442900,86900,50400,58100,71900,188900,57840,55320,6002795,3595400,0,0,0,0,0,
600018.SH,600018,20251209,93219000,55900,28900,161555,922,0,,,1373500,7694292,56200,55900,56200,56100,56000,56100,56200,56300,56400,56500,56600,56700,56800,56900,315800,255500,151600,253800,541800,366300,283100,148400,247200,248800,55900,55800,55700,55600,55500,55400,55300,55200,55100,55000,321800,511700,595900,697000,443900,86900,50400,58100,71900,188900,57840,55310,6006795,3582700,0,0,0,0,0,
600018.SH,600018,20251209,93222000,56000,2100,11757,924,0,,,1375600,7706049,56200,55900,56200,56100,56000,56100,56200,56300,56400,56500,56600,56700,56800,56900,316300,255500,151600,253800,541800,366300,283100,148400,247200,248800,55900,55800,55700,55600,55500,55400,55300,55200,55100,55000,322500,511700,596900,697000,443900,86900,50400,58100,71900,188900,57840,55310,6008295,3584400,0,0,0,0,0,
600018.SH,600018,20251209,93225000,56000,500,2800,925,0,,,1376100,7708849,56200,55900,56200,56100,56000,56100,56200,56300,56400,56500,56600,56700,56800,56900,319700,255500,147700,253800,541800,366300,283100,148400,247200,248800,55900,55800,55700,55600,55500,55400,55300,55200,55100,55000,324000,521700,596900,697000,444200,86900,50400,58100,71900,189900,57840,55310,6007795,3597200,0,0,0,0,0,
600018.SH,600018,20251209,93228000,55900,600,3354,928,0,,,1376700,7712203,56200,55900,56200,56100,56000,56100,56200,56300,56400,56500,56600,56700,56800,56900,336200,255500,150000,253800,541800,366300,283100,148400,247200,248800,55900,55800,55700,55600,55500,55400,55300,55200,55100,55000,333500,521700,596900,697000,454200,87900,50400,58100,71900,189900,57840,55310,6026595,3623700,0,0,0,0,0,
600018.SH,600018,20251209,93231000,56000,4100,22920,931,0,,,1380800,7735123,56200,55900,56200,56100,56000,56100,56200,56300,56400,56500,56600,56700,56800,56900,392300,223300,150000,253800,541800,366300,283100,148400,247200,248800,55900,55800,55700,55600,55500,55400,55300,55200,55100,55000,333600,522200,596900,697000,459200,87900,50400,58100,71900,189900,57830,55310,6056995,3629300,0,0,0,0,0,
600018.SH,600018,20251209,93234000,55900,300,1677,932,0,,,1381100,7736800,56200,55900,56200,56100,56000,56100,56200,56300,56400,56500,56600,56700,56800,56900,393300,223300,162000,253800,541800,366300,283100,148400,247200,248800,55900,55800,55700,55600,55500,55400,55300,55200,55100,55000,340700,522200,596900,697000,460200,87900,50400,58100,71900,189900,57830,55310,6069995,3637400,0,0,0,0,0,
600018.SH,600018,20251209,93237000,56000,19000,106358,945,0,,,1400100,7843158,56200,55900,56200,56100,56000,56100,56200,56300,56400,56500,56600,56700,56800,56900,386900,223300,162000,253800,541800,366300,283100,148400,247200,248800,55900,55800,55700,55600,55500,55400,55300,55200,55100,55000,340300,522200,596900,700000,460200,87900,50400,58100,71900,189900,57830,55310,6064095,3640000,0,0,0,0,0,
600018.SH,600018,20251209,93240000,56000,4500,25156,948,0,,,1404600,7868314,56200,55900,56200,56100,56000,56100,56200,56300,56400,56500,56600,56700,56800,56900,386800,223300,162000,253800,541800,366300,283100,158400,247200,248800,55900,55800,55700,55600,55500,55400,55300,55200,55100,55000,338800,542200,596900,700000,460200,87900,50400,58100,71900,189900,57830,55310,6075995,3658500,0,0,0,0,0,
600018.SH,600018,20251209,93243000,55900,2700,15094,951,0,,,1407300,7883408,56200,55900,56200,56100,56000,56100,56200,56300,56400,56500,56600,56700,56800,56900,376400,223300,161200,253800,571800,366300,284100,158400,247200,248800,55900,55800,55700,55600,55500,55400,55300,55200,55100,55000,343000,542200,596900,700000,460200,87900,50400,58100,71900,189900,57820,55310,6095795,3662700,0,0,0,0,0,
600018.SH,600018,20251209,93246000,56100,396400,2219867,1071,0,,,1803700,10103275,56200,55900,56200,56100,56100,56200,56300,56400,56500,56600,56700,56800,56900,57000,235900,161200,253800,571800,366500,284100,158400,247200,248800,139200,56000,55900,55800,55700,55600,55500,55400,55300,55200,55100,63600,353900,542200,597900,700000,460200,87900,51400,58100,71900,57940,55330,5732995,3739200,0,0,0,0,0,
600018.SH,600018,20251209,93249000,56000,20600,115522,1080,0,,,1824300,10218797,56200,55900,56200,56100,56100,56200,56300,56400,56500,56600,56700,56800,56900,57000,224500,161200,253800,571800,366500,284100,158400,247200,248800,139200,56000,55900,55800,55700,55600,55500,55400,55300,55200,55100,102200,337700,545300,597900,700000,460200,87900,51400,58100,71900,57950,55330,5721995,3765900,0,0,0,0,0,
600018.SH,600018,20251209,93252000,56000,1100,6160,1082,0,,,1825400,10224957,56200,55900,56200,56100,56100,56200,56300,56400,56500,56600,56700,56800,56900,57000,233900,161200,253800,571800,366500,284100,158400,247200,248800,139200,56000,55900,55800,55700,55600,55500,55400,55300,55200,55100,115500,342500,543900,598000,700000,460200,87900,51400,58100,71900,57940,55340,5731395,3782700,0,0,0,0,0,
600018.SH,600018,20251209,93255000,56000,0,0,1082,0,,,1825400,10224957,56200,55900,56200,56100,56100,56200,56300,56400,56500,56600,56700,56800,56900,57000,233900,164600,253800,571800,383800,284100,158400,247200,248800,139200,56000,55900,55800,55700,55600,55500,55400,55300,55200,55100,120400,344500,543900,598000,700000,460200,87900,51400,58100,71900,57940,55340,5757095,3790100,0,0,0,0,0,
600018.SH,600018,20251209,93258000,56000,0,0,1082,0,,,1825400,10224957,56200,55900,56200,56100,56100,56200,56300,56400,56500,56600,56700,56800,56900,57000,228700,164600,253800,571800,383800,284100,158400,247200,248800,139200,56000,55900,55800,55700,55600,55500,55400,55300,55200,55100,154700,348100,543900,598000,703900,460200,87900,51400,58100,71900,57940,55340,5751895,3831900,0,0,0,0,0,
600018.SH,600018,20251209,93301000,56100,212800,1193808,1201,0,,,2038200,11418765,56200,55900,56200,56100,56100,56200,56300,56400,56500,56600,56700,56800,56900,57000,1400,166100,253800,571800,383800,284100,158400,247200,248800,139200,56000,55900,55800,55700,55600,55500,55400,55300,55200,55100,183200,335100,543900,600000,703900,460200,87900,51400,58100,71900,58020,55350,5526095,3849400,0,0,0,0,0,
600018.SH,600018,20251209,93304000,56000,43100,241774,1248,0,,,2081300,11660539,56200,55900,56200,56100,56100,56200,56300,56400,56500,56600,56700,56800,56900,57000,11600,184500,253800,571800,383800,284100,158400,247200,248800,139200,56000,55900,55800,55700,55600,55500,55400,55300,55200,55100,171800,315700,546900,600000,703900,460600,87900,51400,58100,71900,58010,55340,5557095,3822000,0,0,0,0,0,
600018.SH,600018,20251209,93307000,56100,15600,87516,1263,0,,,2096900,11748055,56200,55900,56200,56100,56100,56200,56300,56400,56500,56600,56700,56800,56900,57000,11700,237700,253800,571800,384300,284100,158400,247200,248800,139200,56000,55900,55800,55700,55600,55500,55400,55300,55200,55100,177900,317200,550500,600000,703900,465600,87900,51400,58100,71900,57990,55340,5610895,3838200,0,0,0,0,0,
600018.SH,600018,20251209,93310000,56000,11400,63951,1271,0,,,2108300,11812006,56200,55900,56200,56100,56100,56200,56300,56400,56500,56600,56700,56800,56900,57000,27800,237700,253800,571800,384300,284100,158400,247200,248800,139200,56000,55900,55800,55700,55600,55500,55400,55300,55200,55100,177600,317200,550700,600000,703900,465600,87900,51400,58100,71900,57980,55340,5626995,3838100,0,0,0,0,0,
600018.SH,600018,20251209,93313000,56100,400,2244,1272,0,,,2108700,11814250,56200,55900,56200,56100,56100,56200,56300,56400,56500,56600,56700,56800,56900,57000,28500,236900,253800,571800,384300,284100,158400,247200,248800,139200,56000,55900,55800,55700,55600,55500,55400,55300,55200,55100,195900,320000,550700,600000,703900,447800,87900,51400,58100,71900,57980,55350,5626895,3841400,0,0,0,0,0,
600018.SH,600018,20251209,93316000,56100,0,0,1272,0,,,2108700,11814250,56200,55900,56200,56100,56100,56200,56300,56400,56500,56600,56700,56800,56900,57000,29100,236200,253800,571800,384300,284100,158400,247200,248800,139200,56000,55900,55800,55700,55600,55500,55400,55300,55200,55100,277600,320600,550700,604800,703900,447800,87900,51400,58100,71900,57980,55360,5626795,3928500,0,0,0,0,0,
600018.SH,600018,20251209,93319000,56100,211100,1182259,1402,0,,,2319800,12996509,56200,55900,56200,56100,56100,56200,56300,56400,56500,56600,56700,56800,56900,57000,40200,219800,253800,571800,383800,284100,158400,247200,248800,139200,56000,55900,55800,55700,55600,55500,55400,55300,55200,55100,83200,322100,550700,604800,703900,447800,88000,51400,58100,71900,57980,55330,5621195,3735700,0,0,0,0,0,
600018.SH,600018,20251209,93322000,56000,14000,78468,1408,0,,,2333800,13074977,56200,55900,56200,56100,56100,56200,56300,56400,56500,56600,56700,56800,56900,57000,50000,219800,253800,571800,383800,284100,158400,259700,248800,139200,56000,55900,55800,55700,55600,55500,55400,55300,55200,55100,81600,322100,551100,604800,703900,447800,88000,51400,58100,71900,57980,55330,5644095,3734500,0,0,0,0,0,
600018.SH,600018,20251209,93325000,56100,100,561,1409,0,,,2333900,13075538,56200,55900,56200,56100,56100,56200,56300,56400,56500,56600,56700,56800,56900,57000,105300,213600,253800,571800,383800,284100,158400,259700,248800,139200,56000,55900,55800,55700,55600,55500,55400,55300,55200,55100,109600,335200,551100,604800,704900,447800,88000,51400,58100,71900,57960,55320,5688195,3786600,0,0,0,0,0,
600018.SH,600018,20251209,93328000,56000,1700,9520,1411,0,,,2335600,13085058,56200,55900,56200,56100,56100,56200,56300,56400,56500,56600,56700,56800,56900,57000,106200,213600,224600,571800,383800,284100,158400,259700,248800,139200,56000,55900,55800,55700,55600,55500,55400,55300,55200,55100,111000,335200,551100,605800,704900,447800,88000,51400,58100,71900,57970,55320,5659895,3789000,0,0,0,0,0,
600018.SH,600018,20251209,93331000,56000,6500,36401,1415,0,,,2342100,13121459,56200,55900,56200,56100,56100,56200,56300,56400,56500,56600,56700,56800,56900,57000,115600,213600,224600,571800,383800,284100,158400,259700,248800,139200,56000,55900,55800,55700,55600,55500,55400,55300,55200,55100,112900,344200,551100,605800,704900,447800,88000,51400,58100,71900,57970,55320,5669295,3799900,0,0,0,0,0,
600018.SH,600018,20251209,93334000,56100,900,5042,1417,0,,,2343000,13126501,56200,55900,56200,56100,56100,56200,56300,56400,56500,56600,56700,56800,56900,57000,124600,160400,224600,571800,383800,284100,158400,259700,248800,139200,56000,55900,55800,55700,55600,55500,55400,55300,55200,55100,117100,344000,551100,605800,704900,447800,88000,51400,58100,71900,57980,55320,5625095,3803900,0,0,0,0,0,
600018.SH,600018,20251209,93337000,56100,7200,40390,1419,0,,,2350200,13166891,56200,55900,56200,56100,56100,56200,56300,56400,56500,56600,56700,56800,56900,57000,119300,160400,224600,571800,383800,284100,158400,259700,248800,139200,56000,55900,55800,55700,55600,55500,55400,55300,55200,55100,126900,340500,551100,605800,704900,447800,88000,51400,58100,71900,57980,55330,5619795,3810200,0,0,0,0,0,
600018.SH,600018,20251209,93340000,56000,11500,64467,1437,0,,,2361700,13231358,56200,55900,56200,56100,56100,56200,56300,56400,56500,56600,56700,56800,56900,57000,117800,160400,224600,571800,383800,284100,158400,259700,248800,139200,56000,55900,55800,55700,55600,55500,55400,55300,55200,55100,136200,340100,551100,605800,704900,447800,88000,51400,58100,71900,57980,55330,5618295,3819100,0,0,0,0,0,
600018.SH,600018,20251209,93343000,56000,1300,7280,1439,0,,,2363000,13238638,56200,55900,56200,56100,56100,56200,56300,56400,56500,56600,56700,56800,56900,57000,125000,160400,224600,571800,383800,284100,158400,259700,248800,139200,56000,55900,55800,55700,55600,55500,55400,55300,55200,55100,137900,340100,551100,605800,704900,447800,88000,51400,58100,71900,57980,55330,5625595,3820800,0,0,0,0,0,
600018.SH,600018,20251209,93346000,56100,2100,11763,1443,0,,,2365100,13250401,56200,55900,56200,56100,56100,56200,56300,56400,56500,56600,56700,56800,56900,57000,125500,160400,224600,571800,383800,284100,158400,259700,248800,139200,56000,55900,55800,55700,55600,55500,55400,55300,55200,55100,139500,347900,551100,605800,704900,447800,88000,51400,58100,71900,57980,55330,5641095,3830200,0,0,0,0,0,
600018.SH,600018,20251209,93349000,56100,0,0,1443,0,,,2365100,13250401,56200,55900,56200,56100,56100,56200,56300,56400,56500,56600,56700,56800,56900,57000,126800,160400,224600,571800,383800,284100,158400,259700,248800,139200,56000,55900,55800,55700,55600,55500,55400,55300,55200,55100,154100,347900,551100,605800,704900,447800,88000,51400,58100,71900,57980,55330,5642495,3844800,0,0,0,0,0,
600018.SH,600018,20251209,93352000,56000,1500,8400,1446,0,,,2366600,13258801,56200,55900,56200,56100,56100,56200,56300,56400,56500,56600,56700,56800,56900,57000,131100,160400,224600,571800,383800,284100,158400,259700,248800,139200,56000,55900,55800,55700,55600,55500,55400,55300,55200,55100,155800,347100,551100,613400,704900,447800,88000,51400,58100,71900,57980,55330,5646795,3853300,0,0,0,0,0,
600018.SH,600018,20251209,93355000,56000,200,1120,1447,0,,,2366800,13259921,56200,55900,56200,56100,56100,56200,56300,56400,56500,56600,56700,56800,56900,57000,131100,160400,224600,571800,383800,284100,158400,259700,248800,139200,56000,55900,55800,55700,55600,55500,55400,55300,55200,55100,159000,347100,551100,613400,704900,447800,88000,51400,58100,71900,57980,55330,5646795,3856500,0,0,0,0,0,
600018.SH,600018,20251209,93358000,56100,1900,10659,1449,0,,,2368700,13270580,56200,55900,56200,56100,56100,56200,56300,56400,56500,56600,56700,56800,56900,57000,74300,160400,224600,571800,383800,284100,158400,259700,248800,139200,56000,55900,55800,55700,55600,55500,55400,55300,55200,55100,174200,347100,551100,613400,704900,447800,88000,51400,58100,71900,58000,55340,5589995,3871700,0,0,0,0,0,
600018.SH,600018,20251209,93401000,56100,100,561,1450,0,,,2368800,13271141,56200,55900,56200,56100,56100,56200,56300,56400,56500,56600,56700,56800,56900,57000,62600,160400,224600,571800,383800,284100,158400,259700,248800,139200,56000,55900,55800,55700,55600,55500,55400,55300,55200,55100,189700,349100,551100,613400,704900,447800,88000,51400,58100,71900,58000,55340,5578295,3889200,0,0,0,0,0,
600018.SH,600018,20251209,93404000,56100,6000,33660,1468,0,,,2374800,13304801,56200,55900,56200,56100,56100,56200,56300,56400,56500,56600,56700,56800,56900,57000,77400,161900,224600,571800,383800,284100,158400,259700,248800,139200,56000,55900,55800,55700,55600,55500,55400,55300,55200,55100,203200,358300,551100,614400,704900,449800,88000,51400,58100,71900,57990,55340,5598595,3914900,0,0,0,0,0,
600018.SH,600018,20251209,93407000,56100,100,561,1469,0,,,2374900,13305362,56200,55900,56200,56100,56100,56200,56300,56400,56500,56600,56700,56800,56900,57000,77300,161900,224600,571800,383800,284100,158400,259700,248800,139200,56000,55900,55800,55700,55600,55500,55400,55300,55200,55100,211700,358900,551100,614400,704900,449800,88000,51400,58100,71900,57990,55340,5600495,3924000,0,0,0,0,0,
600018.SH,600018,20251209,93410000,56000,100,560,1470,0,,,2375000,13305922,56200,55900,56200,56100,56100,56200,56300,56400,56500,56600,56700,56800,56900,57000,78400,161900,224600,571800,383800,284100,158400,259700,248800,139200,56000,55900,55800,55700,55600,55500,55400,55300,55200,55100,213600,358900,551100,614400,704900,449800,88000,51400,58100,71900,57990,55340,5602095,3925900,0,0,0,0,0,
600018.SH,600018,20251209,93413000,56000,1000,5600,1471,0,,,2376000,13311522,56200,55900,56200,56100,56100,56200,56300,56400,56500,56600,56700,56800,56900,57000,144000,161900,224600,571800,383800,284100,158400,259700,248800,139200,56000,55900,55800,55700,55600,55500,55400,55300,55200,55100,212800,361500,551100,614400,704900,449800,88000,51400,58100,71900,57970,55340,5667695,3927700,0,0,0,0,0,
600018.SH,600018,20251209,93416000,56000,0,0,1471,0,,,2376000,13311522,56200,55900,56200,56100,56100,56200,56300,56400,56500,56600,56700,56800,56900,57000,162200,161900,244600,571800,383800,284800,158400,259700,248800,139200,56000,55900,55800,55700,55600,55500,55400,55300,55200,55100,212000,361500,551100,614400,704900,449800,88000,51400,58100,71900,57960,55340,5707595,3926900,0,0,0,0,0,
600018.SH,600018,20251209,93419000,56100,27600,154835,1489,0,,,2403600,13466357,56200,55900,56200,56100,56100,56200,56300,56400,56500,56600,56700,56800,56900,57000,140700,161900,244600,571800,383800,284800,158400,259700,248800,139200,56000,55900,55800,55700,55600,55500,55400,55300,55200,55100,211100,361500,551100,614400,704900,449800,88000,51400,58100,71900,57970,55340,5686095,3927000,0,0,0,0,0,
600018.SH,600018,20251209,93422000,56100,4200,23531,1494,0,,,2407800,13489888,56200,55900,56200,56100,56100,56200,56300,56400,56500,56600,56700,56800,56900,57000,166200,161900,244600,571800,383800,284800,158400,259700,248800,139200,56000,55900,55800,55700,55600,55500,55400,55300,55200,55100,214000,361500,551100,614400,704900,449800,88000,51400,58100,71900,57960,55340,5711595,3929900,0,0,0,0,0,
600018.SH,600018,20251209,93425000,56100,0,0,1494,0,,,2407800,13489888,56200,55900,56200,56100,56100,56200,56300,56400,56500,56600,56700,56800,56900,57000,194800,161900,244600,571800,383800,284800,158400,259700,248800,139200,56000,55900,55800,55700,55600,55500,55400,55300,55200,55100,215000,361500,551100,614400,704900,449800,88000,51400,58100,71900,57950,55340,5740695,3930900,0,0,0,0,0,
600018.SH,600018,20251209,93428000,56100,1700,9537,1506,0,,,2409500,13499425,56200,55900,56200,56100,56100,56200,56300,56400,56500,56600,56700,56800,56900,57000,193800,161900,244600,571800,383800,284800,158400,259700,248800,139200,56000,55900,55800,55700,55600,55500,55400,55300,55200,55100,234200,361500,551100,614400,704900,450000,88000,51400,58100,71900,57950,55350,5739695,3950300,0,0,0,0,0,
600018.SH,600018,20251209,93431000,56100,600,3363,1510,0,,,2410100,13502788,56200,55900,56200,56100,56100,56200,56300,56400,56500,56600,56700,56800,56900,57000,194300,161900,244600,571800,383800,284800,158400,259700,248800,139200,56000,55900,55800,55700,55600,55500,55400,55300,55200,55100,235500,361600,551100,614400,704900,450000,88000,51400,58100,71900,57950,55350,5740195,3950500,0,0,0,0,0,
600018.SH,600018,20251209,93434000,56100,7500,42047,1514,0,,,2417600,13544835,56200,55900,56200,56100,56100,56200,56300,56400,56500,56600,56700,56800,56900,57000,207700,161900,244600,571800,384000,284800,158400,259700,248800,139200,56000,55900,55800,55700,55600,55500,55400,55300,55200,55100,231300,361600,551100,614400,704900,450000,88000,51400,58100,71900,57950,55350,5753795,3946300,0,0,0,0,0,
600018.SH,600018,20251209,93437000,56100,0,0,1514,0,,,2417600,13544835,56200,55900,56200,56100,56100,56200,56300,56400,56500,56600,56700,56800,56900,57000,207700,161900,244600,571800,384000,284800,158400,259700,248800,139200,56000,55900,55800,55700,55600,55500,55400,55300,55200,55100,231900,362100,551100,614400,704900,450000,88000,51400,58100,71900,57950,55350,5755795,3947400,0,0,0,0,0,
600018.SH,600018,20251209,93440000,56100,200,1121,1516,0,,,2417800,13545956,56200,55900,56200,56100,56100,56200,56300,56400,56500,56600,56700,56800,56900,57000,207600,161900,244600,571800,384000,284800,158400,259700,248800,139200,56000,55900,55800,55700,55600,55500,55400,55300,55200,55100,232000,362600,551100,614400,704900,450000,88000,51400,58100,71900,57950,55350,5755695,3948000,0,0,0,0,0,
600018.SH,600018,20251209,93443000,56100,5700,31977,1520,0,,,2423500,13577933,56200,55900,56200,56100,56100,56200,56300,56400,56500,56600,56700,56800,56900,57000,203800,161900,244600,571800,384000,284800,158400,259700,248800,139200,56000,55900,55800,55700,55600,55500,55400,55300,55200,55100,232000,362600,551100,614400,704900,450000,88000,51400,58100,71900,57950,55350,5752295,3948000,0,0,0,0,0,
600018.SH,600018,20251209,93446000,56100,0,0,1520,0,,,2423500,13577933,56200,55900,56200,56100,56100,56200,56300,56400,56500,56600,56700,56800,56900,57000,203800,161900,244600,571800,384000,284800,158400,259700,248800,139200,56000,55900,55800,55700,55600,55500,55400,55300,55200,55100,232000,364100,551100,614400,704900,450000,88000,51400,58100,71900,57950,55350,5752295,3949500,0,0,0,0,0,
600018.SH,600018,20251209,93449000,56100,1100,6171,1522,0,,,2424600,13584104,56200,55900,56200,56100,56100,56200,56300,56400,56500,56600,56700,56800,56900,57000,203400,161900,244600,571800,384000,284800,158400,259700,248800,139200,56000,55900,55800,55700,55600,55500,55400,55300,55200,55100,234000,364100,551100,614400,704900,450000,88000,51400,58100,71900,57950,55350,5751895,3951500,0,0,0,0,0,
600018.SH,600018,20251209,93452000,56000,100,560,1523,0,,,2424700,13584664,56200,55900,56200,56100,56100,56200,56300,56400,56500,56600,56700,56800,56900,57000,204300,161900,244600,571800,384000,284800,158400,259700,248800,139200,56000,55900,55800,55700,55600,55500,55400,55300,55200,55100,233900,364100,551100,614400,707900,450000,88000,51400,58100,71900,57950,55350,5752795,3954400,0,0,0,0,0,
600018.SH,600018,20251209,93455000,56000,0,0,1523,0,,,2424700,13584664,56200,55900,56200,56100,56100,56200,56300,56400,56500,56600,56700,56800,56900,57000,204300,167300,244600,571800,384000,284800,158400,259700,248800,139200,56000,55900,55800,55700,55600,55500,55400,55300,55200,55100,234700,364100,551100,613200,707900,450000,78000,51400,58100,71900,57950,55350,5758195,3944000,0,0,0,0,0,
600018.SH,600018,20251209,93458000,56000,1000,5601,1526,0,,,2425700,13590265,56200,55900,56200,56100,56100,56200,56300,56400,56500,56600,56700,56800,56900,57000,204200,167300,244600,571800,384000,284800,158400,259700,248800,139200,56000,55900,55800,55700,55600,55500,55400,55300,55200,55100,236300,364100,551100,613200,708400,450000,78000,51400,58100,71900,57950,55350,5758095,3946100,0,0,0,0,0,
600018.SH,600018,20251209,93501000,56100,3400,19074,1542,0,,,2429100,13609339,56200,55900,56200,56100,56100,56200,56300,56400,56500,56600,56700,56800,56900,57000,131500,167300,244600,571800,384000,284800,158400,259700,248800,139200,56000,55900,55800,55700,55600,55500,55400,55300,55200,55100,267100,364100,551100,613200,708400,450000,78000,51400,58100,71900,57970,55350,5685395,3976900,0,0,0,0,0,
600018.SH,600018,20251209,93504000,56100,1900,10659,1547,0,,,2431000,13619998,56200,55900,56200,56100,56100,56200,56300,56400,56500,56600,56700,56800,56900,57000,140400,167300,244600,571800,384000,284800,158400,259700,248800,139200,56000,55900,55800,55700,55600,55500,55400,55300,55200,55100,269100,374100,552100,613200,708400,450000,78000,51400,58100,73900,57970,55350,5694295,3991900,0,0,0,0,0,
600018.SH,600018,20251209,93507000,56000,1100,6170,1549,0,,,2432100,13626168,56200,55900,56200,56100,56100,56200,56300,56400,56500,56600,56700,56800,56900,57000,161500,165500,244600,571800,384000,284800,158400,259700,248800,139200,56000,55900,55800,55700,55600,55500,55400,55300,55200,55100,269000,374100,552100,613200,708400,450000,78000,51400,58100,73900,57960,55350,5713595,3991800,0,0,0,0,0,
600018.SH,600018,20251209,93510000,56100,1800,10098,1552,0,,,2433900,13636266,56200,55900,56200,56100,56100,56200,56300,56400,56500,56600,56700,56800,56900,57000,271000,165500,244600,571800,384000,284800,158400,259700,248800,139200,56000,55900,55800,55700,55600,55500,55400,55300,55200,55100,263000,374100,552100,613200,708400,449500,78000,51400,58100,73900,57930,55350,5823095,3993300,0,0,0,0,0,
600018.SH,600018,20251209,93513000,56000,100,560,1553,0,,,2434000,13636826,56200,55900,56200,56100,56100,56200,56300,56400,56500,56600,56700,56800,56900,57000,273700,163700,244600,571800,384000,284800,158400,259700,248800,139200,56000,55900,55800,55700,55600,55500,55400,55300,55200,55100,251700,374100,554200,618200,708400,449500,78000,51400,58100,73900,57920,55350,5823995,3989100,0,0,0,0,0,
600018.SH,600018,20251209,93516000,56000,272300,1524880,1655,0,,,2706300,15161706,56200,55900,56200,56100,56000,56100,56200,56300,56400,56500,56600,56700,56800,56900,524400,262400,161400,244600,571800,384000,284800,158400,259700,248800,55900,55800,55700,55600,55500,55400,55300,55200,55100,55000,452700,554200,618200,708400,449500,78000,51400,58100,73900,189900,57770,55320,6336895,3816000,0,0,0,0,0,
600018.SH,600018,20251209,93519000,55900,7600,42503,1658,0,,,2713900,15204209,56200,55900,56200,56100,56000,56100,56200,56300,56400,56500,56600,56700,56800,56900,204100,239700,161400,244600,571800,384000,284800,171400,259700,248800,55900,55800,55700,55600,55500,55400,55300,55200,55100,55000,448300,554200,619100,708400,449500,78000,51400,58100,73900,189900,57870,55320,6006895,3812500,0,0,0,0,0,
600018.SH,600018,20251209,93522000,56000,1400,7840,1660,0,,,2715300,15212049,56200,55900,56200,56100,56000,56100,56200,56300,56400,56500,56600,56700,56800,56900,204000,182000,161400,244600,571800,384000,284800,171400,259700,248800,55900,55800,55700,55600,55500,55400,55300,55200,55100,55000,447400,544200,619100,708400,449500,78000,51400,58100,73900,189900,57890,55320,5949095,3801600,0,0,0,0,0,
600018.SH,600018,20251209,93525000,55900,21000,117420,1662,0,,,2736300,15329469,56200,55900,56200,56100,56000,56100,56200,56300,56400,56500,56600,56700,56800,56900,109600,182000,161400,244600,571800,384000,284800,171400,259700,248800,55900,55800,55700,55600,55500,55400,55300,55200,55100,55000,432300,546600,619100,708400,449500,78000,51400,58100,73900,191100,57920,55320,5854695,3790100,0,0,0,0,0,
600018.SH,600018,20251209,93528000,55900,16000,89584,1668,0,,,2752300,15419053,56200,55900,56200,56100,56000,56100,56200,56300,56400,56500,56600,56700,56800,56900,108700,190800,166400,244600,571800,384000,284800,171400,259700,248800,55900,55800,55700,55600,55500,55400,55300,55200,55100,55000,437200,546600,618600,708400,449500,78000,51400,58100,83900,191100,57910,55320,5867595,3804500,0,0,0,0,0,
600018.SH,600018,20251209,93531000,56000,200,1120,1669,0,,,2752500,15420173,56200,55900,56200,56100,56000,56100,56200,56300,56400,56500,56600,56700,56800,56900,114500,190800,166400,244600,571800,384000,284800,171400,259700,248800,55900,55800,55700,55600,55500,55400,55300,55200,55100,55000,440600,546600,618600,708500,449500,78000,51400,58100,83900,191100,57910,55320,5873395,3808000,0,0,0,0,0,
600018.SH,600018,20251209,93534000,56000,900,5039,1672,0,,,2753400,15425212,56200,55900,56200,56100,56000,56100,56200,56300,56400,56500,56600,56700,56800,56900,123500,180200,165400,244600,571800,384000,284800,171400,259700,248800,55900,55800,55700,55600,55500,55400,55300,55200,55100,55000,444200,546600,618600,718500,449500,78000,51400,58100,83900,191100,57910,55320,5871295,3821600,0,0,0,0,0,
600018.SH,600018,20251209,93537000,55900,100,559,1673,0,,,2753500,15425771,56200,55900,56200,56100,56000,56100,56200,56300,56400,56500,56600,56700,56800,56900,132700,180000,165400,244600,571800,384000,284800,171400,259700,248800,55900,55800,55700,55600,55500,55400,55300,55200,55100,55000,444600,546600,618600,718500,449500,78000,51400,58100,82100,191100,57910,55320,5880295,3820200,0,0,0,0,0,
600018.SH,600018,20251209,93540000,56000,12500,70000,1681,0,,,2766000,15495771,56200,55900,56200,56100,56000,56100,56200,56300,56400,56500,56600,56700,56800,56900,135600,180000,165400,244600,571800,384000,284800,171400,259700,248800,55900,55800,55700,55600,55500,55400,55300,55200,55100,55000,445200,546600,618600,718500,449500,78000,51400,58100,82100,191100,57910,55320,5883195,3822700,0,0,0,0,0,
600018.SH,600018,20251209,93543000,55900,13300,74347,1683,0,,,2779300,15570118,56200,55900,56200,56100,56000,56100,56200,56300,56400,56500,56600,56700,56800,56900,145000,181700,166200,244600,572800,384000,284800,171400,259700,248800,55900,55800,55700,55600,55500,55400,55300,55200,55100,55000,400400,546600,618600,719900,449500,78000,51400,58100,82100,191100,57900,55310,5896095,3779300,0,0,0,0,0,
600018.SH,600018,20251209,93546000,55900,354200,1980006,1792,0,,,3133500,17550124,56200,55900,56200,56100,55900,56000,56100,56200,56300,56400,56500,56600,56700,56800,90000,225800,177600,166200,244600,572800,381500,284800,171400,259700,55800,55700,55600,55500,55400,55300,55200,55100,55000,54900,556600,618600,739900,449500,78000,51400,58100,82100,191100,3300,57850,55240,6060295,3408900,0,0,0,0,0,
600018.SH,600018,20251209,93549000,55900,16500,92233,1812,0,,,3150000,17642357,56200,55800,56200,56100,55900,56000,56100,56200,56300,56400,56500,56600,56700,56800,343500,288300,103900,166200,244600,572800,381500,284800,171400,259700,55800,55700,55600,55500,55400,55300,55200,55100,55000,54900,624400,618600,739900,449500,78000,51400,58100,82100,192100,3300,57770,55250,6302595,3497700,0,0,0,0,0,
600018.SH,600018,20251209,93552000,55900,7600,42418,1814,0,,,3157600,17684775,56200,55800,56200,56100,55900,56000,56100,56200,56300,56400,56500,56600,56700,56800,38500,283400,108200,166200,244600,572800,381500,284800,171400,259700,55800,55700,55600,55500,55400,55300,55200,55100,55000,54900,622700,618600,739900,449500,78000,51400,58100,82100,192100,3300,57870,55250,5996995,3496000,0,0,0,0,0,
600018.SH,600018,20251209,93555000,55900,800,4472,1817,0,,,3158400,17689247,56200,55800,56200,56100,55900,56000,56100,56200,56300,56400,56500,56600,56700,56800,49700,283000,107600,166200,244600,572800,381500,284800,171400,259700,55800,55700,55600,55500,55400,55300,55200,55100,55000,54900,622800,618600,739900,449500,78000,52400,58100,82100,192100,3300,57870,55250,6007195,3497100,0,0,0,0,0,
600018.SH,600018,20251209,93558000,55800,1000,5587,1823,0,,,3159400,17694834,56200,55800,56200,56100,55900,56000,56100,56200,56300,56400,56500,56600,56700,56800,48400,293000,107600,166200,244600,572800,381500,284100,171400,259700,55800,55700,55600,55500,55400,55300,55200,55100,55000,54900,629800,618600,739900,449500,78000,52400,58100,82100,192100,3300,57860,55250,6015195,3504100,0,0,0,0,0,
600018.SH,600018,20251209,93601000,55900,4700,26273,1830,0,,,3164100,17721107,56200,55800,56200,56100,55900,56000,56100,56200,56300,56400,56500,56600,56700,56800,46400,292900,107600,166200,244600,572800,381500,283100,171400,259700,55800,55700,55600,55500,55400,55300,55200,55100,55000,54900,638300,628600,740300,449700,78000,52900,58100,82100,192100,3300,57860,55250,6012095,3525500,0,0,0,0,0,
600018.SH,600018,20251209,93604000,55900,9800,54782,1844,0,,,3173900,17775889,56200,55800,56200,56100,55900,56000,56100,56200,56300,56400,56500,56600,56700,56800,34300,292900,83400,166200,244600,572800,381500,282900,171400,259700,55800,55700,55600,55500,55400,55300,55200,55100,55000,54900,639300,630600,740300,449700,78000,52900,58100,82100,192100,3300,57870,55250,5975595,3528500,0,0,0,0,0,
600018.SH,600018,20251209,93607000,55800,5800,32373,1848,0,,,3179700,17808262,56200,55800,56200,56100,55900,56000,56100,56200,56300,56400,56500,56600,56700,56800,36000,293600,78500,166200,244600,568800,381500,282900,171400,259700,55800,55700,55600,55500,55400,55300,55200,55100,55000,54900,635700,650600,743300,449700,78000,52900,58100,84000,192100,3300,57880,55260,5970095,3549800,0,0,0,0,0,
600018.SH,600018,20251209,93610000,55900,10200,57018,1861,0,,,3189900,17865280,56200,55800,56200,56100,55900,56000,56100,56200,56300,56400,56500,56600,56700,56800,27700,371300,78500,166200,244600,568800,381500,282900,171400,259700,55800,55700,55600,55500,55400,55300,55200,55100,55000,54900,663900,650600,743300,449700,78000,52900,58100,84000,192100,3300,57860,55260,6052795,3578000,0,0,0,0,0,
600018.SH,600018,20251209,93613000,55900,60100,335959,1923,0,,,3250000,18201239,56200,55800,56200,56100,56000,56100,56200,56300,56400,56500,56600,56700,56800,56900,378300,78500,166200,294600,568800,381500,282900,171400,259700,248800,55900,55800,55700,55600,55500,55400,55300,55200,55100,55000,33600,664300,650600,743300,449700,80000,52900,58100,84000,192100,57850,55260,6082095,3615900,0,0,0,0,0,
600018.SH,600018,20251209,93616000,55900,21300,119067,1964,0,,,3271300,18320306,56200,55800,56200,56100,56000,56100,56200,56300,56400,56500,56600,56700,56800,56900,380900,93500,170200,294600,568800,381500,282900,171900,259700,248800,55900,55800,55700,55600,55500,55400,55300,55200,55100,55000,41500,714300,650600,743300,449700,80000,52900,58100,84000,192100,57850,55270,6104195,3673800,0,0,0,0,0,
600018.SH,600018,20251209,93619000,55900,2400,13416,1967,0,,,3273700,18333722,56200,55800,56200,56100,56000,56100,56200,56300,56400,56500,56600,56700,56800,56900,315200,91500,170200,282600,568800,381500,282900,171900,259700,248800,55900,55800,55700,55600,55500,55400,55300,55200,55100,55000,59600,715200,650600,743300,449700,90100,52900,58100,84000,192100,57870,55280,6024495,3702900,0,0,0,0,0,
600018.SH,600018,20251209,93622000,55900,600,3354,1968,0,,,3274300,18337076,56200,55800,56200,56100,56000,56100,56200,56300,56400,56500,56600,56700,56800,56900,317500,89800,170200,282600,568800,381500,282900,171900,259700,248800,55900,55800,55700,55600,55500,55400,55300,55200,55100,55000,70300,725700,650600,743500,449700,90100,52900,58100,84000,193100,57870,55280,6025095,3725300,0,0,0,0,0,
600018.SH,600018,20251209,93625000,55900,2000,11180,1969,0,,,3276300,18348256,56200,55800,56200,56100,56000,56100,56200,56300,56400,56500,56600,56700,56800,56900,319900,99800,170200,282600,568800,381500,282900,171900,259700,248800,55900,55800,55700,55600,55500,55400,55300,55200,55100,55000,72100,755900,650600,743500,449700,90100,52900,58200,84000,193100,57870,55280,6037495,3757400,0,0,0,0,0,
600018.SH,600018,20251209,93628000,55900,12500,69895,1985,0,,,3288800,18418151,56200,55800,56200,56100,56000,56100,56200,56300,56400,56500,56600,56700,56800,56900,317900,99800,166200,282600,568800,381500,282900,171900,259700,248800,55900,55800,55700,55600,55500,55400,55300,55200,55100,55000,68900,756900,649600,744500,449700,90100,60900,58200,84000,193100,57870,55280,6042595,3763200,0,0,0,0,0,
600018.SH,600018,20251209,93631000,55900,300,1678,1987,0,,,3289100,18419829,56200,55800,56200,56100,56000,56100,56200,56300,56400,56500,56600,56700,56800,56900,318300,99800,166200,282600,567900,381500,282900,171900,259700,248800,55900,55800,55700,55600,55500,55400,55300,55200,55100,55000,86900,755700,649600,744500,450200,90100,60900,58200,84000,193100,57870,55290,6042095,3780500,0,0,0,0,0,
600018.SH,600018,20251209,93634000,55900,0,0,1987,0,,,3289100,18419829,56200,55800,56200,56100,56000,56100,56200,56300,56400,56500,56600,56700,56800,56900,320200,103800,166200,282600,567900,381500,282900,171900,259700,248800,55900,55800,55700,55600,55500,55400,55300,55200,55100,55000,144100,794500,649600,744500,450200,90100,60900,58200,84000,193100,57870,55300,6047995,3876500,0,0,0,0,0,
600018.SH,600018,20251209,93637000,56000,14600,81652,1994,0,,,3303700,18501481,56200,55800,56200,56100,56000,56100,56200,56300,56400,56500,56600,56700,56800,56900,305800,115800,154100,282600,567900,381500,282900,171900,259700,248800,55900,55800,55700,55600,55500,55400,55300,55200,55100,55000,164800,795500,649600,744900,450200,90100,60900,58200,84000,193100,57870,55300,6033495,3898600,0,0,0,0,0,
600018.SH,600018,20251209,93640000,56000,10000,56000,1998,0,,,3313700,18557481,56200,55800,56200,56100,56000,56100,56200,56300,56400,56500,56600,56700,56800,56900,303600,111300,154100,282600,567900,381500,282900,171900,259700,248800,55900,55800,55700,55600,55500,55400,55300,55200,55100,55000,177000,802500,650200,745900,450200,90100,60900,58200,84000,193100,57870,55310,6030795,3919400,0,0,0,0,0,
600018.SH,600018,20251209,93643000,56000,202800,1133655,2130,0,,,3516500,19691136,56200,55800,56200,56100,56000,56100,56200,56300,56400,56500,56600,56700,56800,56900,372700,83000,154100,282600,567900,381500,282900,171900,259700,248800,55900,55800,55700,55600,55500,55400,55300,55200,55100,55000,32500,822500,656200,745900,450200,90100,60900,58200,84000,193100,57860,55290,6071595,3800900,0,0,0,0,0,
600018.SH,600018,20251209,93646000,55900,11000,61497,2140,0,,,3527500,19752633,56200,55800,56200,56100,56000,56100,56200,56300,56400,56500,56600,56700,56800,56900,378300,83000,154100,282600,567900,381500,282900,171900,259700,248800,55900,55800,55700,55600,55500,55400,55300,55200,55100,55000,38300,824500,656200,745900,450200,92100,60900,58200,84000,193100,57870,55290,6095695,3810700,0,0,0,0,0,
600018.SH,600018,20251209,93649000,55900,600,3354,2141,0,,,3528100,19755987,56200,55800,56200,56100,56000,56100,56200,56300,56400,56500,56600,56700,56800,56900,374600,93000,154100,282600,567900,381500,282900,171900,259700,248800,55900,55800,55700,55600,55500,55400,55300,55200,55100,55000,41400,825500,656200,745900,450200,92100,60900,58200,84000,193100,57870,55290,6101995,3814800,0,0,0,0,0,
600018.SH,600018,20251209,93652000,55900,35800,200132,2164,0,,,3563900,19956119,56200,55800,56200,56100,56000,56100,56200,56300,56400,56500,56600,56700,56800,56900,376300,92800,154800,282600,567900,381500,282900,171900,259700,248800,55900,55800,55700,55600,55500,55400,55300,55200,55100,55000,6300,875600,657200,745900,452200,92100,68900,58200,84000,193100,57870,55290,6115595,3840800,0,0,0,0,0,
600018.SH,600018,20251209,93655000,55900,9200,51428,2179,0,,,3573100,20007547,56200,55800,56200,56100,55900,56000,56100,56200,56300,56400,56500,56600,56700,56800,2800,345300,262300,154800,285600,567900,381500,282900,171900,259700,55800,55700,55600,55500,55400,55300,55200,55100,55000,54900,875600,676900,745900,452200,92100,68900,58200,84000,193100,3300,57830,55290,6259895,3854200,0,0,0,0,0,
600018.SH,600018,20251209,93658000,55900,24300,135705,2194,0,,,3597400,20143252,56200,55800,56200,56100,55900,56000,56100,56200,56300,56400,56500,56600,56700,56800,52000,382700,252600,154800,283600,567900,381500,282900,171900,259700,55800,55700,55600,55500,55400,55300,55200,55100,55000,54900,862400,676900,747900,452200,92100,68900,58200,74000,193100,3300,57800,55290,6334795,3833000,0,0,0,0,0,
600018.SH,600018,20251209,93701000,55900,10000,55900,2210,0,,,3607400,20199152,56200,55800,56200,56100,55900,56000,56100,56200,56300,56400,56500,56600,56700,56800,47900,337900,252600,154800,283600,567900,381500,282900,171900,259700,55800,55700,55600,55500,55400,55300,55200,55100,55000,54900,864900,676900,747900,458000,92100,68900,58200,74000,193100,3300,57820,55290,6285895,3840300,0,0,0,0,0,
600018.SH,600018,20251209,93704000,55800,8100,45275,2217,0,,,3615500,20244427,56200,55800,56200,56100,55900,56000,56100,56200,56300,56400,56500,56600,56700,56800,74300,337900,252600,154800,283600,567900,381500,282900,171900,259700,55800,55700,55600,55500,55400,55300,55200,55100,55000,54900,871500,676900,747900,458000,92100,68900,58200,74000,193100,3300,57810,55290,6312295,3846900,0,0,0,0,0,
600018.SH,600018,20251209,93707000,55900,20200,112918,2222,0,,,3635700,20357345,56200,55800,56200,56100,55900,56000,56100,56200,56300,56400,56500,56600,56700,56800,118800,331100,252600,154800,283600,567900,381500,282900,171900,259700,55800,55700,55600,55500,55400,55300,55200,55100,55000,54900,882400,676900,749900,458000,92100,68900,58200,74000,193100,3300,57800,55290,6349995,3859800,0,0,0,0,0,
600018.SH,600018,20251209,93710000,55800,800,4464,2224,0,,,3636500,20361809,56200,55800,56200,56100,55900,56000,56100,56200,56300,56400,56500,56600,56700,56800,162600,346100,252600,154800,283600,570400,381500,282900,171900,259700,55800,55700,55600,55500,55400,55300,55200,55100,55000,54900,891800,676900,749900,458000,92100,68900,58200,74000,194100,3300,57780,55300,6411295,3870200,0,0,0,0,0,
600018.SH,600018,20251209,93713000,55800,0,0,2224,0,,,3636500,20361809,56200,55800,56200,56100,55900,56000,56100,56200,56300,56400,56500,56600,56700,56800,163000,346100,252600,154800,283600,570400,381500,282900,171900,259700,55800,55700,55600,55500,55400,55300,55200,55100,55000,54900,892000,676900,751900,458500,92100,68900,58200,74000,194100,3300,57780,55300,6411695,3872900,0,0,0,0,0,
600018.SH,600018,20251209,93716000,55900,500,2795,2225,0,,,3637000,20364604,56200,55800,56200,56100,55900,56000,56100,56200,56300,56400,56500,56600,56700,56800,166000,343700,252600,154800,283600,570400,381500,282900,171900,259700,55800,55700,55600,55500,55400,55300,55200,55100,55000,54900,893300,676900,751900,458500,92100,68900,58200,74000,194100,3300,57780,55300,6412295,3877200,0,0,0,0,0,
600018.SH,600018,20251209,93719000,55900,0,0,2225,0,,,3637000,20364604,56200,55800,56200,56100,55900,56000,56100,56200,56300,56400,56500,56600,56700,56800,166000,342200,252600,154800,283600,570400,381500,282900,171900,259700,55800,55700,55600,55500,55400,55300,55200,55100,55000,54900,895200,676900,751900,459500,92100,68900,58200,74000,199900,3300,57780,55300,6410795,3885900,0,0,0,0,0,
600018.SH,600018,20251209,93722000,55900,0,0,2225,0,,,3637000,20364604,56200,55800,56200,56100,55900,56000,56100,56200,56300,56400,56500,56600,56700,56800,169400,342200,252600,154800,283600,570400,381500,282900,171900,259700,55800,55700,55600,55500,55400,55300,55200,55100,55000,54900,895500,679900,753600,460500,92100,68900,58200,74000,199900,3300,57780,55300,6414195,3891900,0,0,0,0,0,
600018.SH,600018,20251209,93725000,55800,300,1674,2226,0,,,3637300,20366278,56200,55800,56200,56100,55900,56000,56100,56200,56300,56400,56500,56600,56700,56800,202800,341300,252600,154800,283600,570400,381500,282900,171900,259700,55800,55700,55600,55500,55400,55300,55200,55100,55000,54900,898000,679900,763600,460500,94100,69400,58200,74000,199900,3300,57770,55300,6446695,3906900,0,0,0,0,0,
600018.SH,600018,20251209,93728000,55900,4000,22360,2228,0,,,3641300,20388638,56200,55800,56200,56100,55900,56000,56100,56200,56300,56400,56500,56600,56700,56800,198800,326300,252600,154800,283600,565400,381500,282900,171900,259700,55800,55700,55600,55500,55400,55300,55200,55100,55000,54900,901700,691700,763600,460500,98100,69400,58200,74000,199900,3300,57780,55300,6422695,3926400,0,0,0,0,0,
600018.SH,600018,20251209,93731000,55800,1500,8377,2231,0,,,3642800,20397015,56200,55800,56200,56100,55900,56000,56100,56200,56300,56400,56500,56600,56700,56800,216100,326300,252600,154800,283600,565400,381500,282900,171900,257300,55800,55700,55600,55500,55400,55300,55200,55100,55000,54900,900800,691700,764600,461100,98100,71400,68200,74000,199900,3300,57770,55300,6437595,3939100,0,0,0,0,0,
600018.SH,600018,20251209,93734000,55900,500,2792,2235,0,,,3643300,20399807,56200,55800,56200,56100,55900,56000,56100,56200,56300,56400,56500,56600,56700,56800,300700,326300,252600,154800,280400,565400,381500,282900,171900,257300,55800,55700,55600,55500,55400,55300,55200,55100,55000,54900,900500,691700,764600,461100,98100,71400,68200,74000,199900,3300,57750,55300,6518995,3938800,0,0,0,0,0,
600018.SH,600018,20251209,93737000,55900,6000,33510,2237,0,,,3649300,20433317,56200,55800,56200,56100,55900,56000,56100,56200,56300,56400,56500,56600,56700,56800,297800,326300,252600,154800,280400,565400,381500,282900,171900,257300,55800,55700,55600,55500,55400,55300,55200,55100,55000,54900,914400,691700,765600,461100,98100,71400,68200,74000,199900,3300,57750,55300,6516095,3953700,0,0,0,0,0,
600018.SH,600018,20251209,93740000,55800,200,1116,2238,0,,,3649500,20434433,56200,55800,56200,56100,55900,56000,56100,56200,56300,56400,56500,56600,56700,56800,304100,326600,252600,158000,280400,565400,381500,282900,171900,257300,55800,55700,55600,55500,55400,55300,55200,55100,55000,54900,915200,691700,765600,461100,98100,71400,69100,74000,199900,3300,57750,55300,6525895,3955400,0,0,0,0,0,
600018.SH,600018,20251209,93743000,55900,800,4468,2243,0,,,3650300,20438901,56200,55800,56200,56100,55900,56000,56100,56200,56300,56400,56500,56600,56700,56800,305000,326600,252600,158000,280400,565400,381500,282900,171900,257300,55800,55700,55600,55500,55400,55300,55200,55100,55000,54900,916600,741700,765600,461100,98100,71400,69100,74000,199900,3300,57750,55310,6526795,4006800,0,0,0,0,0,
600018.SH,600018,20251209,93746000,55800,3200,17856,2244,0,,,3653500,20456757,56200,55800,56200,56100,55900,56000,56100,56200,56300,56400,56500,56600,56700,56800,311900,326600,252600,160000,280400,565400,381500,282900,171900,257300,55800,55700,55600,55500,55400,55300,55200,55100,55000,54900,925400,743700,765600,461100,101700,71400,69100,74000,199900,3300,57740,55310,6535695,4021200,0,0,0,0,0,
600018.SH,600018,20251209,93749000,55900,10000,55900,2259,0,,,3663500,20512657,56200,55800,56200,56100,55900,56000,56100,56200,56300,56400,56500,56600,56700,56800,301300,326600,252600,160000,280400,565400,381500,282900,171900,257300,55800,55700,55600,55500,55400,55300,55200,55100,55000,54900,957100,743700,765600,461100,101700,71400,69100,74000,199900,3300,57750,55310,6525095,4053900,0,0,0,0,0,
600018.SH,600018,20251209,93752000,55900,2600,14534,2266,0,,,3666100,20527191,56200,55800,56200,56100,55900,56000,56100,56200,56300,56400,56500,56600,56700,56800,299200,331600,252600,160000,280400,565400,381500,282900,171900,257300,55800,55700,55600,55500,55400,55300,55200,55100,55000,54900,960600,743700,765600,461100,101700,71400,69100,74000,199900,3300,57750,55310,6527995,4058400,0,0,0,0,0,
600018.SH,600018,20251209,93755000,55800,9900,55242,2268,0,,,3676000,20582433,56200,55800,56200,56100,55900,56000,56100,56200,56300,56400,56500,56600,56700,56800,299200,331600,257600,160000,280400,570800,381500,282900,171900,257300,55800,55700,55600,55500,55400,55300,55200,55100,55000,54900,954500,743700,765600,461200,101700,71400,69100,74000,199900,3300,57740,55310,6538395,4053400,0,0,0,0,0,
600018.SH,600018,20251209,93758000,55900,2500,13951,2270,0,,,3678500,20596384,56200,55800,56200,56100,55900,56000,56100,56200,56300,56400,56500,56600,56700,56800,299800,340600,257600,160000,280400,570800,381500,282900,171900,257300,55800,55700,55600,55500,55400,55300,55200,55100,55000,54900,979000,754200,765600,465300,101700,71400,69100,74000,200400,7300,57740,55310,6547995,4097000,0,0,0,0,0,
600018.SH,600018,20251209,93801000,55800,15000,83700,2272,0,,,3693500,20680084,56200,55800,56200,56100,55900,56000,56100,56200,56300,56400,56500,56600,56700,56800,287000,340600,257600,160000,280400,570800,381500,277900,171900,257300,55800,55700,55600,55500,55400,55300,55200,55100,55000,54900,966200,754200,768900,465300,113700,71400,69100,74000,200400,7300,57750,55310,6530195,4099500,0,0,0,0,0,
600018.SH,600018,20251209,93804000,55800,500,2790,2273,0,,,3694000,20682874,56200,55800,56200,56100,55900,56000,56100,56200,56300,56400,56500,56600,56700,56800,377400,340600,257600,160000,256400,570800,381500,277900,171900,257300,55800,55700,55600,55500,55400,55300,55200,55100,55000,54900,964500,754200,768900,465300,113700,71400,69100,74000,205400,7300,57730,55310,6598095,4102800,0,0,0,0,0,
600018.SH,600018,20251209,93807000,55900,26600,148694,2287,0,,,3720600,20831568,56200,55800,56200,56100,55900,56000,56100,56200,56300,56400,56500,56600,56700,56800,375200,340500,257600,160000,256400,570800,381500,277900,171900,257300,55800,55700,55600,55500,55400,55300,55200,55100,55000,54900,967700,754200,768900,465300,113700,71400,69100,74000,205400,7300,57730,55310,6595795,4106000,0,0,0,0,0,
600018.SH,600018,20251209,93810000,55800,2500,13950,2288,0,,,3723100,20845518,56200,55800,56200,56100,55900,56000,56100,56200,56300,56400,56500,56600,56700,56800,378600,340500,257600,160000,256400,570800,381500,277900,171900,257300,55800,55700,55600,55500,55400,55300,55200,55100,55000,54900,970300,754200,769100,473300,113700,72400,69100,74000,205400,7300,57730,55310,6600195,4117800,0,0,0,0,0,
600018.SH,600018,20251209,93813000,55900,2800,15651,2291,0,,,3725900,20861169,56200,55800,56200,56100,55900,56000,56100,56200,56300,56400,56500,56600,56700,56800,376300,340500,257600,160000,256400,570800,381500,277900,171900,257300,55800,55700,55600,55500,55400,55300,55200,55100,55000,54900,977000,755200,769100,473300,113700,72400,69100,74000,205400,7300,57730,55310,6597895,4125500,0,0,0,0,0,
600018.SH,600018,20251209,93816000,55900,200,1118,2292,0,,,3726100,20862287,56200,55800,56200,56100,55900,56000,56100,56200,56300,56400,56500,56600,56700,56800,378300,340500,257600,160000,256400,570800,381500,277900,171900,257300,55800,55700,55600,55500,55400,55300,55200,55100,55000,54900,945300,755200,769100,473300,113700,72400,69100,74000,205400,7300,57730,55310,6599895,4094300,0,0,0,0,0,
600018.SH,600018,20251209,93819000,55800,200,1116,2293,0,,,3726300,20863403,56200,55800,56200,56100,55900,56000,56100,56200,56300,56400,56500,56600,56700,56800,378300,355500,257600,160000,256400,570800,381500,277900,171900,257300,55800,55700,55600,55500,55400,55300,55200,55100,55000,54900,945600,755600,774100,473300,113700,72400,69100,74000,205400,7300,57720,55310,6614895,4100000,0,0,0,0,0,
600018.SH,600018,20251209,93822000,55900,2000,11180,2296,0,,,3728300,20874583,56200,55800,56200,56100,55900,56000,56100,56200,56300,56400,56500,56600,56700,56800,376500,355500,257600,160000,256400,570800,381500,277900,171900,257300,55800,55700,55600,55500,55400,55300,55200,55100,55000,54900,909700,755600,775100,473300,114700,72400,69100,74000,205900,7300,57720,55310,6613095,4066600,0,0,0,0,0,
600018.SH,600018,20251209,93825000,55900,0,0,2296,0,,,3728300,20874583,56200,55800,56200,56100,55900,56000,56100,56200,56300,56400,56500,56600,56700,56800,377200,355500,257600,160000,256400,570800,381500,277900,171900,257300,55800,55700,55600,55500,55400,55300,55200,55100,55000,54900,933700,755600,775100,473300,114700,72400,69100,74000,205900,7300,57720,55310,6613795,4090800,0,0,0,0,0,
600018.SH,600018,20251209,93828000,55900,0,0,2296,0,,,3728300,20874583,56200,55800,56200,56100,55900,56000,56100,56200,56300,56400,56500,56600,56700,56800,377300,355500,257600,160000,256400,570800,381500,277900,171900,257300,55800,55700,55600,55500,55400,55300,55200,55100,55000,54900,1040100,755600,775100,483200,164700,72400,69100,74000,207900,7300,57720,55320,6613895,4259100,0,0,0,0,0,
600018.SH,600018,20251209,93831000,55800,10900,60922,2304,0,,,3739200,20935505,56200,55800,56200,56100,55900,56000,56100,56200,56300,56400,56500,56600,56700,56800,367300,355500,257600,160000,256400,570800,381500,277900,171900,257300,55800,55700,55600,55500,55400,55300,55200,55100,55000,54900,1039700,755600,775100,483200,164700,72900,69100,74000,212900,7300,57730,55320,6603895,4264200,0,0,0,0,0,
600018.SH,600018,20251209,93834000,55800,400,2235,2307,0,,,3739600,20937740,56200,55800,56200,56100,55900,56000,56100,56200,56300,56400,56500,56600,56700,56800,368200,355500,257600,160000,256400,570800,381500,277900,171900,257300,55800,55700,55600,55500,55400,55300,55200,55100,55000,54900,1045400,755600,775100,483200,164700,72900,69100,74000,212900,7300,57720,55320,6604795,4269900,0,0,0,0,0,
600018.SH,600018,20251209,93837000,55800,800,4464,2309,0,,,3740400,20942204,56200,55800,56200,56100,55900,56000,56100,56200,56300,56400,56500,56600,56700,56800,368100,355500,257600,154600,256400,570800,381500,277900,171900,257300,55800,55700,55600,55500,55400,55300,55200,55100,55000,54900,1045700,755700,775500,483200,164700,72900,69100,74000,212900,7300,57730,55320,6599295,4270700,0,0,0,0,0,
600018.SH,600018,20251209,93840000,55900,35900,200631,2339,0,,,3776300,21142835,56200,55800,56200,56100,55900,56000,56100,56200,56300,56400,56500,56600,56700,56800,337200,355500,257500,154600,256400,570800,381500,277900,171900,257300,55800,55700,55600,55500,55400,55300,55200,55100,55000,54900,1075000,755700,775500,483200,164700,72900,70100,74000,212900,7300,57730,55330,6568295,4301000,0,0,0,0,0,
600018.SH,600018,20251209,93843000,55900,43700,244283,2387,0,,,3820000,21387118,56200,55800,56200,56100,55900,56000,56100,56200,56300,56400,56500,56600,56700,56800,281500,347500,249500,160800,256400,570800,381500,277900,171900,257300,55800,55700,55600,55500,55400,55300,55200,55100,55000,54900,1107900,836600,775500,485400,164700,72900,70100,74000,213900,7300,57760,55340,6506795,4418000,0,0,0,0,0,
