万得代码,交易所代码,自然日,时间,委托编号,交易所委托号,委托类型,委托代码,委托价格,委托数量,
600018.SH,600018,20251209,91400370,0,0,S,I,0,0,
600018.SH,600018,20251209,91500020,0,242,A,B,55500,1000,
600018.SH,600018,20251209,91500120,0,968,A,S,56900,1000,
600018.SH,600018,20251209,91500410,0,1261,A,S,57000,5500,
600018.SH,600018,20251209,91501850,0,1998,A,B,51200,100,
600018.SH,600018,20251209,91501870,0,2237,A,B,55800,3000,
600018.SH,600018,20251209,91501870,0,2602,A,S,56300,7000,
600018.SH,600018,20251209,91501910,0,3070,A,S,57900,100,
600018.SH,600018,20251209,91501910,0,3881,A,S,59600,20000,
600018.SH,600018,20251209,91502020,0,4285,A,S,58600,400,
600018.SH,600018,20251209,91502400,0,4730,A,S,57500,10000,
600018.SH,600018,20251209,91502440,0,4769,A,S,58000,10000,
600018.SH,600018,20251209,91502440,0,4812,A,S,58500,10000,
600018.SH,600018,20251209,91502440,0,4835,A,S,59000,10000,
600018.SH,600018,20251209,91502500,0,5583,A,B,55800,18000,
600018.SH,600018,20251209,91502500,0,5817,A,S,61700,500,
600018.SH,600018,20251209,91502500,0,6113,A,S,61700,2000,
600018.SH,600018,20251209,91502560,0,6456,A,S,54400,5500,
600018.SH,600018,20251209,91502560,0,6614,A,S,57500,1000,
600018.SH,600018,20251209,91502560,0,6639,A,B,52500,1000,
600018.SH,600018,20251209,91502560,0,6659,A,B,55600,200,
600018.SH,600018,20251209,91502560,0,6684,A,S,57200,200,
600018.SH,600018,20251209,91502560,0,6750,A,S,57700,1000,
600018.SH,600018,20251209,91502560,0,7126,A,S,57800,10000,
600018.SH,600018,20251209,91502620,0,7150,A,S,58800,5000,
600018.SH,600018,20251209,91502620,0,7177,A,S,59800,10000,
600018.SH,600018,20251209,91502620,0,7670,A,S,60000,2000,
600018.SH,600018,20251209,91502620,0,7810,A,B,55600,1000,
600018.SH,600018,20251209,91502620,0,7811,A,B,55100,1000,
600018.SH,600018,20251209,91502620,0,7861,A,B,54600,1000,
600018.SH,600018,20251209,91502620,0,7883,A,S,56900,1000,
600018.SH,600018,20251209,91502620,0,7884,A,S,57300,1000,
600018.SH,600018,20251209,91502620,0,7920,A,S,58400,1000,
600018.SH,600018,20251209,91502620,0,7936,A,S,58900,1000,
600018.SH,600018,20251209,91502620,0,7971,A,S,59400,1000,
600018.SH,600018,20251209,91502620,0,7986,A,S,59900,1000,
600018.SH,600018,20251209,91502620,0,8176,A,S,57400,8000,
600018.SH,600018,20251209,91502620,0,8177,A,S,58200,8700,
600018.SH,600018,20251209,91502620,0,8229,A,B,56100,1000,
600018.SH,600018,20251209,91502750,0,8491,A,B,54700,100,
600018.SH,600018,20251209,91502750,0,8616,A,B,53000,18500,
600018.SH,600018,20251209,91502750,0,10137,A,B,55100,1500,
600018.SH,600018,20251209,91502880,0,10489,A,B,54500,1100,
600018.SH,600018,20251209,91502880,0,10838,A,S,57200,300,
600018.SH,600018,20251209,91502880,0,11520,A,B,55000,20000,
600018.SH,600018,20251209,91502880,0,11526,A,S,59000,500,
600018.SH,600018,20251209,91502880,0,11531,A,B,54400,20000,
600018.SH,600018,20251209,91502880,0,11544,A,B,51400,5000,
600018.SH,600018,20251209,91502880,0,11561,A,B,53200,5000,
600018.SH,600018,20251209,91502880,0,11768,A,S,57200,500,
600018.SH,600018,20251209,91502880,0,11769,A,S,60800,500,
600018.SH,600018,20251209,91502880,0,12392,A,S,57600,200,
600018.SH,600018,20251209,91503030,0,12543,A,S,56500,5000,
600018.SH,600018,20251209,91503030,0,12561,A,S,57000,5000,
600018.SH,600018,20251209,91503030,0,12583,A,B,55500,5000,
600018.SH,600018,20251209,91503030,0,12601,A,B,55000,5000,
600018.SH,600018,20251209,91503160,0,14546,A,S,58800,7900,
600018.SH,600018,20251209,91503160,0,14649,A,S,60400,3300,
600018.SH,600018,20251209,91503160,0,15387,A,S,56200,10000,
600018.SH,600018,20251209,91503160,0,15667,A,S,57000,600,
600018.SH,600018,20251209,91503160,0,16194,A,S,58300,100,
600018.SH,600018,20251209,91503280,0,16487,A,S,61700,200,
600018.SH,600018,20251209,91503280,0,16688,A,B,55500,1000,
600018.SH,600018,20251209,91503280,0,17037,A,S,57100,600,
600018.SH,600018,20251209,91503280,0,17162,A,S,58600,400,
600018.SH,600018,20251209,91503340,0,17641,A,S,57500,1000,
600018.SH,600018,20251209,91503340,0,17677,A,S,59300,100,
600018.SH,600018,20251209,91503340,0,17881,A,B,55300,9600,
600018.SH,600018,20251209,91503340,0,17937,A,S,61700,700,
600018.SH,600018,20251209,91503340,0,18282,A,S,58000,800,
600018.SH,600018,20251209,91503340,0,18530,A,B,55800,100000,
600018.SH,600018,20251209,91503340,0,18561,A,S,56500,100000,
600018.SH,600018,20251209,91503340,0,18577,A,S,57200,5000,
600018.SH,600018,20251209,91503340,0,18596,A,S,56600,100000,
600018.SH,600018,20251209,91503340,0,19151,A,B,55300,200,
600018.SH,600018,20251209,91503340,0,19184,A,B,55500,500,
600018.SH,600018,20251209,91503460,0,19349,A,S,58000,500,
600018.SH,600018,20251209,91503460,0,19566,A,S,61700,15000,
600018.SH,600018,20251209,91503460,0,19742,A,S,57600,6000,
600018.SH,600018,20251209,91503460,0,20207,A,B,55600,400,
600018.SH,600018,20251209,91503460,0,20209,A,B,55100,400,
600018.SH,600018,20251209,91503460,0,20370,A,S,56600,3000,
600018.SH,600018,20251209,91503460,0,20386,A,S,57600,3000,
600018.SH,600018,20251209,91503460,0,20590,A,B,55500,700,
600018.SH,600018,20251209,91503460,0,20785,A,S,61700,8000,
600018.SH,600018,20251209,91503460,0,21150,A,B,55700,1000,
600018.SH,600018,20251209,91503460,0,21155,A,B,55500,1000,
600018.SH,600018,20251209,91503460,0,21161,A,B,55200,1000,
600018.SH,600018,20251209,91503460,0,21166,A,B,54800,1000,
600018.SH,600018,20251209,91503460,0,21174,A,B,54500,1000,
600018.SH,600018,20251209,91503460,0,21180,A,B,54200,1000,
600018.SH,600018,20251209,91503590,0,21339,A,B,55600,500,
600018.SH,600018,20251209,91503590,0,21349,A,B,55300,1000,
600018.SH,600018,20251209,91503590,0,21456,A,S,59000,200,
600018.SH,600018,20251209,91503590,0,21486,A,B,54700,100,
600018.SH,600018,20251209,91503590,0,21495,A,S,57500,100,
600018.SH,600018,20251209,91503590,0,21608,A,S,56900,3000,
600018.SH,600018,20251209,91503590,0,22615,A,S,57200,1500,
600018.SH,600018,20251209,91503750,0,23708,A,S,61600,2000,
600018.SH,600018,20251209,91503750,0,23752,A,S,57500,1700,
600018.SH,600018,20251209,91503750,0,23944,A,S,61700,1000,
600018.SH,600018,20251209,91503750,0,24005,A,B,55400,200,
600018.SH,600018,20251209,91503750,0,24015,A,B,55000,800,
600018.SH,600018,20251209,91503750,0,24024,A,S,56400,200,
600018.SH,600018,20251209,91503750,0,24029,A,S,57000,200,
600018.SH,600018,20251209,91503750,0,24101,A,S,56800,3000,
600018.SH,600018,20251209,91503750,0,24570,A,B,55500,1000,
600018.SH,600018,20251209,91503750,0,24609,A,B,54500,1000,
600018.SH,600018,20251209,91503750,0,24610,A,S,57500,1000,
600018.SH,600018,20251209,91503750,0,24630,A,S,58000,1000,
600018.SH,600018,20251209,91503750,0,24646,A,S,58500,1000,
600018.SH,600018,20251209,91503750,0,24647,A,S,59000,1000,
600018.SH,600018,20251209,91503750,0,24730,A,S,58900,1400,
600018.SH,600018,20251209,91503870,0,25458,A,S,57000,200,
600018.SH,600018,20251209,91503870,0,25559,A,S,57500,4600,
600018.SH,600018,20251209,91503870,0,26072,A,S,56000,500,
600018.SH,600018,20251209,91503870,0,26313,A,S,56300,3200,
600018.SH,600018,20251209,91504000,0,27308,A,S,61700,5000,
600018.SH,600018,20251209,91504000,0,27883,A,S,56700,400,
600018.SH,600018,20251209,91504000,0,27902,A,S,58000,282400,
600018.SH,600018,20251209,91504000,0,28256,A,B,56200,5000,
600018.SH,600018,20251209,91504000,0,28261,A,B,56100,5000,
600018.SH,600018,20251209,91504000,0,28262,A,B,56000,40000,
600018.SH,600018,20251209,91504000,0,28263,A,B,55900,50000,
600018.SH,600018,20251209,91504000,0,28269,A,S,57400,1000,
600018.SH,600018,20251209,91504000,0,28283,A,S,58700,1000,
600018.SH,600018,20251209,91504000,0,28301,A,S,58800,1000,
600018.SH,600018,20251209,91504000,0,28302,A,S,58900,1000,
600018.SH,600018,20251209,91504000,0,28405,A,S,56300,50000,
600018.SH,600018,20251209,91504000,0,28418,A,S,56400,50000,
600018.SH,600018,20251209,91504000,0,28433,A,S,56400,50000,
600018.SH,600018,20251209,91504000,0,28434,A,S,56400,50000,
600018.SH,600018,20251209,91504000,0,28446,A,S,56400,50000,
600018.SH,600018,20251209,91504000,0,28448,A,S,58800,1000,
600018.SH,600018,20251209,91504000,0,29023,A,B,55800,7200,
600018.SH,600018,20251209,91504130,0,29624,A,S,57200,10000,
600018.SH,600018,20251209,91504130,0,29728,A,S,61500,1000,
600018.SH,600018,20251209,91504130,0,29936,A,S,57700,1000,
600018.SH,600018,20251209,91504130,0,30261,A,B,55200,7200,
600018.SH,600018,20251209,91504130,0,30572,A,B,55600,47500,
600018.SH,600018,20251209,91504130,0,30948,A,S,61700,10000,
600018.SH,600018,20251209,91504130,0,30949,A,S,59900,5000,
600018.SH,600018,20251209,91504130,0,31102,A,S,57500,5000,
600018.SH,600018,20251209,91504130,0,31103,A,S,58500,3000,
600018.SH,600018,20251209,91504130,0,31187,A,S,60000,200,
600018.SH,600018,20251209,91504260,0,31541,A,S,58200,6000,
600018.SH,600018,20251209,91504260,0,31689,A,S,61700,1100,
600018.SH,600018,20251209,91504260,0,32226,A,B,55600,10000,
600018.SH,600018,20251209,91504260,0,32441,A,B,53100,10000,
600018.SH,600018,20251209,91504260,0,32922,A,B,53500,2000,
600018.SH,600018,20251209,91504380,0,33978,A,S,57200,13000,
600018.SH,600018,20251209,91504380,0,34259,A,S,57500,100,
600018.SH,600018,20251209,91504380,0,34450,A,B,55900,500,
600018.SH,600018,20251209,91504380,0,34457,A,S,56500,10000,
600018.SH,600018,20251209,91504380,0,34465,A,B,55800,500,
600018.SH,600018,20251209,91504380,0,34466,A,B,55700,500,
600018.SH,600018,20251209,91504380,0,34481,A,B,55600,500,
600018.SH,600018,20251209,91504380,0,34492,A,B,55500,1000,
600018.SH,600018,20251209,91504380,0,34509,A,S,56800,1000,
600018.SH,600018,20251209,91504380,0,34526,A,S,57200,1000,
600018.SH,600018,20251209,91504380,0,34655,A,S,56500,5000,
600018.SH,600018,20251209,91504380,0,34670,A,S,56600,10000,
600018.SH,600018,20251209,91504380,0,34689,A,S,56700,10000,
600018.SH,600018,20251209,91504380,0,34721,A,S,56800,10000,
600018.SH,600018,20251209,91504380,0,34754,A,B,50600,2000,
600018.SH,600018,20251209,91504380,0,34770,A,S,56900,10000,
600018.SH,600018,20251209,91504380,0,34779,A,S,57500,1200,
600018.SH,600018,20251209,91504380,0,34787,A,S,57000,10000,
600018.SH,600018,20251209,91504380,0,34824,A,S,57100,20000,
600018.SH,600018,20251209,91504380,0,34848,A,S,57200,20000,
600018.SH,600018,20251209,91504380,0,34849,A,S,57300,20000,
600018.SH,600018,20251209,91504380,0,34863,A,S,57400,20000,
600018.SH,600018,20251209,91504380,0,34880,A,S,57500,20000,
600018.SH,600018,20251209,91504380,0,34925,A,B,55900,5400,
600018.SH,600018,20251209,91504380,0,34943,A,S,56400,5000,
600018.SH,600018,20251209,91504520,0,35397,A,S,61700,5000,
600018.SH,600018,20251209,91504520,0,35462,A,S,61600,2400,
600018.SH,600018,20251209,91504520,0,35712,A,B,54600,4000,
600018.SH,600018,20251209,91504520,0,36029,A,S,61500,600,
600018.SH,600018,20251209,91504520,0,36368,A,B,55500,6000,
600018.SH,600018,20251209,91504520,0,36999,A,S,58100,8000,
600018.SH,600018,20251209,91504520,0,37120,A,S,60400,200,
600018.SH,600018,20251209,91504660,0,37165,A,B,55900,200,
600018.SH,600018,20251209,91504660,0,37878,A,S,58100,1800,
600018.SH,600018,20251209,91504720,0,38020,A,S,58700,2000,
600018.SH,600018,20251209,91504720,0,38021,A,B,53000,2000,
600018.SH,600018,20251209,91504790,0,38959,A,S,61700,2000,
600018.SH,600018,20251209,91504790,0,39075,A,S,59800,2000,
600018.SH,600018,20251209,91504790,0,39242,A,S,61700,1000,
600018.SH,600018,20251209,91504790,0,39694,A,S,56700,3000,
600018.SH,600018,20251209,91504790,0,39786,A,S,57200,3000,
600018.SH,600018,20251209,91504790,0,39821,A,B,55700,15000,
600018.SH,600018,20251209,91504790,0,39833,A,S,56700,15000,
600018.SH,600018,20251209,91504790,0,39869,A,S,61700,10000,
600018.SH,600018,20251209,91504790,0,39935,A,S,56500,5000,
600018.SH,600018,20251209,91504790,0,39939,A,S,56800,5000,
600018.SH,600018,20251209,91504790,0,39942,A,S,57100,5000,
600018.SH,600018,20251209,91504790,0,39943,A,S,57400,5000,
600018.SH,600018,20251209,91504790,0,39947,A,S,57700,5000,
600018.SH,600018,20251209,91504790,0,39954,A,S,58000,5000,
600018.SH,600018,20251209,91504790,0,39957,A,B,55900,5000,
600018.SH,600018,20251209,91504790,0,39958,A,B,55600,5000,
600018.SH,600018,20251209,91504790,0,39963,A,B,55300,5000,
600018.SH,600018,20251209,91504790,0,39970,A,B,55000,5000,
600018.SH,600018,20251209,91504790,0,39971,A,B,54700,5000,
600018.SH,600018,20251209,91504790,0,39976,A,B,54400,5000,
600018.SH,600018,20251209,91504790,0,39978,A,B,54100,5000,
600018.SH,600018,20251209,91504790,0,40500,A,S,61700,1000,
600018.SH,600018,20251209,91504790,0,40573,A,B,54500,300,
600018.SH,600018,20251209,91504790,0,40608,A,B,55700,64600,
600018.SH,600018,20251209,91504790,0,40840,A,S,58200,900,
600018.SH,600018,20251209,91504940,0,40938,A,B,55800,5000,
600018.SH,600018,20251209,91504940,0,41391,A,B,54700,200,
600018.SH,600018,20251209,91504940,0,41410,A,S,57500,200,
600018.SH,600018,20251209,91504940,0,42125,A,B,55600,200,
600018.SH,600018,20251209,91504940,0,42148,A,B,54800,200,
600018.SH,600018,20251209,91504940,0,42163,A,S,56600,200,
600018.SH,600018,20251209,91504940,0,42233,A,S,60000,2000,
600018.SH,600018,20251209,91504940,0,42248,A,S,61700,100,
600018.SH,600018,20251209,91504940,0,42308,A,B,56100,100,
600018.SH,600018,20251209,91504940,0,42572,A,B,55500,2000,
600018.SH,600018,20251209,91505060,0,42919,A,S,57900,600,
600018.SH,600018,20251209,91505060,0,42961,A,S,61200,1000,
600018.SH,600018,20251209,91505060,0,43561,A,S,59000,500,
600018.SH,600018,20251209,91505060,0,43671,A,B,55800,18000,
600018.SH,600018,20251209,91505060,0,43790,A,S,61700,7500,
600018.SH,600018,20251209,91505060,0,43859,A,S,57600,2700,
600018.SH,600018,20251209,91505060,0,44049,A,S,56600,500,
600018.SH,600018,20251209,91505060,0,44258,A,S,56200,10000,
600018.SH,600018,20251209,91505060,0,44259,A,S,56300,10000,
600018.SH,600018,20251209,91505060,0,44444,A,S,56200,200,
600018.SH,600018,20251209,91505060,0,44450,A,S,56800,200,
600018.SH,600018,20251209,91505060,0,44684,A,S,58800,300,
600018.SH,600018,20251209,91505250,0,45343,A,S,61000,3500,
600018.SH,600018,20251209,91505250,0,45618,A,S,58800,100,
600018.SH,600018,20251209,91505250,0,45691,A,S,61000,2500,
600018.SH,600018,20251209,91505250,0,45734,A,S,57500,500,
600018.SH,600018,20251209,91505250,0,45736,A,S,58200,500,
600018.SH,600018,20251209,91505250,0,45792,A,S,59000,500,
600018.SH,600018,20251209,91505250,0,46238,A,S,58900,600,
600018.SH,600018,20251209,91505250,0,46531,A,S,61700,216000,
600018.SH,600018,20251209,91505250,0,46557,A,S,61600,108000,
600018.SH,600018,20251209,91505250,0,46588,A,S,61500,32400,
600018.SH,600018,20251209,91505250,0,46605,A,S,61400,21600,
600018.SH,600018,20251209,91505250,0,46606,A,S,61300,10800,
600018.SH,600018,20251209,91505250,0,46974,A,B,55900,10000,
600018.SH,600018,20251209,91505380,0,47347,A,S,56700,300,
600018.SH,600018,20251209,91505380,0,47356,A,S,58000,200,
600018.SH,600018,20251209,91505380,0,47415,A,B,55500,100000,
600018.SH,600018,20251209,91505390,0,48222,A,B,55500,4000,
600018.SH,600018,20251209,91505390,0,48235,A,B,55500,7200,
600018.SH,600018,20251209,91505530,0,49217,A,S,57500,10000,
600018.SH,600018,20251209,91505530,0,49230,A,S,58000,10000,
600018.SH,600018,20251209,91505530,0,49231,A,S,58500,10000,
600018.SH,600018,20251209,91505530,0,49245,A,S,59000,10000,
600018.SH,600018,20251209,91505530,0,49539,A,S,56800,100,
600018.SH,600018,20251209,91505530,0,50122,A,S,58600,400,
600018.SH,600018,20251209,91505530,0,50163,A,S,61700,300,
600018.SH,600018,20251209,91505530,0,50164,A,B,55200,1000,
600018.SH,600018,20251209,91505530,0,50211,A,S,56500,2000,
600018.SH,600018,20251209,91505530,0,50471,A,S,57200,1800,
600018.SH,600018,20251209,91505660,0,51105,A,S,57500,700,
600018.SH,600018,20251209,91505660,0,51124,A,S,58200,800,
600018.SH,600018,20251209,91505660,0,51128,A,S,58900,800,
600018.SH,600018,20251209,91505660,0,51204,A,S,61500,400,
600018.SH,600018,20251209,91505660,0,51971,A,S,57900,6000,
600018.SH,600018,20251209,91505660,0,52009,A,S,57900,500,
600018.SH,600018,20251209,91505660,0,52030,A,B,55000,4000,
600018.SH,600018,20251209,91505660,0,52044,A,S,57500,10000,
600018.SH,600018,20251209,91505760,0,52481,A,B,55600,178200,
600018.SH,600018,20251209,91505760,0,52732,A,B,54500,6900,
600018.SH,600018,20251209,91505770,0,53066,A,S,58800,900,
600018.SH,600018,20251209,91505770,0,53072,A,S,61000,900,
600018.SH,600018,20251209,91505770,0,53329,A,S,61700,5000,
600018.SH,600018,20251209,91505770,0,53483,A,S,61700,500,
600018.SH,600018,20251209,91505770,0,53492,A,S,57500,500,
600018.SH,600018,20251209,91505770,0,53506,A,B,50500,500,
600018.SH,600018,20251209,91505770,0,53673,A,S,61700,6000,
600018.SH,600018,20251209,91505770,0,53685,A,S,59300,6000,
600018.SH,600018,20251209,91505770,0,53689,A,B,56000,40000,
600018.SH,600018,20251209,91505770,0,53791,A,S,56700,26600,
600018.SH,600018,20251209,91505770,0,53792,A,S,56800,26600,
600018.SH,600018,20251209,91505770,0,53793,A,S,56900,26600,
600018.SH,600018,20251209,91505770,0,53794,A,S,57000,26600,
600018.SH,600018,20251209,91505770,0,53810,A,S,57100,26600,
600018.SH,600018,20251209,91505770,0,53812,A,B,56000,26600,
600018.SH,600018,20251209,91505770,0,53813,A,B,55900,26600,
600018.SH,600018,20251209,91505770,0,53815,A,B,55800,26600,
600018.SH,600018,20251209,91505770,0,53844,A,B,55700,26600,
600018.SH,600018,20251209,91505770,0,53845,A,B,55600,26600,
600018.SH,600018,20251209,91505770,0,54201,A,B,53600,400,
600018.SH,600018,20251209,91505770,0,54224,A,B,51800,100,
600018.SH,600018,20251209,91505910,0,54762,A,S,58800,3100,
600018.SH,600018,20251209,91505910,0,55193,A,B,53500,500,
600018.SH,600018,20251209,91505910,0,55216,A,B,55500,500,
600018.SH,600018,20251209,91505910,0,55235,A,S,57100,5000,
600018.SH,600018,20251209,91505910,0,55680,A,S,56200,11000,
600018.SH,600018,20251209,91505910,0,55681,A,S,56300,13000,
600018.SH,600018,20251209,91505910,0,55721,A,S,56400,16000,
600018.SH,600018,20251209,91505910,0,55945,A,S,56500,18000,
600018.SH,600018,20251209,91505910,0,55947,A,S,56600,21000,
600018.SH,600018,20251209,91505910,0,55948,A,S,56700,29000,
600018.SH,600018,20251209,91505910,0,55949,A,S,56800,28000,
600018.SH,600018,20251209,91505910,0,55950,A,S,56900,30000,
600018.SH,600018,20251209,91505910,0,55976,A,S,57000,28000,
600018.SH,600018,20251209,91505910,0,55977,A,S,57100,22000,
600018.SH,600018,20251209,91505910,0,55978,A,S,57300,20000,
600018.SH,600018,20251209,91505910,0,55979,A,S,57400,20000,
600018.SH,600018,20251209,91505910,0,55980,A,S,57500,20000,
600018.SH,600018,20251209,91506060,0,56989,A,S,59100,20000,
600018.SH,600018,20251209,91506060,0,56990,A,S,60100,20000,
600018.SH,600018,20251209,91506060,0,57720,A,S,59000,1100,
600018.SH,600018,20251209,91506060,0,57972,A,B,55500,500,
600018.SH,600018,20251209,91506210,0,60054,A,B,53200,1900,
600018.SH,600018,20251209,91506210,0,60175,A,S,57800,1000,
600018.SH,600018,20251209,91506350,0,60508,A,S,57500,6000,
600018.SH,600018,20251209,91506350,0,61420,A,S,58900,5000,
600018.SH,600018,20251209,91506350,0,61951,A,S,61200,2000,
600018.SH,600018,20251209,91506350,0,62127,A,S,60000,1000,
600018.SH,600018,20251209,91506350,0,62173,A,S,60300,900,
600018.SH,600018,20251209,91506490,0,62477,A,S,56200,200,
600018.SH,600018,20251209,91506490,0,62770,A,S,57600,1300,
600018.SH,600018,20251209,91506490,0,62882,A,S,57000,2000,
600018.SH,600018,20251209,91506490,0,62917,A,S,61000,500,
600018.SH,600018,20251209,91506490,0,63538,A,S,59100,300,
600018.SH,600018,20251209,91506490,0,63695,A,S,58500,2000,
600018.SH,600018,20251209,91506490,0,63696,A,S,59000,2000,
600018.SH,600018,20251209,91506490,0,63939,A,S,57500,10000,
600018.SH,600018,20251209,91506660,0,64629,A,B,55900,1000,
600018.SH,600018,20251209,91506660,0,64929,A,S,57500,1000,
600018.SH,600018,20251209,91506660,0,65196,A,S,57300,500,
600018.SH,600018,20251209,91506660,0,65262,A,S,61700,10000,
600018.SH,600018,20251209,91506660,0,65267,A,S,60000,3000,
600018.SH,600018,20251209,91506660,0,65690,A,S,57500,1000,
600018.SH,600018,20251209,91506810,0,66349,A,S,61000,400,
600018.SH,600018,20251209,91506810,0,66460,A,B,55000,2000,
600018.SH,600018,20251209,91506810,0,66618,A,B,54500,2000,
600018.SH,600018,20251209,91506810,0,66686,A,S,57000,2000,
600018.SH,600018,20251209,91506810,0,66687,A,S,57500,3100,
600018.SH,600018,20251209,91506880,0,67286,A,B,54700,400,
600018.SH,600018,20251209,91506880,0,67386,A,S,57500,400,
600018.SH,600018,20251209,91506880,0,67449,A,S,61500,100,
600018.SH,600018,20251209,91506990,0,68631,A,S,57500,500,
600018.SH,600018,20251209,91506990,0,68924,A,B,55600,3000,
600018.SH,600018,20251209,91506990,0,68983,A,B,55500,3000,
600018.SH,600018,20251209,91507100,0,69498,A,S,57500,1400,
600018.SH,600018,20251209,91507100,0,69499,A,S,58200,1400,
600018.SH,600018,20251209,91507100,0,70001,A,S,56500,4000,
600018.SH,600018,20251209,91507100,0,70547,A,S,58000,1600,
600018.SH,600018,20251209,91507100,0,70722,A,B,52500,500,
600018.SH,600018,20251209,91507100,0,70723,A,S,57500,400,
600018.SH,600018,20251209,91507100,0,70735,A,S,60000,400,
600018.SH,600018,20251209,91507100,0,70740,A,B,55700,300,
600018.SH,600018,20251209,91507100,0,70741,A,B,54600,24200,
600018.SH,600018,20251209,91507100,0,71199,A,B,55200,10000,
600018.SH,600018,20251209,91507240,0,71475,A,S,61700,1100,
600018.SH,600018,20251209,91507240,0,72019,A,S,57600,300,
600018.SH,600018,20251209,91507240,0,72186,A,S,57500,500,
600018.SH,600018,20251209,91507240,0,72195,A,S,58000,500,
600018.SH,600018,20251209,91507240,0,72867,A,S,61700,3000,
600018.SH,600018,20251209,91507240,0,73091,A,S,57400,200,
600018.SH,600018,20251209,91507240,0,73239,A,S,57200,1000,
600018.SH,600018,20251209,91507240,0,73247,A,B,55500,1000,
600018.SH,600018,20251209,91507390,0,73517,A,S,56200,20000,
600018.SH,600018,20251209,91507390,0,73555,A,B,55800,15900,
600018.SH,600018,20251209,91507390,0,73624,A,S,58500,500,
600018.SH,600018,20251209,91507390,0,73632,A,S,58000,5000,
600018.SH,600018,20251209,91507390,0,73965,A,S,61700,500,
600018.SH,600018,20251209,91507390,0,74071,A,S,59900,1000,
600018.SH,600018,20251209,91507390,0,74453,A,B,54000,1400,
600018.SH,600018,20251209,91507390,0,74492,A,S,56600,200,
600018.SH,600018,20251209,91507390,0,74747,A,S,56400,2000,
600018.SH,600018,20251209,91507390,0,75142,A,S,61600,500,
600018.SH,600018,20251209,91507560,0,76340,A,S,57400,5200,
600018.SH,600018,20251209,91507560,0,76444,A,B,54800,500,
600018.SH,600018,20251209,91507560,0,76528,A,S,56300,20400,
600018.SH,600018,20251209,91507560,0,76529,A,S,56300,20400,
600018.SH,600018,20251209,91507560,0,77033,A,S,60800,200,
600018.SH,600018,20251209,91507560,0,77034,A,B,55600,3000,
600018.SH,600018,20251209,91507700,0,77461,A,B,55700,400,
600018.SH,600018,20251209,91507700,0,77542,A,S,61500,2000,
600018.SH,600018,20251209,91507700,0,77979,A,B,50500,2000,
600018.SH,600018,20251209,91507700,0,78215,A,S,57000,15500,
600018.SH,600018,20251209,91507700,0,78245,A,S,61700,2000,
600018.SH,600018,20251209,91507700,0,78335,A,S,56000,3700,
600018.SH,600018,20251209,91507860,0,79779,A,S,57200,40500,
600018.SH,600018,20251209,91507860,0,79951,A,S,61700,900,
600018.SH,600018,20251209,91507860,0,79982,A,S,59100,900,
600018.SH,600018,20251209,91507860,0,80097,A,B,54200,1000,
600018.SH,600018,20251209,91507860,0,80136,A,B,50500,2000,
600018.SH,600018,20251209,91507860,0,80538,A,S,57000,3000,
600018.SH,600018,20251209,91507860,0,80552,A,B,56000,2900,
600018.SH,600018,20251209,91507860,0,81098,A,S,58100,1000,
600018.SH,600018,20251209,91508000,0,81781,A,B,55600,10000,
600018.SH,600018,20251209,91508000,0,82736,A,S,61700,3000,
600018.SH,600018,20251209,91508120,0,83003,A,S,57200,1200,
600018.SH,600018,20251209,91508120,0,83011,A,S,57700,1500,
600018.SH,600018,20251209,91508120,0,83032,A,S,58400,2000,
600018.SH,600018,20251209,91508120,0,83230,A,S,57500,2700,
600018.SH,600018,20251209,91508120,0,83744,A,S,61700,90000,
600018.SH,600018,20251209,91508120,0,83745,A,B,54700,10000,
600018.SH,600018,20251209,91508120,0,83790,A,B,55900,900,
600018.SH,600018,20251209,91508120,0,83879,A,B,55400,10000,
600018.SH,600018,20251209,91508120,0,84188,A,S,57900,2900,
600018.SH,600018,20251209,91508120,0,84281,A,S,57500,1400,
600018.SH,600018,20251209,91508260,0,85061,A,S,56800,2500,
600018.SH,600018,20251209,91508260,0,85148,A,B,55200,4000,
600018.SH,600018,20251209,91508260,0,85151,A,B,55600,2500,
600018.SH,600018,20251209,91508360,0,85833,A,B,56000,100,
600018.SH,600018,20251209,91508360,0,85857,A,B,55800,100,
600018.SH,600018,20251209,91508360,0,86037,A,S,56600,20000,
600018.SH,600018,20251209,91508420,0,86478,A,S,61700,20000,
600018.SH,600018,20251209,91508420,0,86508,A,S,60400,5400,
600018.SH,600018,20251209,91508520,0,86618,A,S,57300,1000,
600018.SH,600018,20251209,91508550,0,86803,A,S,57500,4400,
600018.SH,600018,20251209,91508550,0,86807,A,S,59000,6600,
600018.SH,600018,20251209,91508550,0,86809,A,S,60500,6600,
600018.SH,600018,20251209,91508550,0,86811,A,S,61700,5200,
600018.SH,600018,20251209,91508550,0,86822,A,B,55000,6000,
600018.SH,600018,20251209,91508620,0,87715,A,S,60800,500,
600018.SH,600018,20251209,91508620,0,87719,A,S,61700,900,
600018.SH,600018,20251209,91508620,0,87722,A,B,55900,8000,
600018.SH,600018,20251209,91508620,0,87767,A,S,61000,800,
600018.SH,600018,20251209,91508620,0,88211,A,S,56600,10000,
600018.SH,600018,20251209,91508620,0,88216,A,S,56900,10000,
600018.SH,600018,20251209,91508620,0,88217,A,S,57400,5000,
600018.SH,600018,20251209,91508620,0,88228,A,S,56800,400,
600018.SH,600018,20251209,91508620,0,88229,A,S,57200,400,
600018.SH,600018,20251209,91508620,0,88230,A,B,55600,400,
600018.SH,600018,20251209,91508620,0,88231,A,B,55100,400,
600018.SH,600018,20251209,91508620,0,88233,A,B,54600,400,
600018.SH,600018,20251209,91508620,0,88242,A,B,55400,800,
600018.SH,600018,20251209,91508700,0,88494,A,S,56500,700,
600018.SH,600018,20251209,91508950,0,90324,A,S,58200,1000,
600018.SH,600018,20251209,91509120,0,91076,A,S,58800,4600,
600018.SH,600018,20251209,91509120,0,91214,A,B,55500,9000,
600018.SH,600018,20251209,91509120,0,91221,A,S,60500,1900,
600018.SH,600018,20251209,91509120,0,91432,A,S,61700,100,
600018.SH,600018,20251209,91509120,0,91612,A,S,61700,500,
600018.SH,600018,20251209,91509120,0,91615,A,S,61200,500,
600018.SH,600018,20251209,91509200,0,92058,A,S,57500,500,
600018.SH,600018,20251209,91509200,0,92062,A,S,58200,500,
600018.SH,600018,20251209,91509200,0,92146,A,S,58900,600,
600018.SH,600018,20251209,91509200,0,92152,A,S,58000,2400,
600018.SH,600018,20251209,91509320,0,92490,A,B,51800,1200,
600018.SH,600018,20251209,91509320,0,92536,A,S,57400,800,
600018.SH,600018,20251209,91509320,0,92587,A,B,55500,300,
600018.SH,600018,20251209,91509320,0,92896,A,S,60000,1700,
600018.SH,600018,20251209,91509320,0,92973,A,S,61700,100,
600018.SH,600018,20251209,91509320,0,92992,A,S,59300,500,
600018.SH,600018,20251209,91509320,0,93025,A,S,58900,1400,
600018.SH,600018,20251209,91509390,0,93116,A,B,54400,6500,
600018.SH,600018,20251209,91509390,0,93122,A,S,57400,1100,
600018.SH,600018,20251209,91509390,0,93169,A,B,55900,1000,
600018.SH,600018,20251209,91509780,0,96082,A,B,54900,800,
600018.SH,600018,20251209,91509780,0,96100,A,S,57900,1600,
600018.SH,600018,20251209,91509840,0,96333,A,B,55800,10000,
600018.SH,600018,20251209,91509840,0,96488,A,S,56600,500,
600018.SH,600018,20251209,91509840,0,96550,A,S,56800,700,
600018.SH,600018,20251209,91509920,0,96826,A,S,57500,600,
600018.SH,600018,20251209,91509920,0,96830,A,S,58500,600,
600018.SH,600018,20251209,91509920,0,96831,A,B,55500,600,
600018.SH,600018,20251209,91509920,0,96875,A,S,57500,2500,
600018.SH,600018,20251209,91509970,0,97290,A,S,56500,400,
600018.SH,600018,20251209,91510020,0,97527,A,B,56000,200,
600018.SH,600018,20251209,91510020,0,97528,A,B,55600,200,
600018.SH,600018,20251209,91510020,0,97795,A,B,55200,200,
600018.SH,600018,20251209,91510120,0,98445,A,S,60000,1000,
600018.SH,600018,20251209,91510160,0,98686,A,B,55700,5300,
600018.SH,600018,20251209,91510290,0,99232,A,S,58100,1100,
600018.SH,600018,20251209,91510290,0,99252,A,B,54400,500,
600018.SH,600018,20251209,91510320,0,99548,A,B,55100,200,
600018.SH,600018,20251209,91510320,0,99549,A,S,57100,600,
600018.SH,600018,20251209,91510320,0,99552,A,S,60700,100,
600018.SH,600018,20251209,91510320,0,99553,A,S,59900,300,
600018.SH,600018,20251209,91510320,0,99628,A,S,59300,200,
600018.SH,600018,20251209,91510320,0,99876,A,S,61700,100,
600018.SH,600018,20251209,91510320,0,100432,A,S,56500,8200,
600018.SH,600018,20251209,91510320,0,101038,A,S,58800,1000,
600018.SH,600018,20251209,91510480,0,101390,A,B,56100,2000,
600018.SH,600018,20251209,91510480,0,101589,A,S,61700,30000,
600018.SH,600018,20251209,91510530,0,101917,A,S,60000,100,
600018.SH,600018,20251209,91510530,0,101918,A,S,58000,100,
600018.SH,600018,20251209,91510530,0,102148,A,B,55800,1100,
600018.SH,600018,20251209,91510530,0,102320,A,S,58000,1000,
600018.SH,600018,20251209,91510530,0,102321,A,S,58500,1000,
600018.SH,600018,20251209,91510530,0,102327,A,S,59000,1000,
600018.SH,600018,20251209,91510530,0,102675,A,S,57500,500,
600018.SH,600018,20251209,91510530,0,102768,A,S,58200,2200,
600018.SH,600018,20251209,91510530,0,102950,A,B,55200,8300,
600018.SH,600018,20251209,91510640,0,103211,A,S,57600,3000,
600018.SH,600018,20251209,91510640,0,103236,A,B,55600,3000,
600018.SH,600018,20251209,91510640,0,103333,A,B,52500,1200,
600018.SH,600018,20251209,91510640,0,103912,A,S,57500,1200,
600018.SH,600018,20251209,91510640,0,103913,A,S,58200,1200,
600018.SH,600018,20251209,91510640,0,103914,A,S,58900,1200,
600018.SH,600018,20251209,91510640,0,103933,A,S,58000,1000,
600018.SH,600018,20251209,91510640,0,103934,A,S,58500,500,
600018.SH,600018,20251209,91510640,0,103940,A,B,54800,1000,
600018.SH,600018,20251209,91510640,0,104110,A,S,59500,500,
600018.SH,600018,20251209,91510640,0,104111,A,S,60500,500,
600018.SH,600018,20251209,91510640,0,104329,A,S,61600,1000,
600018.SH,600018,20251209,91510640,0,104377,A,S,61700,1700,
600018.SH,600018,20251209,91510640,0,104495,A,B,54000,3700,
600018.SH,600018,20251209,91510640,0,104502,A,S,59800,3400,
600018.SH,600018,20251209,91510640,0,104650,A,B,52100,2000,
600018.SH,600018,20251209,91510770,0,105036,A,S,57500,2000,
600018.SH,600018,20251209,91510770,0,105037,A,S,58000,2000,
600018.SH,600018,20251209,91510770,0,105197,A,S,56700,7000,
600018.SH,600018,20251209,91510770,0,105994,A,S,58800,800,
600018.SH,600018,20251209,91510770,0,106169,A,S,57800,3000,
600018.SH,600018,20251209,91510770,0,106170,A,S,58400,3000,
600018.SH,600018,20251209,91510770,0,106172,A,S,59000,3000,
600018.SH,600018,20251209,91510770,0,106226,A,B,55500,16000,
600018.SH,600018,20251209,91510770,0,106265,A,B,55500,2000,
600018.SH,600018,20251209,91510770,0,106266,A,B,54000,2000,
600018.SH,600018,20251209,91510770,0,106387,A,B,56000,100,
600018.SH,600018,20251209,91510910,0,106936,A,S,59600,3000,
600018.SH,600018,20251209,91510910,0,106937,A,B,55900,3000,
600018.SH,600018,20251209,91510910,0,106938,A,B,55300,3000,
600018.SH,600018,20251209,91510910,0,106939,A,B,54700,3000,
600018.SH,600018,20251209,91510910,0,106983,A,S,59100,5100,
600018.SH,600018,20251209,91510910,0,106993,A,B,53200,5100,
600018.SH,600018,20251209,91510910,0,107254,A,S,57300,200,
600018.SH,600018,20251209,91510910,0,107543,A,S,59700,3600,
600018.SH,600018,20251209,91510910,0,107556,A,S,61500,500,
600018.SH,600018,20251209,91510910,0,107674,A,S,56700,13500,
600018.SH,600018,20251209,91510910,0,107739,A,S,58800,500,
600018.SH,600018,20251209,91510910,0,108621,A,S,56600,2000,
600018.SH,600018,20251209,91510910,0,108663,A,B,56000,2000,
600018.SH,600018,20251209,91511080,0,108722,A,B,55700,100,
600018.SH,600018,20251209,91511080,0,108726,A,B,55300,100,
600018.SH,600018,20251209,91511080,0,108742,A,S,56500,100,
600018.SH,600018,20251209,91511080,0,109194,A,S,60900,4000,
600018.SH,600018,20251209,91511080,0,109287,A,B,51600,2000,
600018.SH,600018,20251209,91511080,0,109369,A,B,56000,2000,
600018.SH,600018,20251209,91511080,0,109726,A,B,57700,100,
600018.SH,600018,20251209,91511080,0,110076,A,S,57500,1000,
600018.SH,600018,20251209,91511080,0,110077,A,B,55000,1000,
600018.SH,600018,20251209,91511080,0,110561,A,S,56800,2400,
600018.SH,600018,20251209,91511250,0,110665,A,B,55100,500,
600018.SH,600018,20251209,91511250,0,110666,A,B,54100,500,
600018.SH,600018,20251209,91511250,0,111090,A,B,55100,5000,
600018.SH,600018,20251209,91511250,0,111119,A,S,57500,10000,
600018.SH,600018,20251209,91511250,0,111120,A,S,59900,10000,
600018.SH,600018,20251209,91511250,0,111121,A,S,61700,10000,
600018.SH,600018,20251209,91511250,0,111163,A,B,55600,300,
600018.SH,600018,20251209,91511250,0,111165,A,B,55100,500,
600018.SH,600018,20251209,91511430,0,112617,A,S,59500,200,
600018.SH,600018,20251209,91511430,0,112699,A,S,58200,1400,
600018.SH,600018,20251209,91511430,0,112721,A,S,57000,1000,
600018.SH,600018,20251209,91511430,0,112967,A,B,55800,15000,
600018.SH,600018,20251209,91511430,0,113105,A,S,57600,7200,
600018.SH,600018,20251209,91511430,0,113126,A,B,55600,15000,
600018.SH,600018,20251209,91511430,0,113152,A,S,56800,15000,
600018.SH,600018,20251209,91511430,0,113153,A,S,57100,15000,
600018.SH,600018,20251209,91511430,0,113431,A,S,56900,60000,
600018.SH,600018,20251209,91511430,0,113439,A,S,59500,1500,
600018.SH,600018,20251209,91511430,0,113454,A,S,59500,2000,
600018.SH,600018,20251209,91511430,0,113763,A,S,61500,200,
600018.SH,600018,20251209,91511430,0,113764,A,S,59600,200,
600018.SH,600018,20251209,91511430,0,113767,A,S,58200,200,
600018.SH,600018,20251209,91511430,0,113881,A,B,52600,100,
600018.SH,600018,20251209,91511430,0,113945,A,S,58200,3700,
600018.SH,600018,20251209,91511430,0,114233,A,B,53100,200,
600018.SH,600018,20251209,91511600,0,114638,A,S,61100,100,
600018.SH,600018,20251209,91511600,0,114888,A,B,55800,30100,
600018.SH,600018,20251209,91511600,0,115015,A,B,52000,2000,
600018.SH,600018,20251209,91511600,0,116235,A,S,61300,500,
600018.SH,600018,20251209,91511760,0,117003,A,B,54400,2900,
600018.SH,600018,20251209,91511760,0,117128,A,S,58900,6000,
600018.SH,600018,20251209,91511760,0,117309,A,S,58800,5000,
600018.SH,600018,20251209,91511760,0,117911,A,S,57600,10000,
600018.SH,600018,20251209,91511760,0,117925,A,S,58900,4000,
600018.SH,600018,20251209,91511760,0,118139,A,S,59900,2500,
600018.SH,600018,20251209,91511930,0,118612,A,B,54000,100,
600018.SH,600018,20251209,91511930,0,118763,A,S,56700,200,
600018.SH,600018,20251209,91511930,0,118978,A,S,56100,200,
600018.SH,600018,20251209,91511930,0,119200,A,S,57200,40000,
600018.SH,600018,20251209,91511930,0,119267,A,S,57500,1800,
600018.SH,600018,20251209,91511930,0,119268,A,S,58200,1800,
600018.SH,600018,20251209,91511930,0,119417,A,S,59000,500,
600018.SH,600018,20251209,91511930,0,119424,A,S,60800,500,
600018.SH,600018,20251209,91511930,0,119525,A,S,61700,2000,
600018.SH,600018,20251209,91511930,0,119641,A,B,54500,50000,
600018.SH,600018,20251209,91511930,0,119745,A,S,57500,2000,
600018.SH,600018,20251209,91511930,0,119848,A,B,52100,4100,
600018.SH,600018,20251209,91511930,0,120138,A,S,56500,66800,
600018.SH,600018,20251209,91512100,0,120840,A,S,57500,500,
600018.SH,600018,20251209,91512100,0,120918,A,B,54500,1000,
600018.SH,600018,20251209,91512100,0,120919,A,S,61700,500,
600018.SH,600018,20251209,91512100,0,121210,A,S,56300,300,
600018.SH,600018,20251209,91512100,0,121211,A,S,56500,300,
600018.SH,600018,20251209,91512100,0,121234,A,S,56300,24000,
600018.SH,600018,20251209,91512100,0,121346,A,B,55900,1000,
600018.SH,600018,20251209,91512250,0,122437,A,S,57900,10000,
600018.SH,600018,20251209,91512250,0,122532,A,B,54500,2000,
600018.SH,600018,20251209,91512250,0,122622,A,S,58900,1800,
600018.SH,600018,20251209,91512250,0,122629,A,B,50500,1000,
600018.SH,600018,20251209,91512250,0,123778,A,B,55000,1000,
600018.SH,600018,20251209,91512250,0,123826,A,B,55000,2000,
600018.SH,600018,20251209,91512250,0,124109,A,S,57400,2000,
600018.SH,600018,20251209,91512430,0,124343,A,B,54000,1000,
600018.SH,600018,20251209,91512430,0,124344,A,B,53500,1000,
600018.SH,600018,20251209,91512430,0,124345,A,B,53000,1000,
600018.SH,600018,20251209,91512430,0,125306,A,S,57600,100,
600018.SH,600018,20251209,91512430,0,125534,A,B,55800,7000,
600018.SH,600018,20251209,91512430,0,125552,A,B,55700,7000,
600018.SH,600018,20251209,91512430,0,125555,A,S,56800,7000,
600018.SH,600018,20251209,91512430,0,125556,A,B,55700,7000,
600018.SH,600018,20251209,91512430,0,125557,A,B,55700,8000,
600018.SH,600018,20251209,91512430,0,125557,D,B,55700,8000,
600018.SH,600018,20251209,91512430,0,125579,A,B,55700,10000,
600018.SH,600018,20251209,91512430,0,125580,A,B,55800,7000,
600018.SH,600018,20251209,91512430,0,125582,A,B,55600,10000,
600018.SH,600018,20251209,91512430,0,122629,D,B,50500,1000,
600018.SH,600018,20251209,91512430,0,126150,A,S,61700,800,
600018.SH,600018,20251209,91512600,0,126571,A,B,56000,5000,
600018.SH,600018,20251209,91512600,0,126578,A,B,55900,5000,
600018.SH,600018,20251209,91512600,0,126854,A,B,55600,8000,
600018.SH,600018,20251209,91512600,0,126884,A,S,61700,1000,
600018.SH,600018,20251209,91512600,0,127012,A,B,55100,25000,
600018.SH,600018,20251209,91512600,0,127534,A,S,56300,200,
600018.SH,600018,20251209,91512600,0,127535,A,S,56700,200,
600018.SH,600018,20251209,91512600,0,127536,A,B,55800,200,
600018.SH,600018,20251209,91512600,0,127798,A,B,55200,100,
600018.SH,600018,20251209,91512600,0,127822,A,B,55400,200,
600018.SH,600018,20251209,91512600,0,127978,A,S,61000,200,
600018.SH,600018,20251209,91512600,0,127981,A,S,59100,200,
600018.SH,600018,20251209,91512600,0,127986,A,B,54500,400,
600018.SH,600018,20251209,91512600,0,128096,A,S,56600,17300,
600018.SH,600018,20251209,91512780,0,128299,A,B,55900,200,
600018.SH,600018,20251209,91512780,0,128317,A,S,58700,100,
600018.SH,600018,20251209,91512780,0,128595,A,B,54200,1500,
600018.SH,600018,20251209,91512780,0,128821,A,B,55600,8800,
600018.SH,600018,20251209,91512880,0,129289,A,S,58600,200,
600018.SH,600018,20251209,91512880,0,129524,A,S,60000,500,
600018.SH,600018,20251209,91512880,0,129750,A,B,51600,800,
600018.SH,600018,20251209,91512880,0,129765,A,S,57100,35000,
600018.SH,600018,20251209,91512880,0,129937,A,S,57500,500,
600018.SH,600018,20251209,91512880,0,129940,A,S,58200,500,
600018.SH,600018,20251209,91512880,0,129988,A,S,57400,200,
600018.SH,600018,20251209,91512880,0,129989,A,S,57000,100,
600018.SH,600018,20251209,91512990,0,130243,A,B,56000,10000,
600018.SH,600018,20251209,91512990,0,130376,A,B,55200,1200,
600018.SH,600018,20251209,91512990,0,130626,A,S,56800,10000,
600018.SH,600018,20251209,91512990,0,131126,A,S,57500,7400,
600018.SH,600018,20251209,91512990,0,131127,A,S,58200,7400,
600018.SH,600018,20251209,91512990,0,131128,A,S,58900,7400,
600018.SH,600018,20251209,91512990,0,131266,A,B,53900,18500,
600018.SH,600018,20251209,91512990,0,131424,A,S,57000,600,
600018.SH,600018,20251209,91512990,0,131425,A,B,55300,600,
600018.SH,600018,20251209,91512990,0,131700,A,S,60900,1000,
600018.SH,600018,20251209,91512990,0,131796,A,B,54200,100,
600018.SH,600018,20251209,91512990,0,131926,A,S,61700,1000,
600018.SH,600018,20251209,91513160,0,131978,A,B,55600,10000,
600018.SH,600018,20251209,91513160,0,131979,A,S,57600,10000,
600018.SH,600018,20251209,91513160,0,132230,A,B,51800,5000,
600018.SH,600018,20251209,91513210,0,132752,A,B,54500,400,
600018.SH,600018,20251209,91513210,0,132753,A,S,57500,400,
600018.SH,600018,20251209,91513210,0,133027,A,S,61700,100,
600018.SH,600018,20251209,91513210,0,133707,A,S,58000,100,
600018.SH,600018,20251209,91513210,0,133721,A,S,60000,100,
600018.SH,600018,20251209,91513210,0,133788,A,B,53800,200,
600018.SH,600018,20251209,91513210,0,133999,A,S,56800,6000,
600018.SH,600018,20251209,91513390,0,135033,A,B,50900,300,
600018.SH,600018,20251209,91513390,0,135034,A,S,59100,300,
600018.SH,600018,20251209,91513500,0,135459,A,S,59700,2400,
600018.SH,600018,20251209,91513500,0,135489,A,B,54800,1000,
600018.SH,600018,20251209,91513500,0,135994,A,B,55700,3000,
600018.SH,600018,20251209,91513500,0,136591,A,B,55000,1000,
600018.SH,600018,20251209,91513500,0,136903,A,S,61000,500,
600018.SH,600018,20251209,91513500,0,137190,A,B,53100,18900,
600018.SH,600018,20251209,91513660,0,137318,A,S,61700,3000,
600018.SH,600018,20251209,91513660,0,137325,A,B,53000,2000,
600018.SH,600018,20251209,91513660,0,137398,A,B,55900,2000,
600018.SH,600018,20251209,91513660,0,138508,A,S,61700,100,
600018.SH,600018,20251209,91513850,0,140177,A,B,50700,200,
600018.SH,600018,20251209,91513850,0,140214,A,S,56400,900,
600018.SH,600018,20251209,91514040,0,141357,A,S,61700,100,
600018.SH,600018,20251209,91514040,0,141683,A,B,53500,1000,
600018.SH,600018,20251209,91514040,0,141724,A,S,59000,900,
600018.SH,600018,20251209,91514040,0,142369,A,S,61300,200,
600018.SH,600018,20251209,91514160,0,142748,A,S,57000,10000,
600018.SH,600018,20251209,91514160,0,142757,A,S,57400,20000,
600018.SH,600018,20251209,91514160,0,142775,A,B,55600,10000,
600018.SH,600018,20251209,91514160,0,143155,A,B,54500,11600,
600018.SH,600018,20251209,91514160,0,143193,A,B,53000,1000,
600018.SH,600018,20251209,91514160,0,143377,A,S,56500,2000,
600018.SH,600018,20251209,91514160,0,143462,A,S,57800,6000,
600018.SH,600018,20251209,91514310,0,144669,A,B,55700,900,
600018.SH,600018,20251209,91514310,0,145224,A,S,61700,1100,
600018.SH,600018,20251209,91514310,0,145481,A,S,59300,100,
600018.SH,600018,20251209,91514310,0,145710,A,B,55800,15000,
600018.SH,600018,20251209,91514310,0,145716,A,B,55600,15000,
600018.SH,600018,20251209,91514310,0,145723,A,S,56800,15000,
600018.SH,600018,20251209,91514310,0,145724,A,S,57100,15000,
600018.SH,600018,20251209,91514310,0,145727,A,S,61700,1800,
600018.SH,600018,20251209,91514310,0,146084,A,S,55000,500,
600018.SH,600018,20251209,91514310,0,146119,A,B,55500,5000,
600018.SH,600018,20251209,91514500,0,146451,A,B,56000,500,
600018.SH,600018,20251209,91514500,0,146960,A,S,57800,12000,
600018.SH,600018,20251209,91514500,0,146961,A,B,56000,10000,
600018.SH,600018,20251209,91514500,0,148030,A,S,59000,1500,
600018.SH,600018,20251209,91514670,0,148392,A,S,57900,8200,
600018.SH,600018,20251209,91514670,0,148393,A,S,58900,8000,
600018.SH,600018,20251209,91514670,0,148671,A,S,59800,8000,
600018.SH,600018,20251209,91514670,0,149016,A,B,55000,70000,
600018.SH,600018,20251209,91514670,0,149229,A,S,56600,200,
600018.SH,600018,20251209,91514670,0,149404,A,S,61700,500,
600018.SH,600018,20251209,91514670,0,149453,A,S,61700,8500,
600018.SH,600018,20251209,91514670,0,149560,A,S,57400,5000,
600018.SH,600018,20251209,91514670,0,150165,A,B,55100,3000,
600018.SH,600018,20251209,91514670,0,150312,A,B,54500,3000,
600018.SH,600018,20251209,91514670,0,150327,A,S,61000,1200,
600018.SH,600018,20251209,91514850,0,150339,A,S,59400,6900,
600018.SH,600018,20251209,91514850,0,150340,A,B,53600,6900,
600018.SH,600018,20251209,91514850,0,151059,A,S,57200,500,
600018.SH,600018,20251209,91514850,0,151395,A,S,57200,500,
600018.SH,600018,20251209,91514850,0,151495,A,S,57200,500,
600018.SH,600018,20251209,91514850,0,151548,A,B,55200,100,
600018.SH,600018,20251209,91514850,0,152192,A,B,55200,1000,
600018.SH,600018,20251209,91515040,0,152841,A,S,57300,2000,
600018.SH,600018,20251209,91515040,0,152843,A,S,56900,1000,
600018.SH,600018,20251209,91515040,0,152845,A,S,61700,20000,
600018.SH,600018,20251209,91515040,0,152851,A,B,55800,1000,
600018.SH,600018,20251209,91515040,0,152852,A,B,55600,2000,
600018.SH,600018,20251209,91515040,0,152863,A,B,55100,3000,
600018.SH,600018,20251209,91515040,0,153290,A,B,55500,100000,
600018.SH,600018,20251209,91515040,0,153462,A,S,58100,3000,
600018.SH,600018,20251209,91515040,0,153484,A,B,53400,1000,
600018.SH,600018,20251209,91515040,0,153491,A,S,59500,1000,
600018.SH,600018,20251209,91515040,0,153564,A,B,50500,1000,
600018.SH,600018,20251209,91515040,0,153752,A,S,61700,2800,
600018.SH,600018,20251209,91515040,0,153768,A,B,52800,1900,
600018.SH,600018,20251209,91515260,0,154283,A,S,59000,500,
600018.SH,600018,20251209,91515260,0,154451,A,B,56000,1000,
600018.SH,600018,20251209,91515260,0,154678,A,B,55800,200,
600018.SH,600018,20251209,91515260,0,154679,A,B,55200,200,
600018.SH,600018,20251209,91515260,0,154858,A,S,56900,200,
600018.SH,600018,20251209,91515260,0,154860,A,S,57100,200,
600018.SH,600018,20251209,91515260,0,154861,A,S,57300,200,
600018.SH,600018,20251209,91515260,0,154866,A,S,57500,200,
600018.SH,600018,20251209,91515260,0,155576,A,S,57500,1600,
600018.SH,600018,20251209,91515260,0,155923,A,S,57500,400,
600018.SH,600018,20251209,91515260,0,155924,A,S,57600,200,
600018.SH,600018,20251209,91515260,0,155925,A,S,57600,200,
600018.SH,600018,20251209,91515260,0,155939,A,B,55800,400,
600018.SH,600018,20251209,91515260,0,155941,A,B,55600,400,
600018.SH,600018,20251209,91515260,0,155945,A,B,55400,400,
600018.SH,600018,20251209,91515430,0,156361,A,B,53600,6000,
600018.SH,600018,20251209,91515430,0,156645,A,B,56100,100,
600018.SH,600018,20251209,91515430,0,156748,A,S,61500,2000,
600018.SH,600018,20251209,91515430,0,156758,A,S,59100,2000,
600018.SH,600018,20251209,91515430,0,156768,A,S,56500,500,
600018.SH,600018,20251209,91515430,0,157328,A,B,55500,10000,
600018.SH,600018,20251209,91515430,0,157379,A,S,56200,200,
600018.SH,600018,20251209,91515430,0,157380,A,S,56400,300,
600018.SH,600018,20251209,91515430,0,157452,A,S,56600,200,
600018.SH,600018,20251209,91515430,0,157506,A,S,57500,10000,
600018.SH,600018,20251209,91515430,0,157566,A,S,61700,2000,
600018.SH,600018,20251209,91515430,0,157668,A,S,56200,100,
600018.SH,600018,20251209,91515430,0,157677,A,S,56600,100,
600018.SH,600018,20251209,91515430,0,157755,A,S,60600,2000,
600018.SH,600018,20251209,91515430,0,157764,A,S,56800,1800,
600018.SH,600018,20251209,91515430,0,158053,A,S,60500,600,
600018.SH,600018,20251209,91515590,0,158080,A,B,55600,1800,
600018.SH,600018,20251209,91515590,0,158638,A,B,55100,1800,
600018.SH,600018,20251209,91515590,0,158653,A,B,55800,3500,
600018.SH,600018,20251209,91515590,0,158655,A,B,55500,3500,
600018.SH,600018,20251209,91515590,0,158732,A,S,56400,500,
600018.SH,600018,20251209,91515590,0,159469,A,B,55500,3100,
600018.SH,600018,20251209,91515770,0,160005,A,S,58900,500,
600018.SH,600018,20251209,91515770,0,160317,A,S,56800,1000,
600018.SH,600018,20251209,91515770,0,160358,A,S,57500,100,
600018.SH,600018,20251209,91515770,0,160363,A,S,58000,100,
600018.SH,600018,20251209,91515770,0,160406,A,B,56100,100,
600018.SH,600018,20251209,91515770,0,160488,A,S,58000,15000,
600018.SH,600018,20251209,91515770,0,160489,A,S,59000,20000,
600018.SH,600018,20251209,91515770,0,161389,A,S,56900,1000,
600018.SH,600018,20251209,91515770,0,161424,A,B,55800,9000,
600018.SH,600018,20251209,91515770,0,161744,A,S,57000,1000,
600018.SH,600018,20251209,91515950,0,162150,A,S,56600,10000,
600018.SH,600018,20251209,91515950,0,162803,A,S,59600,1000,
600018.SH,600018,20251209,91515950,0,162804,A,S,60800,1000,
600018.SH,600018,20251209,91515950,0,163080,A,S,59200,700,
600018.SH,600018,20251209,91515950,0,163275,A,S,58000,2000,
600018.SH,600018,20251209,91516100,0,163402,A,S,56400,5000,
600018.SH,600018,20251209,91516100,0,163403,A,S,56600,5000,
600018.SH,600018,20251209,91516100,0,163506,A,B,55000,2000,
600018.SH,600018,20251209,91516100,0,164346,A,S,57500,8900,
600018.SH,600018,20251209,91516100,0,164347,A,S,57500,17700,
600018.SH,600018,20251209,91516100,0,164432,A,S,59000,1000,
600018.SH,600018,20251209,91516100,0,164528,A,S,59200,1000,
600018.SH,600018,20251209,91516100,0,164530,A,S,61600,1000,
600018.SH,600018,20251209,91516100,0,164554,A,S,58100,400,
600018.SH,600018,20251209,91516100,0,164595,A,B,55900,300,
600018.SH,600018,20251209,91516100,0,164874,A,B,55500,800,
600018.SH,600018,20251209,91516100,0,165130,A,S,60000,400,
600018.SH,600018,20251209,91516100,0,165143,A,S,59200,1000,
600018.SH,600018,20251209,91516100,0,165144,A,S,59600,1000,
600018.SH,600018,20251209,91516100,0,165145,A,S,60200,1000,
600018.SH,600018,20251209,91516290,0,165355,A,S,60800,1000,
600018.SH,600018,20251209,91516290,0,165357,A,S,61200,1000,
600018.SH,600018,20251209,91516290,0,165508,A,S,61600,1000,
600018.SH,600018,20251209,91516290,0,165575,A,S,61200,2000,
600018.SH,600018,20251209,91516290,0,165754,A,B,55500,1000,
600018.SH,600018,20251209,91516290,0,165994,A,S,56500,3500,
600018.SH,600018,20251209,91516290,0,166019,A,S,56400,100,
600018.SH,600018,20251209,91516290,0,166357,A,B,55600,10000,
600018.SH,600018,20251209,91516290,0,166492,A,S,56600,500,
600018.SH,600018,20251209,91516290,0,166494,A,B,55700,600,
600018.SH,600018,20251209,91516290,0,166619,A,B,55500,100,
600018.SH,600018,20251209,91516290,0,166708,A,S,61700,1400,
600018.SH,600018,20251209,91516500,0,167428,A,B,54100,500,
600018.SH,600018,20251209,91516570,0,167841,A,S,61700,1800,
600018.SH,600018,20251209,91516570,0,168573,A,B,53500,1000,
600018.SH,600018,20251209,91516570,0,168784,A,S,57500,2200,
600018.SH,600018,20251209,91516570,0,168788,A,S,58200,2200,
600018.SH,600018,20251209,91516570,0,168789,A,S,58900,2200,
600018.SH,600018,20251209,91516570,0,169164,A,S,59900,300,
600018.SH,600018,20251209,91516570,0,169191,A,S,61700,1400,
600018.SH,600018,20251209,91516570,0,169233,A,S,57500,100,
600018.SH,600018,20251209,91516750,0,169762,A,S,57100,400,
600018.SH,600018,20251209,91516750,0,169912,A,B,56100,100,
600018.SH,600018,20251209,91516750,0,170019,A,B,50500,300,
600018.SH,600018,20251209,91516800,0,170066,A,B,53000,300,
600018.SH,600018,20251209,91516800,0,170469,A,S,57500,900,
600018.SH,600018,20251209,91516800,0,170470,A,S,58200,900,
600018.SH,600018,20251209,91516800,0,170474,A,S,58900,900,
600018.SH,600018,20251209,91517030,0,173195,A,S,57600,1000,
600018.SH,600018,20251209,91517030,0,173221,A,S,57500,2000,
600018.SH,600018,20251209,91517170,0,173582,A,B,55000,18000,
600018.SH,600018,20251209,91517170,0,173660,A,B,50500,1000,
600018.SH,600018,20251209,91517170,0,174585,A,B,55700,1000,
600018.SH,600018,20251209,91517170,0,175042,A,S,61500,500,
600018.SH,600018,20251209,91517350,0,175428,A,S,59800,500,
600018.SH,600018,20251209,91517350,0,175429,A,S,61700,1000,
600018.SH,600018,20251209,91517350,0,175432,A,S,60800,500,
600018.SH,600018,20251209,91517350,0,175434,A,S,61600,500,
600018.SH,600018,20251209,91517350,0,175587,A,S,57500,600,
600018.SH,600018,20251209,91517350,0,175924,A,B,52000,600,
600018.SH,600018,20251209,91517350,0,176147,A,S,60900,500,
600018.SH,600018,20251209,91517350,0,176148,A,S,59500,300,
600018.SH,600018,20251209,91517350,0,176462,A,B,56100,20000,
600018.SH,600018,20251209,91517350,0,176838,A,S,61200,8900,
600018.SH,600018,20251209,91517350,0,176839,A,S,59400,17300,
600018.SH,600018,20251209,91517350,0,177054,A,S,58200,1000,
600018.SH,600018,20251209,91517350,0,177055,A,B,51500,2000,
600018.SH,600018,20251209,91517520,0,177394,A,S,60000,500,
600018.SH,600018,20251209,91517520,0,177615,A,S,61400,500,
600018.SH,600018,20251209,91517520,0,177715,A,S,58000,800,
600018.SH,600018,20251209,91517520,0,178187,A,S,61700,300,
600018.SH,600018,20251209,91517520,0,178739,A,S,61700,3000,
600018.SH,600018,20251209,91517520,0,178774,A,S,57500,2000,
600018.SH,600018,20251209,91517520,0,178776,A,B,55200,3000,
600018.SH,600018,20251209,91517520,0,178902,A,S,59600,200,
600018.SH,600018,20251209,91517520,0,178903,A,S,60600,200,
600018.SH,600018,20251209,91517520,0,178910,A,S,61700,500,
600018.SH,600018,20251209,91517520,0,179008,A,S,59900,100,
600018.SH,600018,20251209,91517520,0,179037,A,B,56000,10000,
600018.SH,600018,20251209,91517520,0,179038,A,B,55900,10000,
600018.SH,600018,20251209,91517710,0,179307,A,B,55800,10000,
600018.SH,600018,20251209,91517710,0,179594,A,S,57800,2000,
600018.SH,600018,20251209,91517710,0,179662,A,S,56200,10000,
600018.SH,600018,20251209,91517710,0,179663,A,S,56400,21500,
600018.SH,600018,20251209,91517710,0,179671,A,S,59000,2000,
600018.SH,600018,20251209,91517710,0,179708,A,B,55700,10000,
600018.SH,600018,20251209,91517710,0,179715,A,B,55600,10000,
600018.SH,600018,20251209,91517710,0,179722,A,B,55500,10000,
600018.SH,600018,20251209,91517710,0,179723,A,B,55400,8000,
600018.SH,600018,20251209,91517710,0,179724,A,B,55300,8000,
600018.SH,600018,20251209,91517710,0,179762,A,B,55200,8000,
600018.SH,600018,20251209,91517710,0,179770,A,B,55100,8000,
600018.SH,600018,20251209,91517710,0,179771,A,B,55000,8000,
600018.SH,600018,20251209,91517710,0,179880,A,B,54400,1000,
600018.SH,600018,20251209,91517710,0,179889,A,S,60000,1000,
600018.SH,600018,20251209,91517710,0,180057,A,S,61500,7300,
600018.SH,600018,20251209,91517710,0,180442,A,B,55300,700,
600018.SH,600018,20251209,91517710,0,180825,A,S,61700,10000,
600018.SH,600018,20251209,91517890,0,181146,A,S,59200,600,
600018.SH,600018,20251209,91517890,0,181805,A,B,55800,700,
600018.SH,600018,20251209,91517890,0,182145,A,S,56700,10000,
600018.SH,600018,20251209,91517890,0,182314,A,B,55700,10000,
600018.SH,600018,20251209,91517890,0,182357,A,S,61700,8800,
600018.SH,600018,20251209,91518090,0,183106,A,S,57900,1100,
600018.SH,600018,20251209,91518090,0,183136,A,B,55600,1000,
600018.SH,600018,20251209,91518090,0,183151,A,B,55600,3000,
600018.SH,600018,20251209,91518090,0,183274,A,S,57900,2000,
600018.SH,600018,20251209,91518090,0,183354,A,B,55000,6000,
600018.SH,600018,20251209,91518090,0,183398,A,S,60000,15000,
600018.SH,600018,20251209,91518090,0,183399,A,S,60000,15000,
600018.SH,600018,20251209,91518090,0,184068,A,B,52500,800,
600018.SH,600018,20251209,91518090,0,184598,A,S,56900,5000,
600018.SH,600018,20251209,91518340,0,185706,A,B,50900,2000,
600018.SH,600018,20251209,91518340,0,185769,A,B,55800,7500,
600018.SH,600018,20251209,91518340,0,185771,A,B,55700,8000,
600018.SH,600018,20251209,91518340,0,185774,A,B,55600,10000,
600018.SH,600018,20251209,91518340,0,185984,A,B,55600,5000,
600018.SH,600018,20251209,91518340,0,186367,A,B,56000,1000,
600018.SH,600018,20251209,91518340,0,186625,A,S,57500,300,
600018.SH,600018,20251209,91518340,0,186678,A,S,56200,1500,
600018.SH,600018,20251209,91518340,0,186976,A,S,57600,100,
600018.SH,600018,20251209,91518340,0,186977,A,S,59400,100,
600018.SH,600018,20251209,91518340,0,186992,A,S,58500,400,
600018.SH,600018,20251209,91518340,0,187189,A,B,53100,700,
600018.SH,600018,20251209,91518340,0,187193,A,B,50500,700,
600018.SH,600018,20251209,91518340,0,187225,A,S,59500,1100,
600018.SH,600018,20251209,91518340,0,187330,A,S,61200,100,
600018.SH,600018,20251209,91518520,0,187654,A,S,57400,1000,
600018.SH,600018,20251209,91518520,0,187674,A,B,54100,4100,
600018.SH,600018,20251209,91518520,0,187720,A,S,58200,400,
600018.SH,600018,20251209,91518520,0,187809,A,S,56400,10000,
600018.SH,600018,20251209,91518520,0,188072,A,B,52800,200,
600018.SH,600018,20251209,91518630,0,189328,A,S,59500,600,
600018.SH,600018,20251209,91518630,0,189380,A,S,61700,600,
600018.SH,600018,20251209,91518630,0,189529,A,S,61100,1000,
600018.SH,600018,20251209,91518630,0,189719,A,S,57200,200,
600018.SH,600018,20251209,91518630,0,189788,A,S,60800,700,
600018.SH,600018,20251209,91518830,0,190459,A,B,55900,10000,
600018.SH,600018,20251209,91518830,0,190802,A,B,54900,100,
600018.SH,600018,20251209,91518830,0,190914,A,S,57500,1000,
600018.SH,600018,20251209,91518830,0,191485,A,S,61000,100,
600018.SH,600018,20251209,91518830,0,191550,A,S,57900,1000,
600018.SH,600018,20251209,91518830,0,191928,A,S,56300,1000,
600018.SH,600018,20251209,91518830,0,192075,A,B,55500,700,
600018.SH,600018,20251209,91518830,0,192172,A,S,57300,2100,
600018.SH,600018,20251209,91519030,0,192211,A,S,58300,10000,
600018.SH,600018,20251209,91519030,0,192305,A,S,57200,3000,
600018.SH,600018,20251209,91519030,0,192415,A,S,59500,2700,
600018.SH,600018,20251209,91519030,0,192528,A,S,58000,13000,
600018.SH,600018,20251209,91519030,0,192529,A,S,59000,12000,
600018.SH,600018,20251209,91519110,0,192811,A,S,57500,1700,
600018.SH,600018,20251209,91519110,0,193067,A,S,58200,1700,
600018.SH,600018,20251209,91519110,0,193069,A,S,58900,1700,
600018.SH,600018,20251209,91519110,0,193135,A,B,55000,1000,
600018.SH,600018,20251209,91519110,0,193190,A,S,56400,100000,
600018.SH,600018,20251209,91519110,0,193862,A,S,60000,2500,
600018.SH,600018,20251209,91519110,0,194119,A,B,52300,3900,
600018.SH,600018,20251209,91519110,0,194310,A,S,57500,1000,
600018.SH,600018,20251209,91519110,0,194604,A,S,57400,200,
600018.SH,600018,20251209,91519300,0,194770,A,S,58200,1000,
600018.SH,600018,20251209,91519300,0,195353,A,B,55800,1000,
600018.SH,600018,20251209,91519300,0,195358,A,S,56800,1000,
600018.SH,600018,20251209,91519300,0,195532,A,B,55000,200,
600018.SH,600018,20251209,91519500,0,197035,A,B,52200,500,
600018.SH,600018,20251209,91519500,0,197464,A,B,55100,2000,
600018.SH,600018,20251209,91519500,0,197712,A,B,55700,200,
600018.SH,600018,20251209,91519500,0,197897,A,B,56000,600,
600018.SH,600018,20251209,91519500,0,198117,A,S,57900,1000,
600018.SH,600018,20251209,91519500,0,198497,A,S,56400,7000,
600018.SH,600018,20251209,91519690,0,198747,A,S,56300,12000,
600018.SH,600018,20251209,91519690,0,198981,A,S,61700,1300,
600018.SH,600018,20251209,91519690,0,199137,A,B,53400,100,
600018.SH,600018,20251209,91519690,0,199592,A,B,53500,1900,
600018.SH,600018,20251209,91519690,0,199947,A,B,55800,5000,
600018.SH,600018,20251209,91519690,0,200060,A,S,61700,300,
600018.SH,600018,20251209,91519690,0,200091,A,S,57800,1000,
600018.SH,600018,20251209,91519690,0,200262,A,S,56500,2500,
600018.SH,600018,20251209,91519690,0,200373,A,S,56400,12000,
600018.SH,600018,20251209,91519890,0,200497,A,S,59200,600,
600018.SH,600018,20251209,91519890,0,200499,A,B,52600,600,
600018.SH,600018,20251209,91519890,0,200623,A,B,55800,1000,
600018.SH,600018,20251209,91519890,0,200628,A,B,55500,1000,
600018.SH,600018,20251209,91519890,0,200691,A,S,59700,500,
600018.SH,600018,20251209,91519890,0,201238,A,S,61100,1000,
600018.SH,600018,20251209,91519890,0,201458,A,S,61700,500,
600018.SH,600018,20251209,91519890,0,201610,A,B,55700,3000,
600018.SH,600018,20251209,91519890,0,201660,A,B,54100,2000,
600018.SH,600018,20251209,91519890,0,201909,A,B,56100,200,
600018.SH,600018,20251209,91519890,0,202270,A,S,59600,4000,
600018.SH,600018,20251209,91520080,0,202865,A,S,56900,10000,
600018.SH,600018,20251209,91520080,0,202894,A,S,59800,200,
600018.SH,600018,20251209,91520080,0,202923,A,B,55500,8000,
600018.SH,600018,20251209,91520080,0,202948,A,B,55300,9000,
600018.SH,600018,20251209,91520080,0,203015,A,B,55400,9000,
600018.SH,600018,20251209,91520080,0,203245,A,S,60000,4800,
600018.SH,600018,20251209,91520080,0,203877,A,B,53200,10000,
600018.SH,600018,20251209,91520080,0,204030,A,S,58600,10000,
600018.SH,600018,20251209,91520080,0,204210,A,B,55900,2000,
600018.SH,600018,20251209,91520380,0,205144,A,B,55700,2000,
600018.SH,600018,20251209,91520380,0,205264,A,S,58800,400,
600018.SH,600018,20251209,91520380,0,205420,A,B,55900,400,
600018.SH,600018,20251209,91520380,0,205615,A,B,55800,300,
600018.SH,600018,20251209,91520380,0,205748,A,S,57800,500,
600018.SH,600018,20251209,91520380,0,205751,A,S,56600,3700,
600018.SH,600018,20251209,91520380,0,205835,A,B,55600,1000,
600018.SH,600018,20251209,91520380,0,205865,A,S,57100,1000,
600018.SH,600018,20251209,91520380,0,206037,A,B,55700,300,
600018.SH,600018,20251209,91520380,0,206210,A,B,55600,200,
600018.SH,600018,20251209,91520380,0,206216,A,B,55400,200,
600018.SH,600018,20251209,91520380,0,206218,A,B,55300,400,
600018.SH,600018,20251209,91520380,0,206330,A,B,55000,500,
600018.SH,600018,20251209,91520560,0,206464,A,B,55200,400,
600018.SH,600018,20251209,91520560,0,206774,A,B,54600,1800,
600018.SH,600018,20251209,91520560,0,207232,A,S,57800,200,
600018.SH,600018,20251209,91520560,0,207234,A,S,58300,200,
600018.SH,600018,20251209,91520560,0,207238,A,S,58800,200,
600018.SH,600018,20251209,91520560,0,207239,A,S,59800,200,
600018.SH,600018,20251209,91520560,0,207240,A,S,60300,200,
600018.SH,600018,20251209,91520660,0,207292,A,S,60300,200,
600018.SH,600018,20251209,91520660,0,207391,A,S,56600,100,
600018.SH,600018,20251209,91520660,0,207473,A,S,60800,200,
600018.SH,600018,20251209,91520660,0,207474,A,S,61300,200,
600018.SH,600018,20251209,91520660,0,207475,A,S,59300,200,
600018.SH,600018,20251209,91520660,0,207512,A,B,55800,200,
600018.SH,600018,20251209,91520660,0,207576,A,B,56000,3000,
600018.SH,600018,20251209,91520660,0,207607,A,B,55300,200,
600018.SH,600018,20251209,91520660,0,207621,A,B,54800,200,
600018.SH,600018,20251209,91520660,0,207622,A,B,54300,200,
600018.SH,600018,20251209,91520660,0,207648,A,B,53800,200,
600018.SH,600018,20251209,91520660,0,207780,A,B,53300,200,
600018.SH,600018,20251209,91520660,0,208099,A,B,55100,4000,
600018.SH,600018,20251209,91520660,0,208158,A,S,57000,1000,
600018.SH,600018,20251209,91520660,0,208200,A,B,52800,200,
600018.SH,600018,20251209,91520660,0,208206,A,B,52300,200,
600018.SH,600018,20251209,91520660,0,208251,A,B,51800,200,
600018.SH,600018,20251209,91520660,0,208252,A,B,51300,200,
600018.SH,600018,20251209,91520660,0,208303,A,B,50800,200,
600018.SH,600018,20251209,91520660,0,208633,A,S,61100,1000,
600018.SH,600018,20251209,91520660,0,208634,A,S,61700,500,
600018.SH,600018,20251209,91520660,0,208756,A,B,55800,200,
600018.SH,600018,20251209,91520860,0,209342,A,S,59000,2000,
600018.SH,600018,20251209,91520860,0,209393,A,S,61100,2000,
600018.SH,600018,20251209,91520860,0,209407,A,S,61700,2000,
600018.SH,600018,20251209,91520860,0,209415,A,B,52700,100,
600018.SH,600018,20251209,91520860,0,209462,A,B,56000,1000,
600018.SH,600018,20251209,91520860,0,209465,A,B,55000,1000,
600018.SH,600018,20251209,91520860,0,209766,A,B,54200,100,
600018.SH,600018,20251209,91520950,0,209894,A,S,58100,400,
600018.SH,600018,20251209,91520950,0,209904,A,S,58000,2000,
600018.SH,600018,20251209,91520950,0,210182,A,B,55400,20000,
600018.SH,600018,20251209,91520950,0,210388,A,S,61700,400,
600018.SH,600018,20251209,91520950,0,210812,A,S,57200,2000,
600018.SH,600018,20251209,91520950,0,210973,A,S,57500,2000,
600018.SH,600018,20251209,91520950,0,211161,A,S,57800,3000,
600018.SH,600018,20251209,91520950,0,211170,A,S,58100,3000,
600018.SH,600018,20251209,91520950,0,211171,A,S,58500,4000,
600018.SH,600018,20251209,91520950,0,211172,A,S,58900,6000,
600018.SH,600018,20251209,91520950,0,211420,A,B,55100,10000,
600018.SH,600018,20251209,91520950,0,211434,A,S,59300,5000,
600018.SH,600018,20251209,91520950,0,211662,A,S,57400,1400,
600018.SH,600018,20251209,91521140,0,211786,A,S,59800,5000,
600018.SH,600018,20251209,91521140,0,211885,A,S,61700,1000,
600018.SH,600018,20251209,91521140,0,211997,A,B,54000,700,
600018.SH,600018,20251209,91521140,0,212207,A,S,59000,700,
600018.SH,600018,20251209,91521140,0,212307,A,S,58700,800,
600018.SH,600018,20251209,91521140,0,212393,A,B,55800,1000,
600018.SH,600018,20251209,91521140,0,212454,A,S,56600,3000,
600018.SH,600018,20251209,91521140,0,212517,A,S,58400,500,
600018.SH,600018,20251209,91521140,0,212520,A,B,54800,200,
600018.SH,600018,20251209,91521140,0,212524,A,B,53200,300,
600018.SH,600018,20251209,91521140,0,212809,A,B,55800,300,
600018.SH,600018,20251209,91521140,0,213315,A,S,59000,100,
600018.SH,600018,20251209,91521140,0,213396,A,B,55500,5000,
600018.SH,600018,20251209,91521320,0,213997,A,S,59500,2000,
600018.SH,600018,20251209,91521320,0,214131,A,S,61700,3001,
600018.SH,600018,20251209,91521320,0,214199,A,B,61700,400,
600018.SH,600018,20251209,91521320,0,214276,A,B,55500,200,
600018.SH,600018,20251209,91521320,0,214391,A,S,57200,4700,
600018.SH,600018,20251209,91521320,0,214445,A,S,57600,500,
600018.SH,600018,20251209,91521420,0,214736,A,B,55100,400,
600018.SH,600018,20251209,91521420,0,214737,A,B,55000,300,
600018.SH,600018,20251209,91521420,0,214755,A,B,55800,3000,
600018.SH,600018,20251209,91521420,0,214792,A,B,54700,9100,
600018.SH,600018,20251209,91521420,0,214800,A,S,61700,600,
600018.SH,600018,20251209,91521420,0,215305,A,B,55100,700,
600018.SH,600018,20251209,91521420,0,215441,A,S,57700,400,
600018.SH,600018,20251209,91521420,0,215544,A,S,58700,400,
600018.SH,600018,20251209,91521420,0,215554,A,S,59700,400,
600018.SH,600018,20251209,91521420,0,215555,A,S,60800,500,
600018.SH,600018,20251209,91521420,0,215984,A,S,57300,30000,
600018.SH,600018,20251209,91521420,0,216241,A,B,56000,500,
600018.SH,600018,20251209,91521600,0,217563,A,S,57500,800,
600018.SH,600018,20251209,91521600,0,217575,A,S,58000,800,
600018.SH,600018,20251209,91521600,0,217584,A,S,58700,800,
600018.SH,600018,20251209,91521600,0,217588,A,S,59600,1000,
600018.SH,600018,20251209,91521600,0,217777,A,S,58000,700,
600018.SH,600018,20251209,91521600,0,217853,A,S,60000,500,
600018.SH,600018,20251209,91521600,0,217976,A,B,55500,2500,
600018.SH,600018,20251209,91521790,0,218214,A,B,55000,1000,
600018.SH,600018,20251209,91521790,0,218267,A,B,54000,1000,
600018.SH,600018,20251209,91521790,0,218703,A,S,56600,300,
600018.SH,600018,20251209,91521790,0,219000,A,S,56900,1000,
600018.SH,600018,20251209,91521790,0,219038,A,S,57500,1400,
600018.SH,600018,20251209,91521790,0,219282,A,S,56600,4900,
600018.SH,600018,20251209,91521790,0,219310,A,S,58200,1400,
600018.SH,600018,20251209,91521790,0,219321,A,S,58900,1400,
600018.SH,600018,20251209,91521790,0,219531,A,S,61600,2000,
600018.SH,600018,20251209,91521790,0,219972,A,S,61500,1000,
600018.SH,600018,20251209,91521980,0,220106,A,B,56000,2000,
600018.SH,600018,20251209,91521980,0,220624,A,S,57200,800,
600018.SH,600018,20251209,91521980,0,220715,A,B,55900,2000,
600018.SH,600018,20251209,91521980,0,220720,A,B,55800,2000,
600018.SH,600018,20251209,91521980,0,220839,A,B,55700,1100,
600018.SH,600018,20251209,91521980,0,220894,A,S,56400,5600,
600018.SH,600018,20251209,91521980,0,221319,A,S,56400,100,
600018.SH,600018,20251209,91521980,0,221334,A,B,55800,100,
600018.SH,600018,20251209,91521980,0,221795,A,S,56800,100,
600018.SH,600018,20251209,91521980,0,221796,A,B,55600,100,
600018.SH,600018,20251209,91522150,0,222232,A,S,56500,4000,
600018.SH,600018,20251209,91522150,0,222317,A,B,55900,1000,
600018.SH,600018,20251209,91522150,0,222432,A,S,57600,1000,
600018.SH,600018,20251209,91522150,0,222627,A,B,52500,10000,
600018.SH,600018,20251209,91522150,0,222688,A,S,57600,1000,
600018.SH,600018,20251209,91522150,0,223186,A,S,56700,100,
600018.SH,600018,20251209,91522150,0,223342,A,S,59500,6000,
600018.SH,600018,20251209,91522410,0,223781,A,S,59500,2000,
600018.SH,600018,20251209,91522410,0,224255,A,S,56400,1000,
600018.SH,600018,20251209,91522410,0,224300,A,S,61700,400,
600018.SH,600018,20251209,91522410,0,224632,A,S,57100,100,
600018.SH,600018,20251209,91522410,0,224633,A,B,55600,100,
600018.SH,600018,20251209,91522410,0,224641,A,S,56900,200,
600018.SH,600018,20251209,91522410,0,224700,A,S,56700,200,
600018.SH,600018,20251209,91522410,0,224709,A,B,56000,200,
600018.SH,600018,20251209,91522410,0,224739,A,B,56100,100,
600018.SH,600018,20251209,91522410,0,224755,A,B,55900,200,
600018.SH,600018,20251209,91522410,0,224762,A,B,55600,200,
600018.SH,600018,20251209,91522410,0,224764,A,B,55300,200,
600018.SH,600018,20251209,91522570,0,224988,A,B,55500,100,
600018.SH,600018,20251209,91522570,0,225196,A,B,55500,200,
600018.SH,600018,20251209,91522570,0,225204,A,S,56800,300,
600018.SH,600018,20251209,91522570,0,225724,A,S,56600,100,
600018.SH,600018,20251209,91522570,0,225734,A,S,57200,11100,
600018.SH,600018,20251209,91522570,0,225878,A,B,55500,500,
600018.SH,600018,20251209,91522570,0,225910,A,S,56800,1800,
600018.SH,600018,20251209,91522570,0,226080,A,B,51500,2400,
600018.SH,600018,20251209,91522570,0,226266,A,S,61700,800,
600018.SH,600018,20251209,91522570,0,226274,A,B,55400,3000,
600018.SH,600018,20251209,91522760,0,227067,A,S,57800,3000,
600018.SH,600018,20251209,91522820,0,227177,A,S,61700,1600,
600018.SH,600018,20251209,91522820,0,227190,A,B,55200,3000,
600018.SH,600018,20251209,91522820,0,227399,A,S,61700,500,
600018.SH,600018,20251209,91522820,0,228166,A,B,55600,1800,
600018.SH,600018,20251209,91522820,0,228169,A,B,54900,1900,
600018.SH,600018,20251209,91522820,0,228174,A,S,57000,1800,
600018.SH,600018,20251209,91522820,0,228232,A,S,57700,1800,
600018.SH,600018,20251209,91522820,0,228392,A,S,58000,500,
600018.SH,600018,20251209,91522820,0,228395,A,S,57500,8300,
600018.SH,600018,20251209,91522820,0,228468,A,S,58900,8300,
600018.SH,600018,20251209,91522820,0,228469,A,S,59000,500,
600018.SH,600018,20251209,91522820,0,228478,A,S,56700,300,
600018.SH,600018,20251209,91522820,0,228537,A,S,60000,500,
600018.SH,600018,20251209,91522820,0,228557,A,S,58400,1800,
600018.SH,600018,20251209,91522820,0,228567,A,B,50500,400,
600018.SH,600018,20251209,91523010,0,228998,A,S,59300,900,
600018.SH,600018,20251209,91523010,0,229009,A,B,55000,200,
600018.SH,600018,20251209,91523010,0,229016,A,S,59400,200,
600018.SH,600018,20251209,91523010,0,229091,A,S,59100,1800,
600018.SH,600018,20251209,91523010,0,229098,A,S,59800,1700,
600018.SH,600018,20251209,91523010,0,229099,A,S,60500,1700,
600018.SH,600018,20251209,91523010,0,229127,A,S,61200,1700,
600018.SH,600018,20251209,91523010,0,229364,A,S,57600,1000,
600018.SH,600018,20251209,91523010,0,229808,A,B,55300,900,
600018.SH,600018,20251209,91523140,0,230287,A,S,56400,100,
600018.SH,600018,20251209,91523140,0,230288,A,B,55600,100,
600018.SH,600018,20251209,91523140,0,230519,A,B,55500,300,
600018.SH,600018,20251209,91523340,0,232059,A,B,50500,500,
600018.SH,600018,20251209,91523340,0,232238,A,S,61500,4000,
600018.SH,600018,20251209,91523340,0,232552,A,B,53000,100,
600018.SH,600018,20251209,91523340,0,232580,A,S,57900,100,
600018.SH,600018,20251209,91523340,0,232581,A,B,55500,100,
600018.SH,600018,20251209,91523340,0,233475,A,B,50500,1200,
600018.SH,600018,20251209,91523510,0,233586,A,S,58200,8300,
600018.SH,600018,20251209,91523510,0,234264,A,B,52600,1100,
600018.SH,600018,20251209,91523510,0,234265,A,S,56900,4500,
600018.SH,600018,20251209,91523510,0,234323,A,B,55800,200,
600018.SH,600018,20251209,91523510,0,234325,A,S,57600,400,
600018.SH,600018,20251209,91523510,0,234386,A,S,60800,8000,
600018.SH,600018,20251209,91523510,0,234390,A,S,56500,2000,
600018.SH,600018,20251209,91523510,0,234434,A,S,57900,200,
600018.SH,600018,20251209,91523510,0,234455,A,B,52100,1100,
600018.SH,600018,20251209,91523510,0,234598,A,S,57700,5000,
600018.SH,600018,20251209,91523510,0,234604,A,B,51600,1100,
600018.SH,600018,20251209,91523510,0,235056,A,S,60000,4000,
600018.SH,600018,20251209,91523690,0,235363,A,S,57300,2000,
600018.SH,600018,20251209,91523690,0,235482,A,S,56900,500,
600018.SH,600018,20251209,91523690,0,235708,A,B,55400,1000,
600018.SH,600018,20251209,91523690,0,235792,A,B,55300,500,
600018.SH,600018,20251209,91523690,0,235794,A,S,56600,300,
600018.SH,600018,20251209,91523690,0,235822,A,B,55900,800,
600018.SH,600018,20251209,91523690,0,235995,A,S,56100,6300,
600018.SH,600018,20251209,91523690,0,236577,A,B,55900,2000,
600018.SH,600018,20251209,91523910,0,237147,A,B,55500,1800,
600018.SH,600018,20251209,91523960,0,237473,A,S,55000,1300,
600018.SH,600018,20251209,91523960,0,237479,A,S,57500,6000,
600018.SH,600018,20251209,91523960,0,237833,A,S,61700,8500,
600018.SH,600018,20251209,91524050,0,238179,A,B,51600,800,
600018.SH,600018,20251209,91524050,0,238623,A,S,56600,1000,
600018.SH,600018,20251209,91524050,0,238691,A,S,57000,1000,
600018.SH,600018,20251209,91524050,0,238729,A,S,56400,100,
600018.SH,600018,20251209,91524050,0,238730,A,B,55800,100,
600018.SH,600018,20251209,91524050,0,239202,A,B,52900,4000,
600018.SH,600018,20251209,91524050,0,239254,A,B,55000,9200,
600018.SH,600018,20251209,91524280,0,240149,A,S,56900,2000,
600018.SH,600018,20251209,91524280,0,240152,A,B,55700,2000,
600018.SH,600018,20251209,91524280,0,240662,A,S,57900,5400,
600018.SH,600018,20251209,91524280,0,241110,A,S,57000,100,
600018.SH,600018,20251209,91524280,0,241169,A,B,55800,100,
600018.SH,600018,20251209,91524440,0,241455,A,B,55400,10000,
600018.SH,600018,20251209,91524440,0,241554,A,B,55900,100,
600018.SH,600018,20251209,91524440,0,241555,A,S,56900,100,
600018.SH,600018,20251209,91524490,0,241848,A,S,61700,6000,
600018.SH,600018,20251209,91524490,0,241910,A,B,55700,400,
600018.SH,600018,20251209,91524490,0,241982,A,S,56900,400,
600018.SH,600018,20251209,91524490,0,242229,A,B,55800,18000,
600018.SH,600018,20251209,91524580,0,242270,A,S,56500,20000,
600018.SH,600018,20251209,91524650,0,243148,A,B,55500,1000,
600018.SH,600018,20251209,91524720,0,243286,A,S,57500,100,
600018.SH,600018,20251209,91524720,0,243287,A,B,55300,100,
600018.SH,600018,20251209,91524720,0,243336,A,B,56000,500,
600018.SH,600018,20251209,91524920,0,243698,A,S,61500,5000,
600018.SH,600018,20251209,91525710,0,244026,A,B,53800,1000,
600018.SH,600018,20251209,91526200,0,244150,A,B,54100,200,
600018.SH,600018,20251209,91528220,0,244608,A,S,57300,200,
600018.SH,600018,20251209,91528510,0,244676,A,S,56400,10000,
600018.SH,600018,20251209,91529220,0,244810,A,S,56700,800,
600018.SH,600018,20251209,91529220,0,244811,A,B,55700,800,
600018.SH,600018,20251209,91529790,0,244955,A,B,52200,10000,
600018.SH,600018,20251209,91531510,0,245438,A,B,55900,400,
600018.SH,600018,20251209,91534140,0,246080,A,S,57100,500,
600018.SH,600018,20251209,91534140,0,246081,A,B,54900,500,
600018.SH,600018,20251209,91536120,0,246594,A,B,54700,500,
600018.SH,600018,20251209,91537200,0,246895,A,B,55600,100,
600018.SH,600018,20251209,91537240,0,246924,A,S,57500,200,
600018.SH,600018,20251209,91537240,0,246925,A,B,55700,100,
600018.SH,600018,20251209,91537240,0,246927,A,S,58000,100,
600018.SH,600018,20251209,91543320,0,248664,A,S,56600,500,
600018.SH,600018,20251209,91544530,0,248925,A,S,57500,4000,
600018.SH,600018,20251209,91545060,0,249051,A,S,56400,2000,
600018.SH,600018,20251209,91545060,0,249052,A,B,55800,2000,
600018.SH,600018,20251209,91545530,0,249206,A,B,55700,10000,
600018.SH,600018,20251209,91546500,0,249484,A,B,55500,30000,
600018.SH,600018,20251209,91550070,0,250452,A,S,58000,400,
600018.SH,600018,20251209,91551230,0,250848,A,S,57000,2000,
600018.SH,600018,20251209,91551230,0,250849,A,B,55800,2000,
600018.SH,600018,20251209,91555170,0,251845,A,S,56500,200,
600018.SH,600018,20251209,91555170,0,251846,A,B,55900,200,
600018.SH,600018,20251209,91556080,0,252116,A,S,56400,200,
600018.SH,600018,20251209,91556080,0,252117,A,B,55800,200,
600018.SH,600018,20251209,91557090,0,252411,A,B,54400,100,
600018.SH,600018,20251209,91557460,0,252544,A,S,58200,1500,
600018.SH,600018,20251209,91559100,0,252938,A,B,55000,1100,
600018.SH,600018,20251209,91559150,0,252948,A,S,61700,500,
600018.SH,600018,20251209,91559700,0,253078,A,B,51700,100,
600018.SH,600018,20251209,91602030,0,253805,A,B,55900,3100,
600018.SH,600018,20251209,91602030,0,253806,A,S,56500,3100,
600018.SH,600018,20251209,91602140,0,253862,A,S,57400,2000,
600018.SH,600018,20251209,91602140,0,253863,A,B,52000,2000,
600018.SH,600018,20251209,91606660,0,255169,A,B,56000,5000,
600018.SH,600018,20251209,91609110,0,255842,A,S,56900,10000,
600018.SH,600018,20251209,91609710,0,255928,A,S,56000,3000,
600018.SH,600018,20251209,91609960,0,255955,A,B,56100,200,
600018.SH,600018,20251209,91611280,0,256146,A,B,61700,800,
600018.SH,600018,20251209,91617040,0,256858,A,B,56100,700,
600018.SH,600018,20251209,91619230,0,257162,A,B,56100,100000,
600018.SH,600018,20251209,91628040,0,258412,A,S,57100,5000,
600018.SH,600018,20251209,91632910,0,259226,A,B,56100,8000,
600018.SH,600018,20251209,91634720,0,259474,A,B,55600,1000,
600018.SH,600018,20251209,91653560,0,262181,A,B,55900,900,
600018.SH,600018,20251209,91655490,0,262459,A,B,55200,5000,
600018.SH,600018,20251209,91657380,0,262756,A,S,57400,5000,
600018.SH,600018,20251209,91704260,0,263973,A,B,55800,10000,
600018.SH,600018,20251209,91713090,0,265371,A,B,56000,500,
600018.SH,600018,20251209,91718480,0,266285,A,B,55900,500,
600018.SH,600018,20251209,91719570,0,266469,A,S,50500,400,
600018.SH,600018,20251209,91721400,0,266755,A,S,56400,5000,
600018.SH,600018,20251209,91722440,0,266942,A,S,50500,400,
600018.SH,600018,20251209,91722510,0,266949,A,B,55700,10000,
600018.SH,600018,20251209,91723310,0,267082,A,B,56100,2500,
600018.SH,600018,20251209,91725240,0,267405,A,B,55800,500,
600018.SH,600018,20251209,91728890,0,100432,D,S,56500,8200,
600018.SH,600018,20251209,91731320,0,268431,A,S,57100,1000,
600018.SH,600018,20251209,91733470,0,268821,A,B,56000,500,
600018.SH,600018,20251209,91734070,0,268929,A,B,55800,4000,
600018.SH,600018,20251209,91735690,0,269198,A,B,53800,300,
600018.SH,600018,20251209,91738770,0,269701,A,S,61700,900,
600018.SH,600018,20251209,91739000,0,269739,A,B,55600,10000,
600018.SH,600018,20251209,91742000,0,270309,A,S,56300,4000,
600018.SH,600018,20251209,91744460,0,270714,A,S,58000,300,
600018.SH,600018,20251209,91744770,0,270762,A,B,55700,3000,
600018.SH,600018,20251209,91747450,0,271223,A,S,56500,4200,
600018.SH,600018,20251209,91749770,0,271608,A,B,55900,1000,
600018.SH,600018,20251209,91751780,0,271979,A,S,58200,5000,
600018.SH,600018,20251209,91808610,0,275062,A,S,61600,6000,
600018.SH,600018,20251209,91813050,0,275900,A,B,55000,2000,
600018.SH,600018,20251209,91814910,0,276269,A,S,60600,1000,
600018.SH,600018,20251209,91819300,0,277075,A,B,55800,1000,
600018.SH,600018,20251209,91819450,0,277107,A,S,59600,1000,
600018.SH,600018,20251209,91823220,0,277772,A,S,58600,1000,
600018.SH,600018,20251209,91828760,0,278796,A,S,61700,100,
600018.SH,600018,20251209,91829490,0,278931,A,B,55500,5000,
600018.SH,600018,20251209,91831750,0,279359,A,S,56500,400,
600018.SH,600018,20251209,91838260,0,280521,A,B,55700,9000,
600018.SH,600018,20251209,91850070,0,282713,A,S,58500,600,
600018.SH,600018,20251209,91852180,0,283112,A,B,56000,1000,
600018.SH,600018,20251209,91857230,0,256858,D,B,56100,700,
600018.SH,600018,20251209,91901180,0,284852,A,S,57500,500,
600018.SH,600018,20251209,91901260,0,284862,A,S,57300,1000,
600018.SH,600018,20251209,91901630,0,284949,A,S,57500,1000,
600018.SH,600018,20251209,91904470,0,285511,A,S,61700,600,
600018.SH,600018,20251209,91905080,0,285632,A,S,57400,1000,
600018.SH,600018,20251209,91905460,0,285709,A,B,55700,400,
600018.SH,600018,20251209,91907940,0,286157,A,B,56000,5100,
600018.SH,600018,20251209,91909120,0,257162,D,B,56100,100000,
600018.SH,600018,20251209,91910100,0,286585,A,B,61700,100,
600018.SH,600018,20251209,91911010,0,286802,A,S,59000,500,
600018.SH,600018,20251209,91919570,0,288544,A,B,56000,5100,
600018.SH,600018,20251209,91919820,0,288592,A,S,50600,11700,
600018.SH,600018,20251209,91920950,0,288834,A,B,54800,1000,
600018.SH,600018,20251209,91924380,0,289491,A,S,56300,3500,
600018.SH,600018,20251209,91926740,0,290015,A,B,56000,700,
600018.SH,600018,20251209,91928800,0,290419,A,S,56300,10000,
600018.SH,600018,20251209,91936840,0,292005,A,B,55900,5000,
600018.SH,600018,20251209,91938270,0,292290,A,B,54200,100,
600018.SH,600018,20251209,91938440,0,292323,A,S,61700,2000,
600018.SH,600018,20251209,91942390,0,293125,A,B,55800,1000,
600018.SH,600018,20251209,91943430,0,293321,A,B,56000,10000,
600018.SH,600018,20251209,91945780,0,293815,A,B,53600,2000,
600018.SH,600018,20251209,91946840,0,294041,A,B,56000,2000,
600018.SH,600018,20251209,91948240,0,294325,A,S,61700,4800,
600018.SH,600018,20251209,91949720,0,294658,A,B,52600,3000,
600018.SH,600018,20251209,91950800,0,294896,A,S,57500,500,
600018.SH,600018,20251209,91953610,0,295501,A,B,51600,4200,
600018.SH,600018,20251209,91959000,0,296732,A,S,56300,4000,
600018.SH,600018,20251209,92000080,0,296981,A,B,58800,100,
600018.SH,600018,20251209,92001490,0,297388,A,S,56300,3700,
600018.SH,600018,20251209,92002010,0,297576,A,B,61700,3400,
600018.SH,600018,20251209,92012020,0,300229,A,S,56800,10000,
600018.SH,600018,20251209,92015290,0,300955,A,B,55600,3000,
600018.SH,600018,20251209,92015870,0,301087,A,B,55800,100,
600018.SH,600018,20251209,92016120,0,301151,A,S,58000,500,
600018.SH,600018,20251209,92017580,0,301488,A,B,55800,4500,
600018.SH,600018,20251209,92018940,0,301777,A,S,56500,3800,
600018.SH,600018,20251209,92022090,0,302416,A,B,52800,2100,
600018.SH,600018,20251209,92023560,0,302769,A,B,55400,10000,
600018.SH,600018,20251209,92028190,0,303904,A,B,52200,2000,
600018.SH,600018,20251209,92029920,0,304296,A,B,55000,2200,
600018.SH,600018,20251209,92033480,0,305182,A,B,56000,1000,
600018.SH,600018,20251209,92035820,0,305712,A,B,55500,10000,
600018.SH,600018,20251209,92036580,0,305885,A,S,61700,700,
600018.SH,600018,20251209,92041740,0,307031,A,B,53000,6000,
600018.SH,600018,20251209,92046810,0,308159,A,S,57300,10000,
600018.SH,600018,20251209,92047140,0,308245,A,S,56500,5000,
600018.SH,600018,20251209,92049970,0,308914,A,B,56000,5000,
600018.SH,600018,20251209,92052190,0,309427,A,B,55600,900,
600018.SH,600018,20251209,92052550,0,309508,A,S,57300,1000,
600018.SH,600018,20251209,92054080,0,309895,A,S,61600,100,
600018.SH,600018,20251209,92054990,0,310133,A,B,55300,3800,
600018.SH,600018,20251209,92055270,0,310204,A,S,59000,600,
600018.SH,600018,20251209,92055320,0,310223,A,B,55600,2000,
600018.SH,600018,20251209,92055450,0,310261,A,B,54000,10000,
600018.SH,600018,20251209,92057810,0,310871,A,S,56500,300,
600018.SH,600018,20251209,92059740,0,311303,A,B,55600,5000,
600018.SH,600018,20251209,92105800,0,312929,A,B,61700,900,
600018.SH,600018,20251209,92106030,0,312989,A,B,55800,1000,
600018.SH,600018,20251209,92117150,0,315733,A,B,55500,2000,
600018.SH,600018,20251209,92119450,0,316345,A,S,61700,500,
600018.SH,600018,20251209,92119940,0,316472,A,S,57600,7500,
600018.SH,600018,20251209,92121660,0,316889,A,B,55800,10000,
600018.SH,600018,20251209,92124510,0,317610,A,B,55000,10000,
600018.SH,600018,20251209,92126490,0,318098,A,B,55600,9000,
600018.SH,600018,20251209,92126970,0,318199,A,B,55500,800,
600018.SH,600018,20251209,92127050,0,318220,A,B,61700,100,
600018.SH,600018,20251209,92131190,0,319249,A,S,56800,3900,
600018.SH,600018,20251209,92133540,0,319815,A,S,57600,2000,
600018.SH,600018,20251209,92136940,0,320734,A,S,57600,4100,
600018.SH,600018,20251209,92140180,0,321564,A,B,56100,20000,
600018.SH,600018,20251209,92141210,0,321868,A,S,56400,300,
600018.SH,600018,20251209,92144190,0,322591,A,S,57300,8300,
600018.SH,600018,20251209,92152820,0,324883,A,S,56800,10000,
600018.SH,600018,20251209,92202150,0,327630,A,B,55100,1000,
600018.SH,600018,20251209,92209090,0,329565,A,S,57500,10000,
600018.SH,600018,20251209,92209790,0,329731,A,B,55500,600,
600018.SH,600018,20251209,92212040,0,330329,A,S,56100,2000,
600018.SH,600018,20251209,92213790,0,330805,A,S,61700,1500,
600018.SH,600018,20251209,92218470,0,332139,A,B,55800,4600,
600018.SH,600018,20251209,92223030,0,333440,A,S,57700,20000,
600018.SH,600018,20251209,92224730,0,333982,A,S,57800,20000,
600018.SH,600018,20251209,92225860,0,334301,A,S,56800,500,
600018.SH,600018,20251209,92227310,0,334694,A,B,55900,10000,
600018.SH,600018,20251209,92232300,0,336169,A,B,55700,5000,
600018.SH,600018,20251209,92234710,0,336868,A,B,55800,5000,
600018.SH,600018,20251209,92236680,0,337428,A,B,54100,500,
600018.SH,600018,20251209,92238850,0,338089,A,S,57200,900,
600018.SH,600018,20251209,92242720,0,339238,A,B,56000,100,
600018.SH,600018,20251209,92248230,0,340822,A,S,50500,1200,
600018.SH,600018,20251209,92248990,0,341024,A,B,56000,10000,
600018.SH,600018,20251209,92251500,0,341764,A,S,56800,16700,
600018.SH,600018,20251209,92253430,0,342326,A,S,61700,500,
600018.SH,600018,20251209,92255680,0,343012,A,B,55900,5000,
600018.SH,600018,20251209,92255920,0,343092,A,B,55700,1000,
600018.SH,600018,20251209,92257610,0,343605,A,S,61700,3000,
600018.SH,600018,20251209,92257790,0,343661,A,B,55700,1200,
600018.SH,600018,20251209,92259070,0,344053,A,B,55900,20000,
600018.SH,600018,20251209,92300490,0,344477,A,S,61700,300,
600018.SH,600018,20251209,92306140,0,346329,A,S,61700,100,
600018.SH,600018,20251209,92308300,0,347064,A,B,55600,10000,
600018.SH,600018,20251209,92311920,0,348240,A,B,56000,10000,
600018.SH,600018,20251209,92313070,0,348583,A,B,50500,200,
600018.SH,600018,20251209,92313310,0,348658,A,B,55500,1200,
600018.SH,600018,20251209,92315530,0,349364,A,S,61600,2000,
600018.SH,600018,20251209,92318740,0,350417,A,S,60600,2000,
600018.SH,600018,20251209,92318910,0,350478,A,B,56100,200,
600018.SH,600018,20251209,92320630,0,351177,A,S,50600,69000,
600018.SH,600018,20251209,92322490,0,351792,A,S,59600,2000,
600018.SH,600018,20251209,92325980,0,352940,A,S,54400,100,
600018.SH,600018,20251209,92326260,0,353034,A,S,58600,2000,
600018.SH,600018,20251209,92327020,0,353300,A,B,55600,1200,
600018.SH,600018,20251209,92331640,0,354835,A,B,55900,5000,
600018.SH,600018,20251209,92332080,0,354998,A,S,56800,10000,
600018.SH,600018,20251209,92333110,0,355362,A,S,61700,700,
600018.SH,600018,20251209,92333440,0,355492,A,B,55800,5000,
600018.SH,600018,20251209,92334170,0,355758,A,S,58500,10000,
600018.SH,600018,20251209,92339540,0,357646,A,S,50500,100,
600018.SH,600018,20251209,92341690,0,358390,A,S,57500,10000,
600018.SH,600018,20251209,92347880,0,360696,A,B,56600,200,
600018.SH,600018,20251209,92351340,0,361926,A,B,55900,1100,
600018.SH,600018,20251209,92355590,0,363506,A,S,56800,10000,
600018.SH,600018,20251209,92355990,0,363663,A,S,61600,15000,
600018.SH,600018,20251209,92356080,0,363691,A,B,55600,10000,
600018.SH,600018,20251209,92356430,0,363815,A,B,55800,300,
600018.SH,600018,20251209,92356520,0,363846,A,B,55000,200,
600018.SH,600018,20251209,92356720,0,363951,A,B,55600,100,
600018.SH,600018,20251209,92358000,0,364426,A,S,56000,2000,
600018.SH,600018,20251209,92359140,0,364864,A,B,55900,100,
600018.SH,600018,20251209,92359860,0,365160,A,B,55500,3000,
600018.SH,600018,20251209,92400850,0,365723,A,B,56000,4000,
600018.SH,600018,20251209,92401510,0,366006,A,S,60500,200,
600018.SH,600018,20251209,92401620,0,366053,A,S,56500,10000,
600018.SH,600018,20251209,92404080,0,367059,A,S,56000,100,
600018.SH,600018,20251209,92409720,0,369580,A,S,57400,800,
600018.SH,600018,20251209,92412130,0,370652,A,S,56200,5400,
600018.SH,600018,20251209,92418570,0,373854,A,S,58900,1000,
600018.SH,600018,20251209,92420690,0,374962,A,B,56000,1000,
600018.SH,600018,20251209,92421570,0,375447,A,B,54800,500,
600018.SH,600018,20251209,92422670,0,376047,A,B,56100,500,
600018.SH,600018,20251209,92423300,0,376399,A,B,55000,5000,
600018.SH,600018,20251209,92425160,0,377406,A,B,55800,1000,
600018.SH,600018,20251209,92429240,0,379541,A,B,55600,5000,
600018.SH,600018,20251209,92430010,0,379944,A,S,56000,4200,
600018.SH,600018,20251209,92430740,0,380356,A,B,55600,1000,
600018.SH,600018,20251209,92432100,0,381164,A,B,56100,600,
600018.SH,600018,20251209,92433310,0,381813,A,B,56000,1000,
600018.SH,600018,20251209,92434320,0,382381,A,B,54500,5000,
600018.SH,600018,20251209,92434970,0,382743,A,S,61700,3000,
600018.SH,600018,20251209,92435380,0,382959,A,B,55700,9000,
600018.SH,600018,20251209,92438890,0,385151,A,S,55700,100,
600018.SH,600018,20251209,92438900,0,385152,A,S,55700,200,
600018.SH,600018,20251209,92438900,0,385153,A,S,55700,200,
600018.SH,600018,20251209,92438900,0,385158,A,S,55700,200,
600018.SH,600018,20251209,92438900,0,385159,A,S,55700,200,
600018.SH,600018,20251209,92438900,0,385160,A,S,55700,200,
600018.SH,600018,20251209,92438900,0,385163,A,S,55700,1400,
600018.SH,600018,20251209,92438900,0,385164,A,S,55700,100,
600018.SH,600018,20251209,92438900,0,385166,A,S,55700,400,
600018.SH,600018,20251209,92438900,0,385167,A,S,55700,300,
600018.SH,600018,20251209,92438900,0,385168,A,S,55700,100,
600018.SH,600018,20251209,92438900,0,385170,A,S,55700,100,
600018.SH,600018,20251209,92438900,0,385172,A,S,55700,100,
600018.SH,600018,20251209,92438900,0,385177,A,S,55700,100,
600018.SH,600018,20251209,92438900,0,385178,A,S,55700,100,
600018.SH,600018,20251209,92438900,0,385180,A,S,55700,100,
600018.SH,600018,20251209,92438900,0,385181,A,S,55700,100,
600018.SH,600018,20251209,92438900,0,385183,A,S,55700,100,
600018.SH,600018,20251209,92438900,0,385202,A,S,55700,300,
600018.SH,600018,20251209,92438900,0,385204,A,S,55700,100,
600018.SH,600018,20251209,92445680,0,389375,A,B,55800,3000,
600018.SH,600018,20251209,92446910,0,390165,A,B,55200,600,
600018.SH,600018,20251209,92447330,0,390429,A,S,55100,4500,
600018.SH,600018,20251209,92448280,0,391046,A,S,57500,1000,
600018.SH,600018,20251209,92448550,0,391210,A,S,60000,2000,
600018.SH,600018,20251209,92449600,0,392159,A,S,56800,3000,
600018.SH,600018,20251209,92450390,0,393134,A,B,61700,500,
600018.SH,600018,20251209,92450500,0,393243,A,B,56900,200,
600018.SH,600018,20251209,92452580,0,395058,A,S,53900,8300,
600018.SH,600018,20251209,92452640,0,395132,A,B,61700,500,
600018.SH,600018,20251209,92453390,0,395890,A,B,57800,5800,
600018.SH,600018,20251209,92453390,0,395891,A,B,57800,3500,
600018.SH,600018,20251209,92453870,0,396298,A,B,55900,5000,
600018.SH,600018,20251209,92454230,0,396558,A,B,57100,4100,
600018.SH,600018,20251209,92454340,0,396675,A,B,57100,6000,
600018.SH,600018,20251209,92455030,0,397426,A,S,61700,500,
600018.SH,600018,20251209,92455100,0,397562,A,B,60700,500,
600018.SH,600018,20251209,92455390,0,397978,A,B,56600,100,
600018.SH,600018,20251209,92455580,0,398191,A,B,56600,100,
600018.SH,600018,20251209,92456280,0,399163,A,B,57100,300,
600018.SH,600018,20251209,92456340,0,399256,A,B,61700,500,
600018.SH,600018,20251209,92456450,0,399490,A,B,57100,1600,
600018.SH,600018,20251209,92456520,0,399572,A,B,56600,100,
600018.SH,600018,20251209,92456560,0,399636,A,B,57100,300,
600018.SH,600018,20251209,92456850,0,400106,A,B,57100,2600,
600018.SH,600018,20251209,92456900,0,400166,A,B,57100,300,
600018.SH,600018,20251209,92456930,0,400216,A,B,56600,100,
600018.SH,600018,20251209,92457700,0,401727,A,B,57100,300,
600018.SH,600018,20251209,92457740,0,401801,A,B,57100,100,
600018.SH,600018,20251209,92458000,0,402229,A,B,57100,3800,
600018.SH,600018,20251209,92458000,0,402256,A,B,58600,28800,
600018.SH,600018,20251209,92458330,0,403068,A,B,56000,20000,
600018.SH,600018,20251209,92458370,0,403207,A,B,56100,100,
600018.SH,600018,20251209,92458480,0,403439,A,B,56100,200,
600018.SH,600018,20251209,92458550,0,403642,A,B,61600,7500,
600018.SH,600018,20251209,92458600,0,403839,A,B,61600,14900,
600018.SH,600018,20251209,92459090,0,404839,A,S,55600,100,
600018.SH,600018,20251209,92459130,0,405020,A,B,56500,13600,
600018.SH,600018,20251209,92459160,0,405223,A,B,55500,3000,
600018.SH,600018,20251209,92459480,0,405989,A,S,53300,3500,
600018.SH,600018,20251209,92459610,0,406475,A,B,56500,25300,
600018.SH,600018,20251209,92459950,0,407373,A,B,56400,1700,
600018.SH,600018,20251209,92459990,0,407453,A,S,59000,2000,
600018.SH,600018,20251209,92501090,0,0,S,O,0,0,
600018.SH,600018,20251209,93000130,0,408041,A,S,56200,800,
600018.SH,600018,20251209,93000450,0,410136,A,B,55800,5000,
600018.SH,600018,20251209,93002310,0,412223,A,B,56100,800,
600018.SH,600018,20251209,93002490,0,413679,A,S,56400,5000,
600018.SH,600018,20251209,93002540,0,414493,A,S,57400,1000,
600018.SH,600018,20251209,93002540,0,376047,D,B,56100,500,
600018.SH,600018,20251209,93002540,0,414642,A,S,56200,1600,
600018.SH,600018,20251209,93002620,0,414856,A,B,56000,10000,
600018.SH,600018,20251209,93002620,0,32441,D,B,53100,10000,
600018.SH,600018,20251209,93002620,0,415391,A,S,56400,82200,
600018.SH,600018,20251209,93002620,0,415593,A,B,56000,3000,
600018.SH,600018,20251209,93002620,0,416192,A,B,56000,1000,
600018.SH,600018,20251209,93002750,0,417740,A,B,56100,100,
600018.SH,600018,20251209,93002750,0,417838,A,B,55800,20000,
600018.SH,600018,20251209,93002900,0,418274,A,S,61700,2000,
600018.SH,600018,20251209,93002900,0,418395,A,S,61700,3000,
600018.SH,600018,20251209,93002900,0,418988,A,S,57800,3000,
600018.SH,600018,20251209,93002900,0,419090,A,B,55900,2000,
600018.SH,600018,20251209,93002900,0,419206,A,B,56000,2000,
600018.SH,600018,20251209,93003060,0,420913,A,S,59900,300,
600018.SH,600018,20251209,93003220,0,422488,A,B,56000,1200,
600018.SH,600018,20251209,93003220,0,422628,A,S,59200,100,
600018.SH,600018,20251209,93003220,0,422669,A,S,58800,1000,
600018.SH,600018,20251209,93003220,0,422687,A,B,54600,100000,
600018.SH,600018,20251209,93003220,0,422870,A,S,61600,1000,
600018.SH,600018,20251209,93003370,0,423530,A,S,57000,1000,
600018.SH,600018,20251209,93003370,0,424729,A,S,56600,2000,
600018.SH,600018,20251209,93003370,0,424730,A,B,55700,500,
600018.SH,600018,20251209,93003370,0,424773,A,B,55600,500,
600018.SH,600018,20251209,93003370,0,425035,A,S,60000,4800,
600018.SH,600018,20251209,93003370,0,425061,A,S,56200,800,
600018.SH,600018,20251209,93003510,0,425780,A,S,56200,2100,
600018.SH,600018,20251209,93003510,0,425805,A,S,56900,10000,
600018.SH,600018,20251209,93003510,0,426428,A,S,56900,26100,
600018.SH,600018,20251209,93003510,0,426899,A,S,61700,500,
600018.SH,600018,20251209,93003660,0,294041,D,B,56000,2000,
600018.SH,600018,20251209,93003660,0,427351,A,S,56500,14600,
600018.SH,600018,20251209,93003660,0,427941,A,B,55500,5000,
600018.SH,600018,20251209,93003660,0,428557,A,B,55700,1000,
600018.SH,600018,20251209,93003960,0,431079,A,B,56100,200,
600018.SH,600018,20251209,93004120,0,432276,A,B,55800,200,
600018.SH,600018,20251209,93004120,0,433329,A,S,56200,100,
600018.SH,600018,20251209,93004120,0,433781,A,B,56000,100,
600018.SH,600018,20251209,93004120,0,433850,A,B,56100,100,
600018.SH,600018,20251209,93004270,0,435240,A,S,56400,1000,
600018.SH,600018,20251209,93004270,0,435409,A,B,56100,3100,
600018.SH,600018,20251209,93004270,0,435702,A,S,56200,2200,
600018.SH,600018,20251209,93004420,0,436195,A,B,55800,1800,
600018.SH,600018,20251209,93004580,0,437596,A,B,56100,200,
600018.SH,600018,20251209,93004580,0,437912,A,B,55800,1200,
600018.SH,600018,20251209,93004580,0,438590,A,S,61700,3000,
600018.SH,600018,20251209,93004580,0,438812,A,B,56100,200,
600018.SH,600018,20251209,93004580,0,439209,A,B,56000,4000,
600018.SH,600018,20251209,93004730,0,439822,A,B,55900,4000,
600018.SH,600018,20251209,93004730,0,440005,A,B,55800,100,
600018.SH,600018,20251209,93004730,0,440456,A,S,57200,2000,
600018.SH,600018,20251209,93004730,0,440810,A,B,56100,10000,
600018.SH,600018,20251209,93004890,0,441185,A,S,57400,2000,
600018.SH,600018,20251209,93004890,0,441323,A,S,57900,1000,
600018.SH,600018,20251209,93004890,0,441411,A,S,57100,10000,
600018.SH,600018,20251209,93004890,0,441642,A,B,56000,200,
600018.SH,600018,20251209,93004890,0,442000,A,B,55800,2600,
600018.SH,600018,20251209,93005040,0,443608,A,B,55400,3500,
600018.SH,600018,20251209,93005040,0,381164,D,B,56100,600,
600018.SH,600018,20251209,93005040,0,444145,A,B,56100,2100,
600018.SH,600018,20251209,93005220,0,444903,A,S,56200,5400,
600018.SH,600018,20251209,93005220,0,381813,D,B,56000,1000,
600018.SH,600018,20251209,93005370,0,446669,A,S,56300,2500,
600018.SH,600018,20251209,93005370,0,446700,A,S,56200,2500,
600018.SH,600018,20251209,93005370,0,447073,A,S,57000,4200,
600018.SH,600018,20251209,93005370,0,447142,A,S,58800,300,
600018.SH,600018,20251209,93005370,0,448017,A,S,56300,5700,
600018.SH,600018,20251209,93005690,0,450713,A,S,56600,1000,
600018.SH,600018,20251209,93005690,0,450925,A,B,56000,1000,
600018.SH,600018,20251209,93005860,0,452172,A,B,56100,700,
600018.SH,600018,20251209,93005860,0,452362,A,B,55800,500,
600018.SH,600018,20251209,93006010,0,454406,A,B,56100,100,
600018.SH,600018,20251209,93006010,0,454435,A,B,56100,8300,
600018.SH,600018,20251209,93006010,0,454455,A,B,50600,2000,
600018.SH,600018,20251209,93006010,0,454623,A,B,53900,1000,
600018.SH,600018,20251209,93006010,0,454880,A,B,56100,600,
600018.SH,600018,20251209,93006010,0,455129,A,S,57600,9400,
600018.SH,600018,20251209,93006170,0,455467,A,S,58800,8294,
600018.SH,600018,20251209,93006170,0,455915,A,S,57200,21700,
600018.SH,600018,20251209,93006170,0,456876,A,B,56100,1700,
600018.SH,600018,20251209,93006320,0,457929,A,S,61000,10000,
600018.SH,600018,20251209,93006640,0,460797,A,S,58500,1500,
600018.SH,600018,20251209,93006640,0,460939,A,S,61700,1700,
600018.SH,600018,20251209,93006640,0,460991,A,S,58000,1800,
600018.SH,600018,20251209,93006640,0,461208,A,S,56200,1700,
600018.SH,600018,20251209,93006640,0,461748,A,B,55000,3000,
600018.SH,600018,20251209,93006640,0,462005,A,B,55500,2000,
600018.SH,600018,20251209,93006790,0,462523,A,B,50500,1000,
600018.SH,600018,20251209,93006790,0,462713,A,B,56000,1000,
600018.SH,600018,20251209,93006790,0,463298,A,B,55700,1000,
600018.SH,600018,20251209,93006790,0,463331,A,B,55500,1000,
600018.SH,600018,20251209,93006930,0,464552,A,B,56100,900,
600018.SH,600018,20251209,93006930,0,465363,A,B,56100,100,
600018.SH,600018,20251209,93007080,0,466326,A,S,56200,1100,
600018.SH,600018,20251209,93007080,0,466831,A,B,56100,400,
600018.SH,600018,20251209,93007240,0,468260,A,B,56100,400,
600018.SH,600018,20251209,93007240,0,468273,A,B,55400,10000,
600018.SH,600018,20251209,93007240,0,468696,A,S,56300,5000,
600018.SH,600018,20251209,93007240,0,469324,A,B,50800,500,
600018.SH,600018,20251209,93007410,0,469997,A,S,56600,9900,
600018.SH,600018,20251209,93007410,0,470337,A,S,56200,2000,
600018.SH,600018,20251209,93007410,0,470482,A,B,56100,1600,
600018.SH,600018,20251209,93007410,0,470584,A,B,55800,2000,
600018.SH,600018,20251209,93007410,0,470618,A,S,56200,17700,
600018.SH,600018,20251209,93007410,0,470722,A,S,56300,3000,
600018.SH,600018,20251209,93007590,0,471465,A,B,55800,1600,
600018.SH,600018,20251209,93007590,0,472385,A,B,55800,500,
600018.SH,600018,20251209,93007590,0,472721,A,B,55300,6100,
600018.SH,600018,20251209,93007750,0,473312,A,B,54200,500,
600018.SH,600018,20251209,93007750,0,474441,A,B,52200,500,
600018.SH,600018,20251209,93007900,0,474774,A,B,56100,1000,
600018.SH,600018,20251209,93007900,0,474797,A,B,56000,6100,
600018.SH,600018,20251209,93007900,0,475641,A,S,56900,19400,
600018.SH,600018,20251209,93007900,0,475883,A,S,58700,200,
600018.SH,600018,20251209,93008050,0,116235,D,S,61300,500,
600018.SH,600018,20251209,93008050,0,476930,A,S,56600,10000,
600018.SH,600018,20251209,93008050,0,476930,D,S,56600,10000,
600018.SH,600018,20251209,93008050,0,477285,A,S,56200,900,
600018.SH,600018,20251209,93008210,0,478594,A,S,56200,600,
600018.SH,600018,20251209,93008210,0,479509,A,S,56200,200,
600018.SH,600018,20251209,93008210,0,479596,A,S,56200,900,
600018.SH,600018,20251209,93008380,0,480230,A,B,56100,1200,
600018.SH,600018,20251209,93008380,0,480474,A,B,56100,300,
600018.SH,600018,20251209,93008380,0,481252,A,S,56200,3900,
600018.SH,600018,20251209,93008380,0,481597,A,B,56100,100,
600018.SH,600018,20251209,93008530,0,481784,A,B,56100,100,
600018.SH,600018,20251209,93008530,0,481933,A,B,56100,100,
600018.SH,600018,20251209,93008530,0,482711,A,B,55400,100,
600018.SH,600018,20251209,93008530,0,483282,A,B,56100,300,
600018.SH,600018,20251209,93008680,0,484289,A,S,58800,1000,
600018.SH,600018,20251209,93008680,0,484972,A,B,55800,1000,
600018.SH,600018,20251209,93008840,0,485639,A,S,56400,1800,
600018.SH,600018,20251209,93008840,0,486166,A,S,61200,8100,
600018.SH,600018,20251209,93009020,0,487839,A,S,56800,20000,
600018.SH,600018,20251209,93009020,0,488077,A,S,61700,100,
600018.SH,600018,20251209,93009190,0,489044,A,B,56100,400,
600018.SH,600018,20251209,93009190,0,489332,A,S,56200,300,
600018.SH,600018,20251209,93009190,0,489378,A,B,55600,5000,
600018.SH,600018,20251209,93009270,0,489694,A,B,56100,700,
600018.SH,600018,20251209,93009270,0,489718,A,B,56100,1300,
600018.SH,600018,20251209,93009270,0,489825,A,S,56200,1700,
600018.SH,600018,20251209,93009270,0,489974,A,B,56100,600,
600018.SH,600018,20251209,93009270,0,490076,A,B,56100,900,
600018.SH,600018,20251209,93009450,0,491791,A,S,56200,1300,
600018.SH,600018,20251209,93009450,0,491856,A,B,56100,900,
600018.SH,600018,20251209,93009450,0,492974,A,S,56600,1000,
600018.SH,600018,20251209,93009600,0,493929,A,B,56100,1800,
600018.SH,600018,20251209,93009600,0,494578,A,B,56100,1200,
600018.SH,600018,20251209,93009600,0,494743,A,B,56100,600,
600018.SH,600018,20251209,93009760,0,495197,A,B,56000,200,
600018.SH,600018,20251209,93009760,0,495250,A,B,56000,2000,
600018.SH,600018,20251209,93009760,0,495723,A,S,56800,1000,
600018.SH,600018,20251209,93009760,0,496726,A,S,61700,3500,
600018.SH,600018,20251209,93009980,0,433850,D,B,56100,100,
600018.SH,600018,20251209,93009980,0,497413,A,B,56100,100,
600018.SH,600018,20251209,93009980,0,497531,A,B,56100,100,
600018.SH,600018,20251209,93009980,0,497833,A,B,56100,300,
600018.SH,600018,20251209,93009980,0,498469,A,S,61600,1000,
600018.SH,600018,20251209,93009980,0,498613,A,B,55800,2000,
600018.SH,600018,20251209,93010150,0,498915,A,S,56200,100,
600018.SH,600018,20251209,93010150,0,499897,A,B,56100,200,
600018.SH,600018,20251209,93010270,0,500270,A,B,56100,100,
600018.SH,600018,20251209,93010270,0,500485,A,B,53800,6000,
600018.SH,600018,20251209,93010430,0,501899,A,S,56200,100,
600018.SH,600018,20251209,93010430,0,502185,A,S,56200,200,
