万得代码,交易所代码,自然日,时间,成交价,成交量,成交额,成交笔数,IOPV,成交标志,BS标志,当日累计成交量,当日成交额,最高价,最低价,开盘价,前收盘,申卖价1,申卖价2,申卖价3,申卖价4,申卖价5,申卖价6,申卖价7,申卖价8,申卖价9,申卖价10,申卖量1,申卖量2,申卖量3,申卖量4,申卖量5,申卖量6,申卖量7,申卖量8,申卖量9,申卖量10,申买价1,申买价2,申买价3,申买价4,申买价5,申买价6,申买价7,申买价8,申买价9,申买价10,申买量1,申买量2,申买量3,申买量4,申买量5,申买量6,申买量7,申买量8,申买量9,申买量10,加权平均叫卖价,加权平均叫买价,叫卖总量,叫买总量,不加权指数,品种总数,上涨品种数,下跌品种数,持平品种数,
600035.SH,600035,20251209,84509000,0,0,0,0,0,,,0,0,0,0,0,40200,0,0,0,0,0,0,0,0,0,0,0,0,0,0,0,0,0,0,0,0,0,0,0,0,0,0,0,0,0,0,0,0,0,0,0,0,0,0,0,0,0,0,0,0,0,0,0,0,0,
600035.SH,600035,20251209,91403000,0,0,0,0,0,,,0,0,0,0,0,40200,0,0,0,0,0,0,0,0,0,0,0,0,0,0,0,0,0,0,0,0,0,0,0,0,0,0,0,0,0,0,0,0,0,0,0,0,0,0,0,0,0,0,0,0,0,0,0,0,0,
600035.SH,600035,20251209,91500000,0,0,0,0,0,,,0,0,0,0,0,40200,0,0,0,0,0,0,0,0,0,0,0,0,0,0,0,0,0,0,0,0,0,0,0,0,0,0,0,0,0,0,0,0,0,0,0,0,0,0,0,0,0,40100,0,20000,0,0,0,0,0,
600035.SH,600035,20251209,91503000,0,0,0,0,0,,,0,0,0,0,0,40200,0,0,0,0,0,0,0,0,0,0,0,0,0,0,0,0,0,0,0,0,0,0,0,0,0,0,0,0,0,0,0,0,0,0,0,0,0,0,0,0,40790,39900,1035100,442200,0,0,0,0,0,
600035.SH,600035,20251209,91506000,0,0,0,0,0,,,0,0,0,0,0,40200,0,0,0,0,0,0,0,0,0,0,0,0,0,0,0,0,0,0,0,0,0,0,0,0,0,0,0,0,0,0,0,0,0,0,0,0,0,0,0,0,41280,39860,1661900,974500,0,0,0,0,0,
600035.SH,600035,20251209,91509000,0,0,0,0,0,,,0,0,0,0,0,40200,0,0,0,0,0,0,0,0,0,0,0,0,0,0,0,0,0,0,0,0,0,0,0,0,0,0,0,0,0,0,0,0,0,0,0,0,0,0,0,0,41320,39900,2300700,1674700,0,0,0,0,0,
600035.SH,600035,20251209,91512000,0,0,0,0,0,,,0,0,0,0,0,40200,0,0,0,0,0,0,0,0,0,0,0,0,0,0,0,0,0,0,0,0,0,0,0,0,0,0,0,0,0,0,0,0,0,0,0,0,0,0,0,0,41330,39870,2517700,2041200,0,0,0,0,0,
600035.SH,600035,20251209,91515000,0,0,0,0,0,,,0,0,0,0,0,40200,0,0,0,0,0,0,0,0,0,0,0,0,0,0,0,0,0,0,0,0,0,0,0,0,0,0,0,0,0,0,0,0,0,0,0,0,0,0,0,0,41410,39760,3131100,2282300,0,0,0,0,0,
600035.SH,600035,20251209,91518000,0,0,0,0,0,,,0,0,0,0,0,40200,40200,0,0,0,0,0,0,0,0,0,100,0,0,0,0,0,0,0,0,0,40200,0,0,0,0,0,0,0,0,0,100,13000,0,0,0,0,0,0,0,0,41540,39750,3895400,2426400,0,0,0,0,0,
600035.SH,600035,20251209,91521000,0,0,0,0,0,,,0,0,0,0,0,40200,40300,0,0,0,0,0,0,0,0,0,300,40100,0,0,0,0,0,0,0,0,40300,0,0,0,0,0,0,0,0,0,300,0,0,0,0,0,0,0,0,0,41560,39720,3981200,2525200,0,0,0,0,0,
600035.SH,600035,20251209,91524000,0,0,0,0,0,,,0,0,0,0,0,40200,40300,0,0,0,0,0,0,0,0,0,300,40100,0,0,0,0,0,0,0,0,40300,0,0,0,0,0,0,0,0,0,300,0,0,0,0,0,0,0,0,0,41570,39710,4022400,2545500,0,0,0,0,0,
600035.SH,600035,20251209,91527000,0,0,0,0,0,,,0,0,0,0,0,40200,40300,0,0,0,0,0,0,0,0,0,300,40100,0,0,0,0,0,0,0,0,40300,0,0,0,0,0,0,0,0,0,300,0,0,0,0,0,0,0,0,0,41570,39710,4024900,2545500,0,0,0,0,0,
600035.SH,600035,20251209,91530000,0,0,0,0,0,,,0,0,0,0,0,40200,40300,0,0,0,0,0,0,0,0,0,300,40200,0,0,0,0,0,0,0,0,40300,0,0,0,0,0,0,0,0,0,300,0,0,0,0,0,0,0,0,0,41570,39710,4025100,2545600,0,0,0,0,0,
600035.SH,600035,20251209,91536000,0,0,0,0,0,,,0,0,0,0,0,40200,40300,0,0,0,0,0,0,0,0,0,300,40200,0,0,0,0,0,0,0,0,40300,0,0,0,0,0,0,0,0,0,300,0,0,0,0,0,0,0,0,0,41570,39710,4025500,2545900,0,0,0,0,0,
600035.SH,600035,20251209,91539000,0,0,0,0,0,,,0,0,0,0,0,40200,40300,0,0,0,0,0,0,0,0,0,300,40200,0,0,0,0,0,0,0,0,40300,0,0,0,0,0,0,0,0,0,300,0,0,0,0,0,0,0,0,0,41570,39710,4026500,2546900,0,0,0,0,0,
600035.SH,600035,20251209,91545000,0,0,0,0,0,,,0,0,0,0,0,40200,40300,0,0,0,0,0,0,0,0,0,300,40200,0,0,0,0,0,0,0,0,40300,0,0,0,0,0,0,0,0,0,300,0,0,0,0,0,0,0,0,0,41570,39710,4026600,2547000,0,0,0,0,0,
600035.SH,600035,20251209,91548000,0,0,0,0,0,,,0,0,0,0,0,40200,40300,0,0,0,0,0,0,0,0,0,300,40200,0,0,0,0,0,0,0,0,40300,0,0,0,0,0,0,0,0,0,300,0,0,0,0,0,0,0,0,0,41570,39710,4029900,2550300,0,0,0,0,0,
600035.SH,600035,20251209,91551000,0,0,0,0,0,,,0,0,0,0,0,40200,40300,0,0,0,0,0,0,0,0,0,300,40200,0,0,0,0,0,0,0,0,40300,0,0,0,0,0,0,0,0,0,300,0,0,0,0,0,0,0,0,0,41570,39710,4032300,2550300,0,0,0,0,0,
600035.SH,600035,20251209,91554000,0,0,0,0,0,,,0,0,0,0,0,40200,40300,0,0,0,0,0,0,0,0,0,300,40200,0,0,0,0,0,0,0,0,40300,0,0,0,0,0,0,0,0,0,300,0,0,0,0,0,0,0,0,0,41570,39710,4033300,2551100,0,0,0,0,0,
600035.SH,600035,20251209,91557000,0,0,0,0,0,,,0,0,0,0,0,40200,40300,0,0,0,0,0,0,0,0,0,300,40200,0,0,0,0,0,0,0,0,40300,0,0,0,0,0,0,0,0,0,300,0,0,0,0,0,0,0,0,0,41570,39710,4034900,2552700,0,0,0,0,0,
600035.SH,600035,20251209,91600000,0,0,0,0,0,,,0,0,0,0,0,40200,40300,0,0,0,0,0,0,0,0,0,300,40200,0,0,0,0,0,0,0,0,40300,0,0,0,0,0,0,0,0,0,300,0,0,0,0,0,0,0,0,0,41570,39710,4036900,2552700,0,0,0,0,0,
600035.SH,600035,20251209,91603000,0,0,0,0,0,,,0,0,0,0,0,40200,40300,0,0,0,0,0,0,0,0,0,300,40500,0,0,0,0,0,0,0,0,40300,0,0,0,0,0,0,0,0,0,300,0,0,0,0,0,0,0,0,0,41570,39710,4037200,2553000,0,0,0,0,0,
600035.SH,600035,20251209,91606000,0,0,0,0,0,,,0,0,0,0,0,40200,40300,0,0,0,0,0,0,0,0,0,300,40500,0,0,0,0,0,0,0,0,40300,0,0,0,0,0,0,0,0,0,300,0,0,0,0,0,0,0,0,0,41570,39710,4040400,2554200,0,0,0,0,0,
600035.SH,600035,20251209,91615000,0,0,0,0,0,,,0,0,0,0,0,40200,40300,0,0,0,0,0,0,0,0,0,300,40500,0,0,0,0,0,0,0,0,40300,0,0,0,0,0,0,0,0,0,300,0,0,0,0,0,0,0,0,0,41570,39710,4050400,2554200,0,0,0,0,0,
600035.SH,600035,20251209,91618000,0,0,0,0,0,,,0,0,0,0,0,40200,40300,0,0,0,0,0,0,0,0,0,300,40500,0,0,0,0,0,0,0,0,40300,0,0,0,0,0,0,0,0,0,300,0,0,0,0,0,0,0,0,0,41560,39710,4070400,2554200,0,0,0,0,0,
600035.SH,600035,20251209,91621000,0,0,0,0,0,,,0,0,0,0,0,40200,40300,0,0,0,0,0,0,0,0,0,300,40500,0,0,0,0,0,0,0,0,40300,0,0,0,0,0,0,0,0,0,300,0,0,0,0,0,0,0,0,0,41560,39710,4080200,2554200,0,0,0,0,0,
600035.SH,600035,20251209,91630000,0,0,0,0,0,,,0,0,0,0,0,40200,40300,0,0,0,0,0,0,0,0,0,300,40500,0,0,0,0,0,0,0,0,40300,0,0,0,0,0,0,0,0,0,300,0,0,0,0,0,0,0,0,0,41560,39710,4080200,2556200,0,0,0,0,0,
600035.SH,600035,20251209,91633000,0,0,0,0,0,,,0,0,0,0,0,40200,40300,0,0,0,0,0,0,0,0,0,300,40500,0,0,0,0,0,0,0,0,40300,0,0,0,0,0,0,0,0,0,300,0,0,0,0,0,0,0,0,0,41570,39710,4091200,2556800,0,0,0,0,0,
600035.SH,600035,20251209,91648000,0,0,0,0,0,,,0,0,0,0,0,40200,40300,0,0,0,0,0,0,0,0,0,300,40500,0,0,0,0,0,0,0,0,40300,0,0,0,0,0,0,0,0,0,300,0,0,0,0,0,0,0,0,0,41570,39710,4101200,2556800,0,0,0,0,0,
600035.SH,600035,20251209,91706000,0,0,0,0,0,,,0,0,0,0,0,40200,40300,0,0,0,0,0,0,0,0,0,300,40500,0,0,0,0,0,0,0,0,40300,0,0,0,0,0,0,0,0,0,300,0,0,0,0,0,0,0,0,0,41570,39710,4103200,2556800,0,0,0,0,0,
600035.SH,600035,20251209,91718000,0,0,0,0,0,,,0,0,0,0,0,40200,40300,0,0,0,0,0,0,0,0,0,300,40500,0,0,0,0,0,0,0,0,40300,0,0,0,0,0,0,0,0,0,300,0,0,0,0,0,0,0,0,0,41570,39710,4103400,2557800,0,0,0,0,0,
600035.SH,600035,20251209,91733000,0,0,0,0,0,,,0,0,0,0,0,40200,40300,0,0,0,0,0,0,0,0,0,300,40500,0,0,0,0,0,0,0,0,40300,0,0,0,0,0,0,0,0,0,300,0,0,0,0,0,0,0,0,0,41570,39710,4113400,2557800,0,0,0,0,0,
600035.SH,600035,20251209,91806000,0,0,0,0,0,,,0,0,0,0,0,40200,40300,0,0,0,0,0,0,0,0,0,300,40500,0,0,0,0,0,0,0,0,40300,0,0,0,0,0,0,0,0,0,300,0,0,0,0,0,0,0,0,0,41570,39710,4113400,2567800,0,0,0,0,0,
600035.SH,600035,20251209,91809000,0,0,0,0,0,,,0,0,0,0,0,40200,40300,0,0,0,0,0,0,0,0,0,300,40500,0,0,0,0,0,0,0,0,40300,0,0,0,0,0,0,0,0,0,300,0,0,0,0,0,0,0,0,0,41570,39710,4113400,2568300,0,0,0,0,0,
600035.SH,600035,20251209,91812000,0,0,0,0,0,,,0,0,0,0,0,40200,40300,0,0,0,0,0,0,0,0,0,300,40500,0,0,0,0,0,0,0,0,40300,0,0,0,0,0,0,0,0,0,300,0,0,0,0,0,0,0,0,0,41570,39720,4113400,2668300,0,0,0,0,0,
600035.SH,600035,20251209,91827000,0,0,0,0,0,,,0,0,0,0,0,40200,40300,0,0,0,0,0,0,0,0,0,300,40500,0,0,0,0,0,0,0,0,40300,0,0,0,0,0,0,0,0,0,300,0,0,0,0,0,0,0,0,0,41570,39720,4130900,2672300,0,0,0,0,0,
600035.SH,600035,20251209,91830000,0,0,0,0,0,,,0,0,0,0,0,40200,40300,0,0,0,0,0,0,0,0,0,300,40700,0,0,0,0,0,0,0,0,40300,0,0,0,0,0,0,0,0,0,300,0,0,0,0,0,0,0,0,0,41570,39720,4131100,2672300,0,0,0,0,0,
600035.SH,600035,20251209,91833000,0,0,0,0,0,,,0,0,0,0,0,40200,40300,0,0,0,0,0,0,0,0,0,300,40700,0,0,0,0,0,0,0,0,40300,0,0,0,0,0,0,0,0,0,300,0,0,0,0,0,0,0,0,0,41560,39720,4141100,2672300,0,0,0,0,0,
600035.SH,600035,20251209,91842000,0,0,0,0,0,,,0,0,0,0,0,40200,40300,0,0,0,0,0,0,0,0,0,300,40700,0,0,0,0,0,0,0,0,40300,0,0,0,0,0,0,0,0,0,300,0,0,0,0,0,0,0,0,0,41560,39720,4142100,2672300,0,0,0,0,0,
600035.SH,600035,20251209,91854000,0,0,0,0,0,,,0,0,0,0,0,40200,40300,0,0,0,0,0,0,0,0,0,300,40700,0,0,0,0,0,0,0,0,40300,0,0,0,0,0,0,0,0,0,300,0,0,0,0,0,0,0,0,0,41560,39720,4148100,2672300,0,0,0,0,0,
600035.SH,600035,20251209,91900000,0,0,0,0,0,,,0,0,0,0,0,40200,40300,0,0,0,0,0,0,0,0,0,300,40700,0,0,0,0,0,0,0,0,40300,0,0,0,0,0,0,0,0,0,300,0,0,0,0,0,0,0,0,0,41550,39720,4177000,2672300,0,0,0,0,0,
600035.SH,600035,20251209,91906000,0,0,0,0,0,,,0,0,0,0,0,40200,40300,0,0,0,0,0,0,0,0,0,300,40700,0,0,0,0,0,0,0,0,40300,0,0,0,0,0,0,0,0,0,300,0,0,0,0,0,0,0,0,0,41550,39700,4177000,2692300,0,0,0,0,0,
600035.SH,600035,20251209,91909000,0,0,0,0,0,,,0,0,0,0,0,40200,40300,0,0,0,0,0,0,0,0,0,300,43200,0,0,0,0,0,0,0,0,40300,0,0,0,0,0,0,0,0,0,300,0,0,0,0,0,0,0,0,0,41550,39700,4179500,2692300,0,0,0,0,0,
600035.SH,600035,20251209,91912000,0,0,0,0,0,,,0,0,0,0,0,40200,40300,0,0,0,0,0,0,0,0,0,300,43200,0,0,0,0,0,0,0,0,40300,0,0,0,0,0,0,0,0,0,300,0,0,0,0,0,0,0,0,0,41550,39700,4179500,2743300,0,0,0,0,0,
600035.SH,600035,20251209,91918000,0,0,0,0,0,,,0,0,0,0,0,40200,40300,0,0,0,0,0,0,0,0,0,300,43200,0,0,0,0,0,0,0,0,40300,0,0,0,0,0,0,0,0,0,300,0,0,0,0,0,0,0,0,0,41550,39700,4183100,2748300,0,0,0,0,0,
600035.SH,600035,20251209,91936000,0,0,0,0,0,,,0,0,0,0,0,40200,40300,0,0,0,0,0,0,0,0,0,300,43200,0,0,0,0,0,0,0,0,40300,0,0,0,0,0,0,0,0,0,300,0,0,0,0,0,0,0,0,0,41560,39700,4185100,2748300,0,0,0,0,0,
600035.SH,600035,20251209,91939000,0,0,0,0,0,,,0,0,0,0,0,40200,40300,0,0,0,0,0,0,0,0,0,300,43200,0,0,0,0,0,0,0,0,40300,0,0,0,0,0,0,0,0,0,300,0,0,0,0,0,0,0,0,0,41560,39700,4185100,2748600,0,0,0,0,0,
600035.SH,600035,20251209,91951000,0,0,0,0,0,,,0,0,0,0,0,40200,40300,0,0,0,0,0,0,0,0,0,600,42900,0,0,0,0,0,0,0,0,40300,0,0,0,0,0,0,0,0,0,600,0,0,0,0,0,0,0,0,0,41560,39700,4193100,2748900,0,0,0,0,0,
600035.SH,600035,20251209,91954000,0,0,0,0,0,,,0,0,0,0,0,40200,40300,0,0,0,0,0,0,0,0,0,600,48900,0,0,0,0,0,0,0,0,40300,0,0,0,0,0,0,0,0,0,600,0,0,0,0,0,0,0,0,0,41560,39680,4203100,2768900,0,0,0,0,0,
600035.SH,600035,20251209,92012000,0,0,0,0,0,,,0,0,0,0,0,40200,40300,0,0,0,0,0,0,0,0,0,600,48900,0,0,0,0,0,0,0,0,40300,0,0,0,0,0,0,0,0,0,600,0,0,0,0,0,0,0,0,0,41560,39680,4205100,2768900,0,0,0,0,0,
600035.SH,600035,20251209,92015000,0,0,0,0,0,,,0,0,0,0,0,40200,40300,0,0,0,0,0,0,0,0,0,600,48900,0,0,0,0,0,0,0,0,40300,0,0,0,0,0,0,0,0,0,600,0,0,0,0,0,0,0,0,0,41560,39680,4205100,2769100,0,0,0,0,0,
600035.SH,600035,20251209,92024000,0,0,0,0,0,,,0,0,0,0,0,40200,40300,0,0,0,0,0,0,0,0,0,600,48900,0,0,0,0,0,0,0,0,40300,0,0,0,0,0,0,0,0,0,600,0,0,0,0,0,0,0,0,0,41560,39680,4205100,2771100,0,0,0,0,0,
600035.SH,600035,20251209,92030000,0,0,0,0,0,,,0,0,0,0,0,40200,40300,0,0,0,0,0,0,0,0,0,600,48900,0,0,0,0,0,0,0,0,40300,0,0,0,0,0,0,0,0,0,600,0,0,0,0,0,0,0,0,0,41560,39680,4205100,2801400,0,0,0,0,0,
600035.SH,600035,20251209,92042000,0,0,0,0,0,,,0,0,0,0,0,40200,40300,0,0,0,0,0,0,0,0,0,600,48900,0,0,0,0,0,0,0,0,40300,0,0,0,0,0,0,0,0,0,600,0,0,0,0,0,0,0,0,0,41560,39680,4205300,2801400,0,0,0,0,0,
600035.SH,600035,20251209,92048000,0,0,0,0,0,,,0,0,0,0,0,40200,40300,0,0,0,0,0,0,0,0,0,600,48900,0,0,0,0,0,0,0,0,40300,0,0,0,0,0,0,0,0,0,600,0,0,0,0,0,0,0,0,0,41560,39680,4205400,2801400,0,0,0,0,0,
600035.SH,600035,20251209,92051000,0,0,0,0,0,,,0,0,0,0,0,40200,40300,0,0,0,0,0,0,0,0,0,600,48900,0,0,0,0,0,0,0,0,40300,0,0,0,0,0,0,0,0,0,600,0,0,0,0,0,0,0,0,0,41560,39680,4210400,2801400,0,0,0,0,0,
600035.SH,600035,20251209,92054000,0,0,0,0,0,,,0,0,0,0,0,40200,40300,0,0,0,0,0,0,0,0,0,600,48900,0,0,0,0,0,0,0,0,40300,0,0,0,0,0,0,0,0,0,600,0,0,0,0,0,0,0,0,0,41560,39690,4210400,2901400,0,0,0,0,0,
600035.SH,600035,20251209,92057000,0,0,0,0,0,,,0,0,0,0,0,40200,40300,0,0,0,0,0,0,0,0,0,600,48900,0,0,0,0,0,0,0,0,40300,0,0,0,0,0,0,0,0,0,600,0,0,0,0,0,0,0,0,0,41560,39690,4210700,2901400,0,0,0,0,0,
600035.SH,600035,20251209,92100000,0,0,0,0,0,,,0,0,0,0,0,40200,40300,0,0,0,0,0,0,0,0,0,600,48900,0,0,0,0,0,0,0,0,40300,0,0,0,0,0,0,0,0,0,600,0,0,0,0,0,0,0,0,0,41560,39690,4220700,2901400,0,0,0,0,0,
600035.SH,600035,20251209,92106000,0,0,0,0,0,,,0,0,0,0,0,40200,40300,0,0,0,0,0,0,0,0,0,600,48900,0,0,0,0,0,0,0,0,40300,0,0,0,0,0,0,0,0,0,600,0,0,0,0,0,0,0,0,0,41560,39690,4220700,2914400,0,0,0,0,0,
600035.SH,600035,20251209,92112000,0,0,0,0,0,,,0,0,0,0,0,40200,40300,0,0,0,0,0,0,0,0,0,600,48900,0,0,0,0,0,0,0,0,40300,0,0,0,0,0,0,0,0,0,600,0,0,0,0,0,0,0,0,0,41560,39700,4220700,2916400,0,0,0,0,0,
600035.SH,600035,20251209,92115000,0,0,0,0,0,,,0,0,0,0,0,40200,40300,0,0,0,0,0,0,0,0,0,600,48900,0,0,0,0,0,0,0,0,40300,0,0,0,0,0,0,0,0,0,600,0,0,0,0,0,0,0,0,0,41560,39700,4221700,2916400,0,0,0,0,0,
600035.SH,600035,20251209,92118000,0,0,0,0,0,,,0,0,0,0,0,40200,40300,0,0,0,0,0,0,0,0,0,600,48900,0,0,0,0,0,0,0,0,40300,0,0,0,0,0,0,0,0,0,600,0,0,0,0,0,0,0,0,0,41560,39700,4224700,2916900,0,0,0,0,0,
600035.SH,600035,20251209,92121000,0,0,0,0,0,,,0,0,0,0,0,40200,40300,0,0,0,0,0,0,0,0,0,600,48900,0,0,0,0,0,0,0,0,40300,0,0,0,0,0,0,0,0,0,600,0,0,0,0,0,0,0,0,0,41550,39700,4247200,2918900,0,0,0,0,0,
600035.SH,600035,20251209,92124000,0,0,0,0,0,,,0,0,0,0,0,40200,40300,0,0,0,0,0,0,0,0,0,600,48900,0,0,0,0,0,0,0,0,40300,0,0,0,0,0,0,0,0,0,600,0,0,0,0,0,0,0,0,0,41550,39700,4247200,2928900,0,0,0,0,0,
600035.SH,600035,20251209,92127000,0,0,0,0,0,,,0,0,0,0,0,40200,40300,0,0,0,0,0,0,0,0,0,600,48900,0,0,0,0,0,0,0,0,40300,0,0,0,0,0,0,0,0,0,600,0,0,0,0,0,0,0,0,0,41550,39700,4247200,3033900,0,0,0,0,0,
600035.SH,600035,20251209,92130000,0,0,0,0,0,,,0,0,0,0,0,40200,40300,0,0,0,0,0,0,0,0,0,600,48900,0,0,0,0,0,0,0,0,40300,0,0,0,0,0,0,0,0,0,600,0,0,0,0,0,0,0,0,0,41550,39700,4247200,3036400,0,0,0,0,0,
600035.SH,600035,20251209,92142000,0,0,0,0,0,,,0,0,0,0,0,40200,40300,0,0,0,0,0,0,0,0,0,600,48900,0,0,0,0,0,0,0,0,40300,0,0,0,0,0,0,0,0,0,600,0,0,0,0,0,0,0,0,0,41550,39700,4257200,3056400,0,0,0,0,0,
600035.SH,600035,20251209,92148000,0,0,0,0,0,,,0,0,0,0,0,40200,40300,0,0,0,0,0,0,0,0,0,600,48900,0,0,0,0,0,0,0,0,40300,0,0,0,0,0,0,0,0,0,600,0,0,0,0,0,0,0,0,0,41550,39700,4357200,3056400,0,0,0,0,0,
600035.SH,600035,20251209,92151000,0,0,0,0,0,,,0,0,0,0,0,40200,40300,0,0,0,0,0,0,0,0,0,600,48900,0,0,0,0,0,0,0,0,40300,0,0,0,0,0,0,0,0,0,600,0,0,0,0,0,0,0,0,0,41530,39700,4420000,3056400,0,0,0,0,0,
600035.SH,600035,20251209,92154000,0,0,0,0,0,,,0,0,0,0,0,40200,40300,0,0,0,0,0,0,0,0,0,600,48900,0,0,0,0,0,0,0,0,40300,0,0,0,0,0,0,0,0,0,600,0,0,0,0,0,0,0,0,0,41520,39700,4475000,3056400,0,0,0,0,0,
600035.SH,600035,20251209,92203000,0,0,0,0,0,,,0,0,0,0,0,40200,40300,0,0,0,0,0,0,0,0,0,600,48900,0,0,0,0,0,0,0,0,40300,0,0,0,0,0,0,0,0,0,600,0,0,0,0,0,0,0,0,0,41520,39700,4575000,3056400,0,0,0,0,0,
600035.SH,600035,20251209,92209000,0,0,0,0,0,,,0,0,0,0,0,40200,40300,0,0,0,0,0,0,0,0,0,600,48900,0,0,0,0,0,0,0,0,40300,0,0,0,0,0,0,0,0,0,600,0,0,0,0,0,0,0,0,0,41520,39700,4595000,3056400,0,0,0,0,0,
600035.SH,600035,20251209,92221000,0,0,0,0,0,,,0,0,0,0,0,40200,40300,0,0,0,0,0,0,0,0,0,600,48900,0,0,0,0,0,0,0,0,40300,0,0,0,0,0,0,0,0,0,600,0,0,0,0,0,0,0,0,0,41530,39700,4695000,3056400,0,0,0,0,0,
600035.SH,600035,20251209,92227000,0,0,0,0,0,,,0,0,0,0,0,40200,40300,0,0,0,0,0,0,0,0,0,600,48900,0,0,0,0,0,0,0,0,40300,0,0,0,0,0,0,0,0,0,600,0,0,0,0,0,0,0,0,0,41520,39700,4698100,3056400,0,0,0,0,0,
600035.SH,600035,20251209,92233000,0,0,0,0,0,,,0,0,0,0,0,40200,40300,0,0,0,0,0,0,0,0,0,600,50900,0,0,0,0,0,0,0,0,40300,0,0,0,0,0,0,0,0,0,600,0,0,0,0,0,0,0,0,0,41520,39700,4703200,3056400,0,0,0,0,0,
600035.SH,600035,20251209,92236000,0,0,0,0,0,,,0,0,0,0,0,40200,40300,0,0,0,0,0,0,0,0,0,600,50900,0,0,0,0,0,0,0,0,40300,0,0,0,0,0,0,0,0,0,600,0,0,0,0,0,0,0,0,0,41520,39700,4723200,3056400,0,0,0,0,0,
600035.SH,600035,20251209,92245000,0,0,0,0,0,,,0,0,0,0,0,40200,40300,0,0,0,0,0,0,0,0,0,600,50900,0,0,0,0,0,0,0,0,40300,0,0,0,0,0,0,0,0,0,600,0,0,0,0,0,0,0,0,0,41520,39700,4723200,3061500,0,0,0,0,0,
600035.SH,600035,20251209,92248000,0,0,0,0,0,,,0,0,0,0,0,40200,40300,0,0,0,0,0,0,0,0,0,600,50900,0,0,0,0,0,0,0,0,40300,0,0,0,0,0,0,0,0,0,600,0,0,0,0,0,0,0,0,0,41520,39700,4723200,3066500,0,0,0,0,0,
600035.SH,600035,20251209,92251000,0,0,0,0,0,,,0,0,0,0,0,40200,40300,0,0,0,0,0,0,0,0,0,600,50900,0,0,0,0,0,0,0,0,40300,0,0,0,0,0,0,0,0,0,600,0,0,0,0,0,0,0,0,0,41520,39700,4724200,3066500,0,0,0,0,0,
600035.SH,600035,20251209,92257000,0,0,0,0,0,,,0,0,0,0,0,40200,40300,0,0,0,0,0,0,0,0,0,600,50900,0,0,0,0,0,0,0,0,40300,0,0,0,0,0,0,0,0,0,600,0,0,0,0,0,0,0,0,0,41520,39700,4724200,3071600,0,0,0,0,0,
600035.SH,600035,20251209,92312000,0,0,0,0,0,,,0,0,0,0,0,40200,40300,0,0,0,0,0,0,0,0,0,800,50700,0,0,0,0,0,0,0,0,40300,0,0,0,0,0,0,0,0,0,800,0,0,0,0,0,0,0,0,0,41520,39700,4724200,3071800,0,0,0,0,0,
600035.SH,600035,20251209,92321000,0,0,0,0,0,,,0,0,0,0,0,40200,40300,0,0,0,0,0,0,0,0,0,800,51700,0,0,0,0,0,0,0,0,40300,0,0,0,0,0,0,0,0,0,800,0,0,0,0,0,0,0,0,0,41520,39700,4725200,3071800,0,0,0,0,0,
600035.SH,600035,20251209,92324000,0,0,0,0,0,,,0,0,0,0,0,40200,40300,0,0,0,0,0,0,0,0,0,800,51700,0,0,0,0,0,0,0,0,40300,0,0,0,0,0,0,0,0,0,800,0,0,0,0,0,0,0,0,0,41520,39700,4730200,3071800,0,0,0,0,0,
600035.SH,600035,20251209,92336000,0,0,0,0,0,,,0,0,0,0,0,40200,40300,0,0,0,0,0,0,0,0,0,800,51700,0,0,0,0,0,0,0,0,40300,0,0,0,0,0,0,0,0,0,800,0,0,0,0,0,0,0,0,0,41550,39700,4785400,3071800,0,0,0,0,0,
600035.SH,600035,20251209,92351000,0,0,0,0,0,,,0,0,0,0,0,40200,40300,0,0,0,0,0,0,0,0,0,2600,49900,0,0,0,0,0,0,0,0,40300,0,0,0,0,0,0,0,0,0,2600,0,0,0,0,0,0,0,0,0,41550,39700,4787100,3073600,0,0,0,0,0,
600035.SH,600035,20251209,92400000,0,0,0,0,0,,,0,0,0,0,0,40200,40300,0,0,0,0,0,0,0,0,0,2600,49900,0,0,0,0,0,0,0,0,40300,0,0,0,0,0,0,0,0,0,2600,0,0,0,0,0,0,0,0,0,41550,39700,4802200,3073600,0,0,0,0,0,
600035.SH,600035,20251209,92403000,0,0,0,0,0,,,0,0,0,0,0,40200,40300,0,0,0,0,0,0,0,0,0,2600,49900,0,0,0,0,0,0,0,0,40300,0,0,0,0,0,0,0,0,0,2600,0,0,0,0,0,0,0,0,0,41550,39700,4802200,3083600,0,0,0,0,0,
600035.SH,600035,20251209,92406000,0,0,0,0,0,,,0,0,0,0,0,40200,40300,0,0,0,0,0,0,0,0,0,2600,51100,0,0,0,0,0,0,0,0,40300,0,0,0,0,0,0,0,0,0,2600,0,0,0,0,0,0,0,0,0,41540,39700,4862400,3083600,0,0,0,0,0,
600035.SH,600035,20251209,92409000,0,0,0,0,0,,,0,0,0,0,0,40200,40300,0,0,0,0,0,0,0,0,0,2600,51100,0,0,0,0,0,0,0,0,40300,0,0,0,0,0,0,0,0,0,2600,0,0,0,0,0,0,0,0,0,41540,39700,4864900,3083600,0,0,0,0,0,
600035.SH,600035,20251209,92412000,0,0,0,0,0,,,0,0,0,0,0,40200,40300,0,0,0,0,0,0,0,0,0,2600,51100,0,0,0,0,0,0,0,0,40300,0,0,0,0,0,0,0,0,0,2600,0,0,0,0,0,0,0,0,0,41550,39700,4884900,3083600,0,0,0,0,0,
600035.SH,600035,20251209,92418000,0,0,0,0,0,,,0,0,0,0,0,40200,40300,0,0,0,0,0,0,0,0,0,2600,51100,0,0,0,0,0,0,0,0,40300,0,0,0,0,0,0,0,0,0,2600,0,0,0,0,0,0,0,0,0,41550,39700,4886900,3085600,0,0,0,0,0,
600035.SH,600035,20251209,92421000,0,0,0,0,0,,,0,0,0,0,0,40200,40300,0,0,0,0,0,0,0,0,0,2600,51100,0,0,0,0,0,0,0,0,40300,0,0,0,0,0,0,0,0,0,2600,0,0,0,0,0,0,0,0,0,41550,39700,4911900,3085600,0,0,0,0,0,
600035.SH,600035,20251209,92427000,0,0,0,0,0,,,0,0,0,0,0,40200,40300,0,0,0,0,0,0,0,0,0,2600,51100,0,0,0,0,0,0,0,0,40300,0,0,0,0,0,0,0,0,0,2600,0,0,0,0,0,0,0,0,0,41550,39700,4913900,3085600,0,0,0,0,0,
600035.SH,600035,20251209,92430000,0,0,0,0,0,,,0,0,0,0,0,40200,40300,0,0,0,0,0,0,0,0,0,2600,51100,0,0,0,0,0,0,0,0,40300,0,0,0,0,0,0,0,0,0,2600,0,0,0,0,0,0,0,0,0,41550,39700,4915900,3085600,0,0,0,0,0,
600035.SH,600035,20251209,92433000,0,0,0,0,0,,,0,0,0,0,0,40200,40300,0,0,0,0,0,0,0,0,0,2600,51100,0,0,0,0,0,0,0,0,40300,0,0,0,0,0,0,0,0,0,2600,0,0,0,0,0,0,0,0,0,41550,39700,4915900,3087600,0,0,0,0,0,
600035.SH,600035,20251209,92436000,0,0,0,0,0,,,0,0,0,0,0,40200,40300,0,0,0,0,0,0,0,0,0,2600,51100,0,0,0,0,0,0,0,0,40300,0,0,0,0,0,0,0,0,0,2600,0,0,0,0,0,0,0,0,0,41560,39700,4945900,3087600,0,0,0,0,0,
600035.SH,600035,20251209,92439000,0,0,0,0,0,,,0,0,0,0,0,40200,40300,0,0,0,0,0,0,0,0,0,5400,48300,0,0,0,0,0,0,0,0,40300,0,0,0,0,0,0,0,0,0,5400,0,0,0,0,0,0,0,0,0,41560,39700,4945900,3090400,0,0,0,0,0,
600035.SH,600035,20251209,92442000,0,0,0,0,0,,,0,0,0,0,0,40200,40300,0,0,0,0,0,0,0,0,0,5400,48300,0,0,0,0,0,0,0,0,40300,0,0,0,0,0,0,0,0,0,5400,0,0,0,0,0,0,0,0,0,41560,39700,4945900,3090800,0,0,0,0,0,
600035.SH,600035,20251209,92454000,0,0,0,0,0,,,0,0,0,0,0,40200,40200,0,0,0,0,0,0,0,0,0,12400,0,0,0,0,0,0,0,0,0,40200,0,0,0,0,0,0,0,0,0,12400,14500,0,0,0,0,0,0,0,0,41550,39710,4958200,3230800,0,0,0,0,0,
600035.SH,600035,20251209,92457000,0,0,0,0,0,,,0,0,0,0,0,40200,40300,0,0,0,0,0,0,0,0,0,17700,53300,0,0,0,0,0,0,0,0,40300,0,0,0,0,0,0,0,0,0,17700,0,0,0,0,0,0,0,0,0,41550,39710,4993200,3243200,0,0,0,0,0,
600035.SH,600035,20251209,92500000,0,0,0,0,0,,,0,0,0,0,0,40200,40200,0,0,0,0,0,0,0,0,0,21500,0,0,0,0,0,0,0,0,0,40200,0,0,0,0,0,0,0,0,0,21500,17700,0,0,0,0,0,0,0,0,41540,39710,5002600,3243200,0,0,0,0,0,
600035.SH,600035,20251209,92503000,40200,21500,86430,15,0,,,21500,86430,40200,40200,40200,40200,40300,40400,40500,40600,40700,40800,40900,41000,41100,41200,58900,791200,657800,230100,266800,135600,294300,201600,35700,64800,40200,40100,40000,39900,39800,39700,39600,39500,39400,39300,17700,482000,767900,608600,988700,29600,44300,37600,1400,16400,41550,39700,4981100,3221700,0,0,0,0,0,
600035.SH,600035,20251209,93003000,40200,5300,21306,16,0,,,26800,107736,40200,40200,40200,40200,40300,40400,40500,40600,40700,40800,40900,41000,41100,41200,60900,806000,657800,230100,266800,135600,294300,201600,35700,64800,40200,40100,40000,39900,39800,39700,39600,39500,39400,39300,10400,482000,767900,510600,988700,29600,49900,37600,1400,16400,41550,39700,5000900,3122000,0,0,0,0,0,
600035.SH,600035,20251209,93006000,40200,0,0,16,0,,,26800,107736,40200,40200,40200,40200,40300,40400,40500,40600,40700,40800,40900,41000,41100,41200,67400,807500,700800,258600,280000,135600,294300,204600,35700,64800,40200,40100,40000,39900,39800,39700,39600,39500,39400,39300,10500,497000,780800,515700,991700,79600,49900,37600,1400,56400,41530,39700,5098700,3248100,0,0,0,0,0,
600035.SH,600035,20251209,93009000,40200,800,3216,20,0,,,27600,110952,40200,40200,40200,40200,40300,40400,40500,40600,40700,40800,40900,41000,41100,41200,99800,831000,717700,291900,313300,135600,294300,204600,35700,64800,40200,40100,40000,39900,39800,39700,39600,39500,39400,39300,9700,519300,781800,515700,1035700,79600,69900,37600,2600,56400,41500,39700,5238600,3335800,0,0,0,0,0,
600035.SH,600035,20251209,93012000,40200,3300,13266,27,0,,,30900,124218,40200,40200,40200,40200,40300,40400,40500,40600,40700,40800,40900,41000,41100,41200,484500,856000,717700,309900,323300,135600,294300,204600,35700,64800,40200,40100,40000,39900,39800,39700,39600,39500,39400,39300,22600,552300,781800,521700,1035700,79600,119900,37600,2600,62000,41410,39700,5676300,3443400,0,0,0,0,0,
600035.SH,600035,20251209,93015000,40200,1600,6432,33,0,,,32500,130650,40200,40200,40200,40200,40300,40400,40500,40600,40700,40800,40900,41000,41100,41200,487300,856000,717700,309900,323300,139800,296800,204600,35700,64800,40200,40100,40000,39900,39800,39700,39600,39500,39400,39300,21600,552500,781200,521700,1035700,79600,120200,37600,2600,62000,41410,39700,5685800,3442300,0,0,0,0,0,
600035.SH,600035,20251209,93018000,40200,6300,25326,45,0,,,38800,155976,40200,40200,40200,40200,40300,40400,40500,40600,40700,40800,40900,41000,41100,41200,492800,858000,717700,309900,329300,139800,296800,204600,35700,64800,40200,40100,40000,39900,39800,39700,39600,39500,39400,39300,118800,557800,786200,542700,1040700,79600,122200,37600,2600,62000,41420,39720,5729000,3577800,0,0,0,0,0,
600035.SH,600035,20251209,93021000,40200,11500,46230,57,0,,,50300,202206,40200,40200,40200,40200,40300,40400,40500,40600,40700,40800,40900,41000,41100,41200,498200,870100,717700,309900,329300,139800,296800,204600,35700,64800,40200,40100,40000,39900,39800,39700,39600,39500,39400,39300,109400,557400,786300,542700,1041200,80100,122200,40800,2600,62000,41420,39720,5746800,3572600,0,0,0,0,0,
600035.SH,600035,20251209,93024000,40200,2600,10457,70,0,,,52900,212663,40300,40200,40200,40200,40300,40400,40500,40600,40700,40800,40900,41000,41100,41200,498300,870100,717700,309900,329300,142900,296800,204600,35700,64800,40200,40100,40000,39900,39800,39700,39600,39500,39400,39300,110000,557400,784300,542700,1041200,80100,123300,40800,2600,62000,41450,39720,5878500,3572300,0,0,0,0,0,
600035.SH,600035,20251209,93027000,40200,5200,20904,81,0,,,58100,233567,40300,40200,40200,40200,40300,40400,40500,40600,40700,40800,40900,41000,41100,41200,538900,870100,717700,308700,329300,142900,296800,204600,35700,64800,40200,40100,40000,39900,39800,39700,39600,39500,39400,39300,114800,557800,784300,542700,1041200,80100,123300,40800,2600,62000,41470,39720,6019900,3577500,0,0,0,0,0,
600035.SH,600035,20251209,93030000,40200,4700,18894,91,0,,,62800,252461,40300,40200,40200,40200,40300,40400,40500,40600,40700,40800,40900,41000,41100,41200,539400,871300,717700,308700,329300,142900,296800,204600,35700,64800,40200,40100,40000,39900,39800,39700,39600,39500,39400,39300,110200,548400,785500,542700,1041200,80100,123300,40800,2600,62000,41470,39720,6021600,3564700,0,0,0,0,0,
600035.SH,600035,20251209,93033000,40200,131200,528265,119,0,,,194000,780726,40300,40200,40200,40200,40300,40400,40500,40600,40700,40800,40900,41000,41100,41200,455300,872500,717700,308700,329300,142900,296800,204600,35700,64800,40200,40100,40000,39900,39800,39700,39600,39500,39400,39300,63400,547900,795500,542700,1041200,80100,123300,40800,2600,62000,41480,39710,5938700,3527400,0,0,0,0,0,
600035.SH,600035,20251209,93036000,40200,2200,8844,129,0,,,196200,789570,40300,40200,40200,40200,40300,40400,40500,40600,40700,40800,40900,41000,41100,41200,457500,872500,717700,308700,329300,142900,296800,204600,35700,64800,40200,40100,40000,39900,39800,39700,39600,39500,39400,39300,62400,547900,795500,542700,1041200,80100,123300,40800,2600,62000,41500,39710,5979200,3526400,0,0,0,0,0,
600035.SH,600035,20251209,93039000,40200,5300,21306,159,0,,,201500,810876,40300,40200,40200,40200,40300,40400,40500,40600,40700,40800,40900,41000,41100,41200,458000,872500,717700,308700,329300,142900,296800,204600,35700,64800,40200,40100,40000,39900,39800,39700,39600,39500,39400,39300,57200,547900,805000,542700,1041200,80100,123300,40800,2600,62000,41500,39710,5980700,3530700,0,0,0,0,0,
600035.SH,600035,20251209,93042000,40200,1100,4422,164,0,,,202600,815298,40300,40200,40200,40200,40300,40400,40500,40600,40700,40800,40900,41000,41100,41200,458600,872500,717700,308700,329300,142900,296800,204600,35700,64800,40200,40100,40000,39900,39800,39700,39600,39500,39400,39300,56100,551900,805000,542700,1041200,80100,123300,40800,2600,62000,41500,39710,5981300,3533600,0,0,0,0,0,
600035.SH,600035,20251209,93045000,40200,1700,6834,171,0,,,204300,822132,40300,40200,40200,40200,40300,40400,40500,40600,40700,40800,40900,41000,41100,41200,458500,872500,717700,308700,329300,142900,296800,204600,35700,64800,40200,40100,40000,39900,39800,39700,39600,39500,39400,39300,55000,551900,805000,542700,1041200,80100,123300,40800,2600,62000,41500,39710,5981200,3532500,0,0,0,0,0,
600035.SH,600035,20251209,93048000,40200,300,1206,173,0,,,204600,823338,40300,40200,40200,40200,40300,40400,40500,40600,40700,40800,40900,41000,41100,41200,458500,872500,717700,308700,329300,142900,296800,204600,35700,64800,40200,40100,40000,39900,39800,39700,39600,39500,39400,39300,54700,551900,805000,542700,1041200,80100,123300,40800,2600,62000,41500,39710,5981200,3532200,0,0,0,0,0,
600035.SH,600035,20251209,93051000,40200,0,0,173,0,,,204600,823338,40300,40200,40200,40200,40300,40400,40500,40600,40700,40800,40900,41000,41100,41200,458500,872500,717700,308700,329300,142900,296800,204600,35700,64800,40200,40100,40000,39900,39800,39700,39600,39500,39400,39300,105100,551900,805000,542700,1041200,80100,123300,40800,2600,62000,41500,39720,5981200,3582600,0,0,0,0,0,
600035.SH,600035,20251209,93054000,40200,100,402,174,0,,,204700,823740,40300,40200,40200,40200,40300,40400,40500,40600,40700,40800,40900,41000,41100,41200,458500,872500,717700,308700,329300,142900,296800,204600,35700,64800,40200,40100,40000,39900,39800,39700,39600,39500,39400,39300,105500,560200,805000,542700,1041200,80100,123300,40800,2600,62000,41500,39720,5981200,3591300,0,0,0,0,0,
600035.SH,600035,20251209,93057000,40200,400,1608,175,0,,,205100,825348,40300,40200,40200,40200,40300,40400,40500,40600,40700,40800,40900,41000,41100,41200,458500,872500,717700,308700,329300,142900,306800,204600,35700,64800,40200,40100,40000,39900,39800,39700,39600,39500,39400,39300,105600,560200,805000,542700,1041200,80100,123300,40800,2600,62000,41500,39720,5991200,3591400,0,0,0,0,0,
600035.SH,600035,20251209,93100000,40200,400,1608,178,0,,,205500,826956,40300,40200,40200,40200,40300,40400,40500,40600,40700,40800,40900,41000,41100,41200,458500,872500,717700,308700,329300,142900,306800,204600,35700,64800,40200,40100,40000,39900,39800,39700,39600,39500,39400,39300,105200,560200,805000,542700,1041200,80100,123300,40800,2600,62000,41500,39720,5991200,3591000,0,0,0,0,0,
600035.SH,600035,20251209,93103000,40200,100,402,179,0,,,205600,827358,40300,40200,40200,40200,40300,40400,40500,40600,40700,40800,40900,41000,41100,41200,458500,872500,717700,308700,329300,142900,306800,204600,35700,64800,40200,40100,40000,39900,39800,39700,39600,39500,39400,39300,105300,562200,805000,552700,1041200,80100,123300,40800,2600,62000,41500,39720,5991200,3603100,0,0,0,0,0,
600035.SH,600035,20251209,93109000,40200,0,0,179,0,,,205600,827358,40300,40200,40200,40200,40300,40400,40500,40600,40700,40800,40900,41000,41100,41200,458500,872500,717700,308700,329300,142900,306800,204600,35700,64800,40200,40100,40000,39900,39800,39700,39600,39500,39400,39300,105500,562200,813400,552700,1041200,80100,123300,40800,2600,62000,41500,39720,5991200,3611700,0,0,0,0,0,
600035.SH,600035,20251209,93112000,40200,0,0,179,0,,,205600,827358,40300,40200,40200,40200,40300,40400,40500,40600,40700,40800,40900,41000,41100,41200,459600,872500,717700,308700,329300,142900,306800,204600,35700,64800,40200,40100,40000,39900,39800,39700,39600,39500,39400,39300,105600,562200,813400,552700,1041200,80100,123300,40800,2600,62000,41500,39720,5992300,3611800,0,0,0,0,0,
600035.SH,600035,20251209,93115000,40200,900,3618,180,0,,,206500,830976,40300,40200,40200,40200,40300,40400,40500,40600,40700,40800,40900,41000,41100,41200,459600,872500,717700,308700,329300,142900,306800,204600,35700,64800,40200,40100,40000,39900,39800,39700,39600,39500,39400,39300,104900,562200,813400,552700,1041200,80100,123300,40800,22600,62000,41500,39720,5992300,3631100,0,0,0,0,0,
600035.SH,600035,20251209,93118000,40200,0,0,180,0,,,206500,830976,40300,40200,40200,40200,40300,40400,40500,40600,40700,40800,40900,41000,41100,41200,459800,872500,722700,308700,329300,142900,306800,204600,35700,64800,40200,40100,40000,39900,39800,39700,39600,39500,39400,39300,105000,562200,813400,552700,1041200,80100,123300,40800,22600,62000,41500,39720,5997500,3631200,0,0,0,0,0,
600035.SH,600035,20251209,93121000,40200,900,3618,182,0,,,207400,834594,40300,40200,40200,40200,40300,40400,40500,40600,40700,40800,40900,41000,41100,41200,460300,872500,722700,308700,329300,142900,306800,204600,35700,64800,40200,40100,40000,39900,39800,39700,39600,39500,39400,39300,104300,562200,823400,553700,1041200,80100,123300,40800,22600,62000,41500,39720,5998000,3641500,0,0,0,0,0,
600035.SH,600035,20251209,93124000,40200,5000,20100,183,0,,,212400,854694,40300,40200,40200,40200,40300,40400,40500,40600,40700,40800,40900,41000,41100,41200,410400,872500,722700,308700,329300,142900,306800,204600,35700,64800,40200,40100,40000,39900,39800,39700,39600,39500,39400,39300,97300,564200,823400,553700,1041200,80100,123300,40800,22600,62000,41510,39720,5948100,3636500,0,0,0,0,0,
600035.SH,600035,20251209,93127000,40200,200,804,184,0,,,212600,855498,40300,40200,40200,40200,40300,40400,40500,40600,40700,40800,40900,41000,41100,41200,410400,872500,747500,308700,329300,142900,306800,204600,35700,64800,40200,40100,40000,39900,39800,39700,39600,39500,39400,39300,97100,564200,823400,562100,1041200,80100,123300,40800,22600,62000,41500,39720,5972900,3644700,0,0,0,0,0,
600035.SH,600035,20251209,93133000,40200,97100,390342,211,0,,,309700,1245840,40300,40200,40200,40200,40200,40300,40400,40500,40600,40700,40800,40900,41000,41100,7600,410700,872200,747500,308700,329300,142900,306800,204600,35700,40100,40000,39900,39800,39700,39600,39500,39400,39300,39200,567000,823400,562100,1041200,80100,123300,40800,22600,62000,5300,41500,39710,5980500,3550400,0,0,0,0,0,
600035.SH,600035,20251209,93136000,40200,1700,6821,215,0,,,311400,1252661,40300,40100,40200,40200,40200,40300,40400,40500,40600,40700,40800,40900,41000,41100,29100,378800,872200,747500,308700,329300,142900,306800,204600,35700,40100,40000,39900,39800,39700,39600,39500,39400,39300,39200,566800,823400,562100,1041200,80100,123300,40800,22600,62000,5300,41500,39710,5970100,3550200,0,0,0,0,0,
600035.SH,600035,20251209,93139000,40200,0,0,215,0,,,311400,1252661,40300,40100,40200,40200,40200,40300,40400,40500,40600,40700,40800,40900,41000,41100,36600,378800,872200,747500,313700,329300,142900,306800,204600,35700,40100,40000,39900,39800,39700,39600,39500,39400,39300,39200,570300,823400,562100,1041200,80100,123300,40800,22600,62000,5300,41500,39710,5982600,3553700,0,0,0,0,0,
600035.SH,600035,20251209,93142000,40200,1000,4020,216,0,,,312400,1256681,40300,40100,40200,40200,40200,40300,40400,40500,40600,40700,40800,40900,41000,41100,37500,378800,872200,747500,313700,329300,142900,306800,204600,35700,40100,40000,39900,39800,39700,39600,39500,39400,39300,39200,568300,823400,562100,1041200,80100,123300,40800,22600,62000,5300,41500,39710,5983500,3551700,0,0,0,0,0,
600035.SH,600035,20251209,93145000,40200,0,0,216,0,,,312400,1256681,40300,40100,40200,40200,40200,40300,40400,40500,40600,40700,40800,40900,41000,41100,40100,378600,872200,747500,313700,329300,142900,306800,204600,35700,40100,40000,39900,39800,39700,39600,39500,39400,39300,39200,568300,824400,562100,1041200,80100,123300,40800,22600,62000,5300,41500,39710,5985900,3552700,0,0,0,0,0,
600035.SH,600035,20251209,93148000,40200,0,0,216,0,,,312400,1256681,40300,40100,40200,40200,40200,40300,40400,40500,40600,40700,40800,40900,41000,41100,40700,378600,872200,747500,313700,329300,142900,306800,204600,35700,40100,40000,39900,39800,39700,39600,39500,39400,39300,39200,566300,826400,562100,1041200,80100,123300,60800,22600,62000,5300,41500,39700,5986500,3572700,0,0,0,0,0,
600035.SH,600035,20251209,93151000,40200,0,0,216,0,,,312400,1256681,40300,40100,40200,40200,40200,40300,40400,40500,40600,40700,40800,40900,41000,41100,42100,377400,872200,747500,313700,332300,142900,306800,204600,35700,40100,40000,39900,39800,39700,39600,39500,39400,39300,39200,566400,826400,562100,1041200,80100,123300,60800,22600,62000,5300,41500,39700,5989700,3572800,0,0,0,0,0,
600035.SH,600035,20251209,93157000,40100,100,401,217,0,,,312500,1257082,40300,40100,40200,40200,40200,40300,40400,40500,40600,40700,40800,40900,41000,41100,42100,377400,872200,747500,313700,332300,142900,306800,204600,35700,40100,40000,39900,39800,39700,39600,39500,39400,39300,39200,566300,826400,562100,1041200,80100,123300,60800,22600,62000,5300,41500,39700,5989700,3572700,0,0,0,0,0,
600035.SH,600035,20251209,93200000,40100,200,802,218,0,,,312700,1257884,40300,40100,40200,40200,40200,40300,40400,40500,40600,40700,40800,40900,41000,41100,41900,377400,872200,747500,313700,332300,142900,306800,204600,35700,40100,40000,39900,39800,39700,39600,39500,39400,39300,39200,566100,828600,562100,1041200,80100,123300,60800,22600,62000,5300,41500,39700,5989500,3574700,0,0,0,0,0,
600035.SH,600035,20251209,93203000,40100,100,401,219,0,,,312800,1258285,40300,40100,40200,40200,40200,40300,40400,40500,40600,40700,40800,40900,41000,41100,56400,377400,872200,747500,313700,332300,142900,306800,204600,35700,40100,40000,39900,39800,39700,39600,39500,39400,39300,39200,566000,824600,562100,1041200,80100,123300,60800,22600,62000,5300,41500,39700,6004000,3570600,0,0,0,0,0,
600035.SH,600035,20251209,93206000,40100,100,401,220,0,,,312900,1258686,40300,40100,40200,40200,40200,40300,40400,40500,40600,40700,40800,40900,41000,41100,56400,377400,872200,747500,313700,332300,142900,306800,204600,35700,40100,40000,39900,39800,39700,39600,39500,39400,39300,39200,565900,824600,562100,1041200,80100,123300,60800,22600,62000,5300,41500,39700,6004000,3570500,0,0,0,0,0,
600035.SH,600035,20251209,93209000,40100,0,0,220,0,,,312900,1258686,40300,40100,40200,40200,40200,40300,40400,40500,40600,40700,40800,40900,41000,41100,51900,377400,872200,747500,313700,332300,142900,306800,204600,35700,40100,40000,39900,39800,39700,39600,39500,39400,39300,39200,585900,824600,562100,1041200,80100,123300,60800,22600,62000,5300,41500,39710,5999500,3590500,0,0,0,0,0,
600035.SH,600035,20251209,93212000,40100,0,0,220,0,,,312900,1258686,40300,40100,40200,40200,40200,40300,40400,40500,40600,40700,40800,40900,41000,41100,51900,377400,872200,747500,313700,332300,142900,306800,204600,35700,40100,40000,39900,39800,39700,39600,39500,39400,39300,39200,585900,824600,572100,1041200,80100,123400,60800,22600,62000,5300,41500,39710,5999500,3600600,0,0,0,0,0,
600035.SH,600035,20251209,93215000,40100,0,0,220,0,,,312900,1258686,40300,40100,40200,40200,40200,40300,40400,40500,40600,40700,40800,40900,41000,41100,51900,377400,872200,747500,313700,332300,142900,306800,204600,35700,40100,40000,39900,39800,39700,39600,39500,39400,39300,39200,585900,822600,572100,1041200,80100,123400,60800,22600,62000,5300,41500,39710,5999500,3598600,0,0,0,0,0,
600035.SH,600035,20251209,93218000,40100,100,401,221,0,,,313000,1259087,40300,40100,40200,40200,40200,40300,40400,40500,40600,40700,40800,40900,41000,41100,52300,377400,872200,747500,313700,332300,142900,306800,204600,35700,40100,40000,39900,39800,39700,39600,39500,39400,39300,39200,592000,822600,572100,1041200,80100,123400,60800,22600,62000,5300,41500,39710,5999900,3604700,0,0,0,0,0,
600035.SH,600035,20251209,93221000,40100,0,0,221,0,,,313000,1259087,40300,40100,40200,40200,40200,40300,40400,40500,40600,40700,40800,40900,41000,41100,52300,377400,872200,747500,313700,332300,142900,306800,204600,35700,40100,40000,39900,39800,39700,39600,39500,39400,39300,39200,592000,827600,577100,1041200,80100,123400,60800,22600,62000,5300,41500,39710,5999900,3614700,0,0,0,0,0,
600035.SH,600035,20251209,93227000,40100,900,3609,223,0,,,313900,1262696,40300,40100,40200,40200,40200,40300,40400,40500,40600,40700,40800,40900,41000,41100,52400,381900,872200,747500,313700,332300,142900,306800,204600,35700,40100,40000,39900,39800,39700,39600,39500,39400,39300,39200,591100,832600,579100,1041500,80100,123400,60800,22600,62000,5300,41500,39710,6004500,3621100,0,0,0,0,0,
600035.SH,600035,20251209,93230000,40100,0,0,223,0,,,313900,1262696,40300,40100,40200,40200,40200,40300,40400,40500,40600,40700,40800,40900,41000,41100,52400,381900,872200,747500,313700,332300,142900,306800,204600,35700,40100,40000,39900,39800,39700,39600,39500,39400,39300,39200,591300,832600,579100,1041500,80100,123400,60800,22600,62000,5300,41500,39710,6005500,3621300,0,0,0,0,0,
600035.SH,600035,20251209,93233000,40100,300,1203,224,0,,,314200,1263899,40300,40100,40200,40200,40200,40300,40400,40500,40600,40700,40800,40900,41000,41100,52400,381900,872200,747500,313700,332300,142900,306800,204600,35700,40100,40000,39900,39800,39700,39600,39500,39400,39300,39200,591000,832600,579200,1041500,80100,123400,60800,22600,62000,5300,41500,39710,6005500,3621100,0,0,0,0,0,
600035.SH,600035,20251209,93236000,40100,7100,28471,228,0,,,321300,1292370,40300,40100,40200,40200,40200,40300,40400,40500,40600,40700,40800,40900,41000,41100,45400,381900,872200,747500,313700,332300,142900,306800,204600,35700,40100,40000,39900,39800,39700,39600,39500,39400,39300,39200,583900,832600,579200,1041500,80100,123400,60800,22600,62000,5300,41500,39710,5998500,3614000,0,0,0,0,0,
600035.SH,600035,20251209,93239000,40100,800,3208,229,0,,,322100,1295578,40300,40100,40200,40200,40200,40300,40400,40500,40600,40700,40800,40900,41000,41100,45700,382700,872200,747500,313700,332300,142900,306800,204600,35700,40100,40000,39900,39800,39700,39600,39500,39400,39300,39200,583100,816000,584200,1041500,80100,123400,60800,22600,62000,5300,41500,39710,5999600,3601600,0,0,0,0,0,
600035.SH,600035,20251209,93242000,40100,0,0,229,0,,,322100,1295578,40300,40100,40200,40200,40200,40300,40400,40500,40600,40700,40800,40900,41000,41100,45700,382700,874200,747500,313700,332300,142900,306800,204600,35700,40100,40000,39900,39800,39700,39600,39500,39400,39300,39200,583100,826000,585100,1041500,92700,123400,60800,22600,62000,5300,41500,39710,6001600,3625100,0,0,0,0,0,
600035.SH,600035,20251209,93245000,40100,0,0,229,0,,,322100,1295578,40300,40100,40200,40200,40200,40300,40400,40500,40600,40700,40800,40900,41000,41100,45700,382700,874200,747500,313700,332300,142900,306800,204600,35700,40100,40000,39900,39800,39700,39600,39500,39400,39300,39200,583100,826000,585100,1041800,92700,123400,60800,22600,62000,5300,41500,39710,6001600,3625400,0,0,0,0,0,
600035.SH,600035,20251209,93248000,40100,200,802,230,0,,,322300,1296380,40300,40100,40200,40200,40200,40300,40400,40500,40600,40700,40800,40900,41000,41100,45700,382700,874200,747500,313700,332300,142900,306800,205600,35700,40100,40000,39900,39800,39700,39600,39500,39400,39300,39200,582900,846000,585100,1041800,92700,123400,60800,22600,62000,5300,41500,39710,6002600,3645200,0,0,0,0,0,
600035.SH,600035,20251209,93251000,40100,0,0,230,0,,,322300,1296380,40300,40100,40200,40200,40200,40300,40400,40500,40600,40700,40800,40900,41000,41100,47600,380900,874200,747500,313700,332300,142900,306800,205600,35700,40100,40000,39900,39800,39700,39600,39500,39400,39300,39200,582900,846000,585300,1041800,92700,123400,60800,22600,62000,5300,41500,39710,6002700,3645900,0,0,0,0,0,
600035.SH,600035,20251209,93254000,40100,0,0,230,0,,,322300,1296380,40300,40100,40200,40200,40200,40300,40400,40500,40600,40700,40800,40900,41000,41100,48600,380900,874200,747500,313700,332300,142900,306800,205600,35700,40100,40000,39900,39800,39700,39600,39500,39400,39300,39200,582900,856000,585300,1041800,92700,123400,60800,22600,62000,5300,41500,39710,6004700,3655900,0,0,0,0,0,
600035.SH,600035,20251209,93257000,40100,100,401,231,0,,,322400,1296781,40300,40100,40200,40200,40200,40300,40400,40500,40600,40700,40800,40900,41000,41100,48600,380900,874200,747500,313700,332300,142900,306800,205600,35700,40100,40000,39900,39800,39700,39600,39500,39400,39300,39200,602800,856000,588300,1041800,92700,123400,60800,22600,62000,5300,41500,39710,6005700,3678800,0,0,0,0,0,
600035.SH,600035,20251209,93300000,40100,0,0,231,0,,,322400,1296781,40300,40100,40200,40200,40200,40300,40400,40500,40600,40700,40800,40900,41000,41100,57600,380900,874200,747500,319600,332300,142900,306800,205600,35700,40100,40000,39900,39800,39700,39600,39500,39400,39300,39200,607800,856000,588300,1041800,92700,123400,60800,22600,62000,5300,41500,39710,6021600,3683800,0,0,0,0,0,
600035.SH,600035,20251209,93303000,40100,200,802,233,0,,,322600,1297583,40300,40100,40200,40200,40200,40300,40400,40500,40600,40700,40800,40900,41000,41100,57700,467600,874200,747500,319600,332300,142900,306800,204600,35700,40100,40000,39900,39800,39700,39600,39500,39400,39300,39200,612600,861600,588300,1042000,92700,123400,60800,22600,62000,5300,41480,39710,6107400,3694400,0,0,0,0,0,
600035.SH,600035,20251209,93306000,40100,0,0,233,0,,,322600,1297583,40300,40100,40200,40200,40200,40300,40400,40500,40600,40700,40800,40900,41000,41100,57700,467600,874200,747500,319600,332300,142900,306800,204600,35700,40100,40000,39900,39800,39700,39600,39500,39400,39300,39200,612600,861600,588300,1042000,92700,123400,60800,22600,62000,5300,41480,39710,6107400,3694600,0,0,0,0,0,
600035.SH,600035,20251209,93309000,40100,400,1604,235,0,,,323000,1299187,40300,40100,40200,40200,40200,40300,40400,40500,40600,40700,40800,40900,41000,41100,57700,467600,874200,747500,319600,332300,142900,306800,204600,35700,40100,40000,39900,39800,39700,39600,39500,39400,39300,39200,612200,861600,593300,1042000,92700,123400,60800,22600,62000,5300,41480,39710,6107400,3699200,0,0,0,0,0,
600035.SH,600035,20251209,93312000,40100,0,0,235,0,,,323000,1299187,40300,40100,40200,40200,40200,40300,40400,40500,40600,40700,40800,40900,41000,41100,57700,467600,874200,747500,319600,332300,142900,306800,204600,35700,40100,40000,39900,39800,39700,39600,39500,39400,39300,39200,618200,861600,593300,1042000,92700,123400,60800,22600,62000,5300,41480,39710,6107400,3705200,0,0,0,0,0,
600035.SH,600035,20251209,93315000,40100,0,0,235,0,,,323000,1299187,40300,40100,40200,40200,40200,40300,40400,40500,40600,40700,40800,40900,41000,41100,57700,467600,874200,747500,319600,332300,142900,306800,204600,35700,40100,40000,39900,39800,39700,39600,39500,39400,39300,39200,619200,861600,593300,1042000,92700,123400,60800,22600,62000,5300,41480,39710,6107000,3706200,0,0,0,0,0,
600035.SH,600035,20251209,93318000,40100,100,401,236,0,,,323100,1299588,40300,40100,40200,40200,40200,40300,40400,40500,40600,40700,40800,40900,41000,41100,57700,467600,874200,747500,319600,332300,142900,306800,204600,35700,40100,40000,39900,39800,39700,39600,39500,39400,39300,39200,619100,841600,593300,1042000,92700,123400,60800,22600,62000,5300,41480,39710,6107000,3686100,0,0,0,0,0,
600035.SH,600035,20251209,93321000,40100,0,0,236,0,,,323100,1299588,40300,40100,40200,40200,40200,40300,40400,40500,40600,40700,40800,40900,41000,41100,57800,467600,874200,747500,319600,332300,142900,306800,204600,35700,40100,40000,39900,39800,39700,39600,39500,39400,39300,39200,649100,841600,593300,1042000,92700,123400,60800,22600,62000,5300,41480,39720,6107100,3716100,0,0,0,0,0,
600035.SH,600035,20251209,93324000,40100,400,1604,238,0,,,323500,1301192,40300,40100,40200,40200,40200,40300,40400,40500,40600,40700,40800,40900,41000,41100,57800,467600,874200,747500,319600,332300,142900,306800,204600,35700,40100,40000,39900,39800,39700,39600,39500,39400,39300,39200,648900,841600,593300,1042000,92700,123400,60800,22600,62000,5300,41480,39720,6107100,3715900,0,0,0,0,0,
600035.SH,600035,20251209,93327000,40100,0,0,238,0,,,323500,1301192,40300,40100,40200,40200,40200,40300,40400,40500,40600,40700,40800,40900,41000,41100,57800,467600,874200,747500,319600,332300,142900,306800,205000,35700,40100,40000,39900,39800,39700,39600,39500,39400,39300,39200,648900,841600,593300,1042000,92700,123400,60800,22600,62000,5300,41480,39720,6108600,3715900,0,0,0,0,0,
600035.SH,600035,20251209,93330000,40100,0,0,238,0,,,323500,1301192,40300,40100,40200,40200,40200,40300,40400,40500,40600,40700,40800,40900,41000,41100,57800,467600,874200,747500,319600,332300,142900,306800,205000,35700,40100,40000,39900,39800,39700,39600,39500,39400,39300,39200,650900,841600,593300,1042000,92700,123400,60800,22600,62000,5300,41480,39720,6108600,3717900,0,0,0,0,0,
600035.SH,600035,20251209,93333000,40100,4600,18446,240,0,,,328100,1319638,40300,40100,40200,40200,40200,40300,40400,40500,40600,40700,40800,40900,41000,41100,57800,467600,874200,747500,319600,332300,142900,306800,205000,35700,40100,40000,39900,39800,39700,39600,39500,39400,39300,39200,646300,841600,593300,1042000,92700,123400,60800,22600,62000,5300,41480,39720,6108600,3713300,0,0,0,0,0,
600035.SH,600035,20251209,93336000,40100,800,3208,241,0,,,328900,1322846,40300,40100,40200,40200,40200,40300,40400,40500,40600,40700,40800,40900,41000,41100,58200,467600,874200,747500,319600,332300,142900,306800,205000,35700,40100,40000,39900,39800,39700,39600,39500,39400,39300,39200,645500,841600,593300,1042000,92700,123400,60800,22600,62000,5300,41480,39720,6109000,3712500,0,0,0,0,0,
600035.SH,600035,20251209,93339000,40100,0,0,241,0,,,328900,1322846,40300,40100,40200,40200,40200,40300,40400,40500,40600,40700,40800,40900,41000,41100,59800,467600,874200,747500,319600,332300,142900,306800,205000,35700,40100,40000,39900,39800,39700,39600,39500,39400,39300,39200,665500,841600,593300,1042000,92700,123400,60800,22600,62000,5300,41480,39720,6110600,3732500,0,0,0,0,0,
600035.SH,600035,20251209,93342000,40100,0,0,241,0,,,328900,1322846,40300,40100,40200,40200,40200,40300,40400,40500,40600,40700,40800,40900,41000,41100,60100,467100,866200,747500,319600,332300,142900,306800,205000,35700,40100,40000,39900,39800,39700,39600,39500,39400,39300,39200,665500,841600,597300,1042000,92700,123400,60800,22600,62000,5300,41480,39720,6102400,3736500,0,0,0,0,0,
600035.SH,600035,20251209,93345000,40100,0,0,241,0,,,328900,1322846,40300,40100,40200,40200,40200,40300,40400,40500,40600,40700,40800,40900,41000,41100,60100,467100,866200,747500,319600,332300,142900,306800,205000,35700,40100,40000,39900,39800,39700,39600,39500,39400,39300,39200,665500,841600,597300,1042000,92700,123700,60800,22600,62000,5300,41480,39720,6102400,3736800,0,0,0,0,0,
600035.SH,600035,20251209,93348000,40100,200,802,242,0,,,329100,1323648,40300,40100,40200,40200,40200,40300,40400,40500,40600,40700,40800,40900,41000,41100,60100,467100,866200,747500,319600,332300,142900,306800,205000,35700,40100,40000,39900,39800,39700,39600,39500,39400,39300,39200,665300,841600,597300,1042000,92700,123700,60800,22600,62000,5300,41480,39720,6102400,3736600,0,0,0,0,0,
600035.SH,600035,20251209,93351000,40100,0,0,242,0,,,329100,1323648,40300,40100,40200,40200,40200,40300,40400,40500,40600,40700,40800,40900,41000,41100,60500,475100,866200,747500,319600,332300,142900,306800,205000,35700,40100,40000,39900,39800,39700,39600,39500,39400,39300,39200,665300,846600,597300,1042000,92700,123700,60800,22600,62000,5300,41480,39720,6110800,3741600,0,0,0,0,0,
600035.SH,600035,20251209,93354000,40100,0,0,242,0,,,329100,1323648,40300,40100,40200,40200,40200,40300,40400,40500,40600,40700,40800,40900,41000,41100,61000,475100,866200,747500,319600,332300,142900,306800,205000,35700,40100,40000,39900,39800,39700,39600,39500,39400,39300,39200,665300,846600,597300,1042000,92700,123700,60800,22600,62000,5300,41480,39720,6111300,3741600,0,0,0,0,0,
600035.SH,600035,20251209,93357000,40100,100,401,243,0,,,329200,1324049,40300,40100,40200,40200,40200,40300,40400,40500,40600,40700,40800,40900,41000,41100,61000,475100,866200,747500,319600,332300,142900,306800,205000,35700,40100,40000,39900,39800,39700,39600,39500,39400,39300,39200,665200,846600,597300,1042000,92700,123700,60800,22600,62000,5300,41480,39670,6111300,3796800,0,0,0,0,0,
600035.SH,600035,20251209,93403000,40100,100,401,244,0,,,329300,1324450,40300,40100,40200,40200,40200,40300,40400,40500,40600,40700,40800,40900,41000,41100,61000,475100,866200,747500,319600,332300,142900,306800,205000,35700,40100,40000,39900,39800,39700,39600,39500,39400,39300,39200,665100,846600,597300,1042000,92700,123700,60800,22600,62000,5300,41480,39670,6111300,3796700,0,0,0,0,0,
600035.SH,600035,20251209,93406000,40100,105200,421852,264,0,,,434500,1746302,40300,40100,40200,40200,40200,40300,40400,40500,40600,40700,40800,40900,41000,41100,61500,480400,866200,747500,319600,332300,142900,306800,205000,35700,40100,40000,39900,39800,39700,39600,39500,39400,39300,39200,559900,846900,597300,1042000,92700,123700,60800,22600,62000,5300,41480,39660,6117100,3691800,0,0,0,0,0,
600035.SH,600035,20251209,93409000,40200,4100,16455,269,0,,,438600,1762757,40300,40100,40200,40200,40200,40300,40400,40500,40600,40700,40800,40900,41000,41100,60100,480400,866200,747500,319600,332300,142900,306800,205000,35700,40100,40000,39900,39800,39700,39600,39500,39400,39300,39200,557200,846900,597300,1042000,92700,123700,60800,22600,62000,5300,41480,39660,6115700,3689100,0,0,0,0,0,
600035.SH,600035,20251209,93415000,40200,0,0,269,0,,,438600,1762757,40300,40100,40200,40200,40200,40300,40400,40500,40600,40700,40800,40900,41000,41100,65100,480400,866200,747500,319600,332300,142900,306800,205000,35700,40100,40000,39900,39800,39700,39600,39500,39400,39300,39200,558100,846900,597300,1042000,92700,123700,60800,22600,62000,5300,41480,39660,6119000,3690000,0,0,0,0,0,
600035.SH,600035,20251209,93418000,40100,100,401,270,0,,,438700,1763158,40300,40100,40200,40200,40200,40300,40400,40500,40600,40700,40800,40900,41000,41100,65100,480400,866200,747500,319600,332300,142900,306800,205000,35700,40100,40000,39900,39800,39700,39600,39500,39400,39300,39200,558000,846900,597300,1042000,92700,123700,60800,22600,62000,5300,41480,39660,6119000,3689900,0,0,0,0,0,
600035.SH,600035,20251209,93421000,40100,2800,11228,271,0,,,441500,1774386,40300,40100,40200,40200,40200,40300,40400,40500,40600,40700,40800,40900,41000,41100,65100,480400,866200,747500,319600,332300,142900,306800,205000,35700,40100,40000,39900,39800,39700,39600,39500,39400,39300,39200,557200,846900,702300,1042000,92700,123700,60800,22600,62000,5300,41480,39670,6119200,3794100,0,0,0,0,0,
600035.SH,600035,20251209,93424000,40100,0,0,271,0,,,441500,1774386,40300,40100,40200,40200,40200,40300,40400,40500,40600,40700,40800,40900,41000,41100,66800,480400,866200,747500,319600,332300,142900,306800,205000,35700,40100,40000,39900,39800,39700,39600,39500,39400,39300,39200,557200,846900,702300,1042000,92700,123700,60800,22600,62000,5300,41480,39670,6120900,3794100,0,0,0,0,0,
600035.SH,600035,20251209,93427000,40100,1200,4812,274,0,,,442700,1779198,40300,40100,40200,40200,40200,40300,40400,40500,40600,40700,40800,40900,41000,41100,66800,480400,866200,747500,319600,332300,142900,306800,205000,35700,40100,40000,39900,39800,39700,39600,39500,39400,39300,39200,578000,846900,702300,1042000,92700,123700,60800,22600,62000,5300,41480,39670,6120900,3814900,0,0,0,0,0,
600035.SH,600035,20251209,93430000,40100,0,0,274,0,,,442700,1779198,40300,40100,40200,40200,40200,40300,40400,40500,40600,40700,40800,40900,41000,41100,40200,536600,866200,747500,319600,332300,142900,306800,205000,35700,40100,40000,39900,39800,39700,39600,39500,39400,39300,39200,578100,848900,702300,1042000,92700,123700,60800,22600,62000,5300,41470,39670,6150500,3817000,0,0,0,0,0,
600035.SH,600035,20251209,93433000,40100,26700,107067,280,0,,,469400,1886265,40300,40100,40200,40200,40200,40300,40400,40500,40600,40700,40800,40900,41000,41100,40800,496200,866200,747500,319600,332300,142900,306800,205000,35700,40100,40000,39900,39800,39700,39600,39500,39400,39300,39200,551400,848900,702300,1042000,92700,123700,60800,22600,62000,5300,41480,39660,6112700,3790300,0,0,0,0,0,
600035.SH,600035,20251209,93436000,40100,100,401,281,0,,,469500,1886666,40300,40100,40200,40200,40200,40300,40400,40500,40600,40700,40800,40900,41000,41100,86000,496200,866200,747500,319600,332300,142900,306800,205000,35700,40100,40000,39900,39800,39700,39600,39500,39400,39300,39200,562300,838900,602300,1042000,92700,123700,60800,22600,62000,5300,41470,39660,6158900,3691200,0,0,0,0,0,
600035.SH,600035,20251209,93439000,40100,0,0,281,0,,,469500,1886666,40300,40100,40200,40200,40200,40300,40400,40500,40600,40700,40800,40900,41000,41100,86000,496200,866200,747500,319600,332300,142900,306800,205000,35700,40100,40000,39900,39800,39700,39600,39500,39400,39300,39200,563600,838900,603300,1042000,92700,123700,60800,22600,62000,5300,41470,39660,6158900,3693500,0,0,0,0,0,
600035.SH,600035,20251209,93442000,40100,0,0,281,0,,,469500,1886666,40300,40100,40200,40200,40200,40300,40400,40500,40600,40700,40800,40900,41000,41100,86000,496200,866200,747500,319600,332300,142900,306800,205000,35700,40100,40000,39900,39800,39700,39600,39500,39400,39300,39200,563600,868900,603300,1042000,92700,123700,60800,22600,62000,5300,41470,39660,6158900,3723500,0,0,0,0,0,
600035.SH,600035,20251209,93445000,40100,0,0,281,0,,,469500,1886666,40300,40100,40200,40200,40200,40300,40400,40500,40600,40700,40800,40900,41000,41100,86000,496200,866200,747500,319600,332300,142900,306800,205000,35700,40100,40000,39900,39800,39700,39600,39500,39400,39300,39200,563600,868900,603300,1042000,192700,123700,60800,22600,63000,5300,41470,39660,6158900,3824500,0,0,0,0,0,
600035.SH,600035,20251209,93448000,40100,100,401,282,0,,,469600,1887067,40300,40100,40200,40200,40200,40300,40400,40500,40600,40700,40800,40900,41000,41100,86000,496200,866200,748000,319600,332300,142900,306800,205000,35700,40100,40000,39900,39800,39700,39600,39500,39400,39300,39200,608500,868900,603300,1042000,192700,123700,60800,22600,63000,5300,41470,39670,6159900,3869400,0,0,0,0,0,
600035.SH,600035,20251209,93451000,40100,0,0,282,0,,,469600,1887067,40300,40100,40200,40200,40200,40300,40400,40500,40600,40700,40800,40900,41000,41100,86100,496200,866200,748000,319600,332300,142900,306800,205000,35700,40100,40000,39900,39800,39700,39600,39500,39400,39300,39200,608500,838900,603300,1042000,192700,123700,60800,22600,63000,5300,41470,39670,6160000,3839400,0,0,0,0,0,
600035.SH,600035,20251209,93454000,40200,14100,56561,288,0,,,483700,1943628,40300,40100,40200,40200,40200,40300,40400,40500,40600,40700,40800,40900,41000,41100,104100,496200,866200,748000,320600,332300,142900,306800,205000,35700,40100,40000,39900,39800,39700,39600,39500,39400,39300,39200,596400,838900,603300,1042000,192700,123700,60800,22600,63000,5300,41470,39660,6179000,3827300,0,0,0,0,0,
600035.SH,600035,20251209,93457000,40200,0,0,288,0,,,483700,1943628,40300,40100,40200,40200,40200,40300,40400,40500,40600,40700,40800,40900,41000,41100,104200,496200,866200,748000,320600,332300,142900,306800,205000,35700,40100,40000,39900,39800,39700,39600,39500,39400,39300,39200,596400,843400,603300,1042000,192700,123700,60800,22600,63000,5300,41470,39660,6179100,3831800,0,0,0,0,0,
600035.SH,600035,20251209,93500000,40100,2800,11228,290,0,,,486500,1954856,40300,40100,40200,40200,40200,40300,40400,40500,40600,40700,40800,40900,41000,41100,104200,496200,866200,748000,320600,332300,142900,306800,205000,35700,40100,40000,39900,39800,39700,39600,39500,39400,39300,39200,593600,853400,603300,1042000,192700,123700,60800,22600,63000,5300,41470,39660,6179100,3839000,0,0,0,0,0,
600035.SH,600035,20251209,93503000,40100,0,0,290,0,,,486500,1954856,40300,40100,40200,40200,40200,40300,40400,40500,40600,40700,40800,40900,41000,41100,104200,496200,866200,748000,320600,332300,142900,306800,205000,35700,40100,40000,39900,39800,39700,39600,39500,39400,39300,39200,594600,853400,603300,1042000,192700,123700,60800,22600,63000,5300,41470,39660,6179100,3840000,0,0,0,0,0,
600035.SH,600035,20251209,93506000,40100,100,401,291,0,,,486600,1955257,40300,40100,40200,40200,40200,40300,40400,40500,40600,40700,40800,40900,41000,41100,104200,496200,866200,748000,320600,332300,142900,306800,205000,35700,40100,40000,39900,39800,39700,39600,39500,39400,39300,39200,594600,853400,603300,1042000,192700,123700,60800,22600,63000,5300,41470,39660,6179100,3840000,0,0,0,0,0,
600035.SH,600035,20251209,93509000,40100,0,0,291,0,,,486600,1955257,40300,40100,40200,40200,40200,40300,40400,40500,40600,40700,40800,40900,41000,41100,105100,493900,866200,748000,320600,332300,142900,306800,205000,35700,40100,40000,39900,39800,39700,39600,39500,39400,39300,39200,594600,853400,603300,1047000,192700,123700,60800,22600,63000,5300,41470,39670,6177700,3845000,0,0,0,0,0,
600035.SH,600035,20251209,93512000,40100,0,0,291,0,,,486600,1955257,40300,40100,40200,40200,40200,40300,40400,40500,40600,40700,40800,40900,41000,41100,105100,493600,866200,748000,320600,332300,142900,306800,205000,35700,40100,40000,39900,39800,39700,39600,39500,39400,39300,39200,594600,853400,603300,1047000,192700,123700,60800,22600,63000,5300,41470,39670,6177400,3845000,0,0,0,0,0,
600035.SH,600035,20251209,93515000,40200,100,402,292,0,,,486700,1955659,40300,40100,40200,40200,40200,40300,40400,40500,40600,40700,40800,40900,41000,41100,105000,493600,866200,748000,320600,332300,142900,306800,205000,35700,40100,40000,39900,39800,39700,39600,39500,39400,39300,39200,549600,853400,613300,1047000,192700,123700,62800,22600,63000,5300,41470,39660,6177300,3812000,0,0,0,0,0,
600035.SH,600035,20251209,93518000,40200,10000,40200,318,0,,,496700,1995859,40300,40100,40200,40200,40200,40300,40400,40500,40600,40700,40800,40900,41000,41100,95400,493600,866200,748000,320600,332300,142900,306800,205000,35700,40100,40000,39900,39800,39700,39600,39500,39400,39300,39200,551600,854600,613300,1047000,192700,123700,62800,22600,63000,5300,41470,39660,6167700,3815200,0,0,0,0,0,
600035.SH,600035,20251209,93521000,40200,0,0,318,0,,,496700,1995859,40300,40100,40200,40200,40200,40300,40400,40500,40600,40700,40800,40900,41000,41100,119500,493600,866200,748000,320600,332300,142900,306800,205000,35700,40100,40000,39900,39800,39700,39600,39500,39400,39300,39200,561600,854600,616300,1057000,192700,123700,62800,22600,63000,5300,41460,39660,6191800,3838200,0,0,0,0,0,
600035.SH,600035,20251209,93524000,40100,105000,421050,319,0,,,601700,2416909,40300,40100,40200,40200,40200,40300,40400,40500,40600,40700,40800,40900,41000,41100,119500,493600,866200,748000,320600,332300,142900,306800,205000,35700,40100,40000,39900,39800,39700,39600,39500,39400,39300,39200,457600,854600,616300,1057000,192700,123700,62800,22600,63000,5300,41460,39650,6191800,3734200,0,0,0,0,0,
600035.SH,600035,20251209,93527000,40100,2100,8421,320,0,,,603800,2425330,40300,40100,40200,40200,40200,40300,40400,40500,40600,40700,40800,40900,41000,41100,129900,488800,866200,748000,321600,332300,142900,306800,205000,35700,40100,40000,39900,39800,39700,39600,39500,39400,39300,39200,455500,854600,621300,1057000,192700,123700,62800,22600,63000,5300,41460,39650,6198400,3737100,0,0,0,0,0,
600035.SH,600035,20251209,93530000,40100,0,0,320,0,,,603800,2425330,40300,40100,40200,40200,40200,40300,40400,40500,40600,40700,40800,40900,41000,41100,129900,488800,866200,748000,321600,332300,142900,306800,205000,35700,40100,40000,39900,39800,39700,39600,39500,39400,39300,39200,456500,863200,621300,1057000,192700,123700,62800,22600,63000,5300,41460,39650,6198400,3746700,0,0,0,0,0,
600035.SH,600035,20251209,93533000,40100,0,0,320,0,,,603800,2425330,40300,40100,40200,40200,40200,40300,40400,40500,40600,40700,40800,40900,41000,41100,129900,488800,866200,748000,321600,332300,142900,306800,205000,35700,40100,40000,39900,39800,39700,39600,39500,39400,39300,39200,456500,863200,666600,1057000,192700,123700,62800,22600,63000,5300,41460,39650,6198400,3792000,0,0,0,0,0,
600035.SH,600035,20251209,93536000,40100,100,401,321,0,,,603900,2425731,40300,40100,40200,40200,40200,40300,40400,40500,40600,40700,40800,40900,41000,41100,129900,488300,866200,748000,321600,332300,142900,306800,205000,35700,40100,40000,39900,39800,39700,39600,39500,39400,39300,39200,456500,863200,666600,1057000,192700,123700,62800,22600,63000,5300,41460,39650,6200400,3792000,0,0,0,0,0,
600035.SH,600035,20251209,93539000,40100,0,0,321,0,,,603900,2425731,40300,40100,40200,40200,40200,40300,40400,40500,40600,40700,40800,40900,41000,41100,129900,488300,866200,748000,321600,332300,142900,306800,205000,35700,40100,40000,39900,39800,39700,39600,39500,39400,39300,39200,456600,863200,706600,1057000,192700,123700,62800,22600,63000,5300,41460,39660,6200400,3832100,0,0,0,0,0,
600035.SH,600035,20251209,93542000,40100,0,0,321,0,,,603900,2425731,40300,40100,40200,40200,40200,40300,40400,40500,40600,40700,40800,40900,41000,41100,313200,488200,866200,748000,321600,332300,142900,306800,205000,35700,40100,40000,39900,39800,39700,39600,39500,39400,39300,39200,456600,863200,706600,1057000,192700,123700,62800,22600,63000,5300,41430,39660,6383600,3832100,0,0,0,0,0,
600035.SH,600035,20251209,93545000,40100,0,0,321,0,,,603900,2425731,40300,40100,40200,40200,40200,40300,40400,40500,40600,40700,40800,40900,41000,41100,313200,490400,866200,748000,321600,332300,142900,306800,205000,35700,40100,40000,39900,39800,39700,39600,39500,39400,39300,39200,456600,863200,706600,1057000,192700,123700,62800,22600,63000,5300,41430,39660,6385800,3832100,0,0,0,0,0,
600035.SH,600035,20251209,93548000,40100,300,1203,323,0,,,604200,2426934,40300,40100,40200,40200,40200,40300,40400,40500,40600,40700,40800,40900,41000,41100,320800,489200,866200,748000,321600,332300,142900,306800,205000,35700,40100,40000,39900,39800,39700,39600,39500,39400,39300,39200,456300,873200,706600,1057000,192700,123700,62800,22600,63000,5300,41430,39660,6392200,3841800,0,0,0,0,0,
600035.SH,600035,20251209,93551000,40100,0,0,323,0,,,604200,2426934,40300,40100,40200,40200,40200,40300,40400,40500,40600,40700,40800,40900,41000,41100,326200,488600,866200,748000,321600,332300,142900,306800,205000,35700,40100,40000,39900,39800,39700,39600,39500,39400,39300,39200,454300,873200,706600,1057000,192700,123700,62800,22600,63000,5300,41430,39660,6397000,3839800,0,0,0,0,0,
600035.SH,600035,20251209,93554000,40100,0,0,323,0,,,604200,2426934,40300,40100,40200,40200,40200,40300,40400,40500,40600,40700,40800,40900,41000,41100,326200,638600,866200,748000,321600,332300,142900,306800,205000,35700,40100,40000,39900,39800,39700,39600,39500,39400,39300,39200,454300,873200,706600,1057000,192700,143700,62800,22600,63000,5300,41400,39660,6547000,3859800,0,0,0,0,0,
600035.SH,600035,20251209,93557000,40100,500,2005,326,0,,,604700,2428939,40300,40100,40200,40200,40200,40300,40400,40500,40600,40700,40800,40900,41000,41100,326700,638600,866200,748000,321600,332300,142900,306800,205000,35700,40100,40000,39900,39800,39700,39600,39500,39400,39300,39200,453900,871200,706600,1058000,192700,143700,62800,22600,63000,5300,41400,39660,6547500,3858400,0,0,0,0,0,
600035.SH,600035,20251209,93600000,40100,300,1203,327,0,,,605000,2430142,40300,40100,40200,40200,40200,40300,40400,40500,40600,40700,40800,40900,41000,41100,326700,638600,866200,748000,321600,332300,142900,306800,205000,35700,40100,40000,39900,39800,39700,39600,39500,39400,39300,39200,453600,871200,706600,1058000,192700,143700,62800,22600,63000,5300,41400,39660,6547500,3858100,0,0,0,0,0,
600035.SH,600035,20251209,93603000,40200,5100,20501,335,0,,,610100,2450643,40300,40100,40200,40200,40200,40300,40400,40500,40600,40700,40800,40900,41000,41100,327300,638600,866200,748000,321600,332300,142900,306800,205000,35700,40100,40000,39900,39800,39700,39600,39500,39400,39300,39200,453400,871200,706600,1058000,192700,143700,62800,22600,63000,5300,41400,39660,6548100,3857900,0,0,0,0,0,
600035.SH,600035,20251209,93606000,40100,2900,11629,338,0,,,613000,2462272,40300,40100,40200,40200,40200,40300,40400,40500,40600,40700,40800,40900,41000,41100,327500,638600,866200,748000,321600,332300,142900,306800,205000,35700,40100,40000,39900,39800,39700,39600,39500,39400,39300,39200,450600,871200,706600,1058000,192700,143700,62800,22600,63000,5300,41400,39660,6548300,3855100,0,0,0,0,0,
600035.SH,600035,20251209,93609000,40100,100,401,339,0,,,613100,2462673,40300,40100,40200,40200,40200,40300,40400,40500,40600,40700,40800,40900,41000,41100,328100,638600,866200,748000,321600,332300,142900,306800,205000,35700,40100,40000,39900,39800,39700,39600,39500,39400,39300,39200,446500,871200,706600,1058000,192700,143700,62800,22600,63000,5300,41400,39660,6548900,3851000,0,0,0,0,0,
600035.SH,600035,20251209,93612000,40100,800,3208,341,0,,,613900,2465881,40300,40100,40200,40200,40200,40300,40400,40500,40600,40700,40800,40900,41000,41100,328100,638600,866200,748000,321600,332300,142900,306800,205000,35700,40100,40000,39900,39800,39700,39600,39500,39400,39300,39200,445700,871200,706600,1058000,192700,143700,62800,22600,63000,5300,41400,39660,6548900,3850200,0,0,0,0,0,
600035.SH,600035,20251209,93615000,40100,0,0,341,0,,,613900,2465881,40300,40100,40200,40200,40200,40300,40400,40500,40600,40700,40800,40900,41000,41100,328100,638600,866200,748000,321600,332300,142900,306800,205000,35700,40100,40000,39900,39800,39700,39600,39500,39400,39300,39200,445700,871200,706600,1057700,192700,143700,62800,22600,63000,5300,41400,39660,6548900,3849900,0,0,0,0,0,
600035.SH,600035,20251209,93618000,40100,100,401,342,0,,,614000,2466282,40300,40100,40200,40200,40200,40300,40400,40500,40600,40700,40800,40900,41000,41100,328100,633600,866200,748000,321600,332300,142900,306800,205000,35700,40100,40000,39900,39800,39700,39600,39500,39400,39300,39200,445600,871200,706600,1059700,192700,143700,62800,22600,65000,5300,41400,39660,6543900,3853800,0,0,0,0,0,
600035.SH,600035,20251209,93621000,40100,100,401,343,0,,,614100,2466683,40300,40100,40200,40200,40200,40300,40400,40500,40600,40700,40800,40900,41000,41100,328800,633600,866200,748000,321600,332300,142900,306800,205000,35700,40100,40000,39900,39800,39700,39600,39500,39400,39300,39200,445500,871200,706600,1059700,192700,143700,62800,22600,65000,5300,41400,39660,6544600,3853700,0,0,0,0,0,
600035.SH,600035,20251209,93624000,40100,0,0,343,0,,,614100,2466683,40300,40100,40200,40200,40200,40300,40400,40500,40600,40700,40800,40900,41000,41100,328900,633600,866200,748000,321600,332300,142900,306800,205000,35700,40100,40000,39900,39800,39700,39600,39500,39400,39300,39200,445600,871200,706600,1059700,192700,143700,62800,22600,65000,5300,41400,39660,6544700,3853800,0,0,0,0,0,
600035.SH,600035,20251209,93627000,40100,0,0,343,0,,,614100,2466683,40300,40100,40200,40200,40200,40300,40400,40500,40600,40700,40800,40900,41000,41100,333900,633600,866200,748000,321600,332300,142900,306800,205000,35700,40100,40000,39900,39800,39700,39600,39500,39400,39300,39200,457000,871200,706600,1059700,192700,143700,62800,22600,65000,5300,41400,39660,6549700,3865200,0,0,0,0,0,
600035.SH,600035,20251209,93630000,40100,0,0,343,0,,,614100,2466683,40300,40100,40200,40200,40200,40300,40400,40500,40600,40700,40800,40900,41000,41100,333900,633600,851400,748000,321600,332300,142900,306800,205000,35700,40100,40000,39900,39800,39700,39600,39500,39400,39300,39200,458100,871200,706800,1059700,192700,143700,62800,22600,65000,5300,41400,39660,6534900,3866500,0,0,0,0,0,
600035.SH,600035,20251209,93633000,40100,0,0,343,0,,,614100,2466683,40300,40100,40200,40200,40200,40300,40400,40500,40600,40700,40800,40900,41000,41100,383900,633600,851400,748000,321600,332300,142900,306800,205000,35700,40100,40000,39900,39800,39700,39600,39500,39400,39300,39200,458100,871200,736800,1059700,192700,143700,62800,22600,65000,5300,41390,39660,6584900,3896500,0,0,0,0,0,
600035.SH,600035,20251209,93636000,40100,100,401,344,0,,,614200,2467084,40300,40100,40200,40200,40200,40300,40400,40500,40600,40700,40800,40900,41000,41100,383900,633600,851400,748000,321600,332300,142900,306800,205000,35700,40100,40000,39900,39800,39700,39600,39500,39400,39300,39200,458000,871200,736800,1059700,192700,143700,62800,22600,65000,5300,41390,39660,6584900,3896400,0,0,0,0,0,
600035.SH,600035,20251209,93639000,40100,0,0,344,0,,,614200,2467084,40300,40100,40200,40200,40200,40300,40400,40500,40600,40700,40800,40900,41000,41100,398700,633600,851400,748000,321600,332300,142900,306800,205000,35700,40100,40000,39900,39800,39700,39600,39500,39400,39300,39200,548300,871200,736800,1059700,192700,143700,62800,22600,65000,5300,41390,39670,6599700,3986700,0,0,0,0,0,
600035.SH,600035,20251209,93642000,40100,16300,65363,345,0,,,630500,2532447,40300,40100,40200,40200,40200,40300,40400,40500,40600,40700,40800,40900,41000,41100,408100,633600,851400,748000,321600,332300,142900,306800,205000,35700,40100,40000,39900,39800,39700,39600,39500,39400,39300,39200,535900,871200,736800,1059700,192700,143700,62800,22600,65000,5300,41390,39670,6609100,3974300,0,0,0,0,0,
600035.SH,600035,20251209,93645000,40100,700,2807,346,0,,,631200,2535254,40300,40100,40200,40200,40200,40300,40400,40500,40600,40700,40800,40900,41000,41100,401200,633600,851400,748000,321600,332300,142900,306800,205000,35700,40100,40000,39900,39800,39700,39600,39500,39400,39300,39200,539000,871200,736800,1059700,192700,143700,62800,22600,65000,5300,41390,39670,6602200,3977400,0,0,0,0,0,
600035.SH,600035,20251209,93648000,40100,400,1604,348,0,,,631600,2536858,40300,40100,40200,40200,40200,40300,40400,40500,40600,40700,40800,40900,41000,41100,405200,633600,851400,748000,321600,332300,142900,306800,205000,35700,40100,40000,39900,39800,39700,39600,39500,39400,39300,39200,533600,871200,736800,1069700,192700,143700,62800,22600,65000,5300,41390,39670,6606200,3982000,0,0,0,0,0,
600035.SH,600035,20251209,93651000,40100,0,0,348,0,,,631600,2536858,40300,40100,40200,40200,40200,40300,40400,40500,40600,40700,40800,40900,41000,41100,406300,633600,851400,748000,321600,332300,142900,306800,205000,35700,40100,40000,39900,39800,39700,39600,39500,39400,39300,39200,528600,871200,736800,1069700,192800,144100,62800,22600,65000,5300,41390,39670,6607300,3977500,0,0,0,0,0,
600035.SH,600035,20251209,93654000,40100,0,0,348,0,,,631600,2536858,40300,40100,40200,40200,40200,40300,40400,40500,40600,40700,40800,40900,41000,41100,406300,633600,851400,748000,321600,332300,142900,306800,205000,35700,40100,40000,39900,39800,39700,39600,39500,39400,39300,39200,524100,871200,736800,1069700,192800,144100,62800,22600,65000,5300,41390,39670,6607300,3973000,0,0,0,0,0,
600035.SH,600035,20251209,93657000,40100,100,401,349,0,,,631700,2537259,40300,40100,40200,40200,40200,40300,40400,40500,40600,40700,40800,40900,41000,41100,406400,633600,851400,748000,321600,332300,142900,306800,205000,35700,40100,40000,39900,39800,39700,39600,39500,39400,39300,39200,524000,873200,736800,1069700,192800,147100,62800,22600,65000,5300,41390,39670,6607400,3977900,0,0,0,0,0,
600035.SH,600035,20251209,93700000,40100,700,2807,350,0,,,632400,2540066,40300,40100,40200,40200,40200,40300,40400,40500,40600,40700,40800,40900,41000,41100,406400,633600,851400,748000,321600,332300,142900,306800,205000,35700,40100,40000,39900,39800,39700,39600,39500,39400,39300,39200,523300,879400,736800,1069700,192800,147100,62800,22600,65000,5300,41390,39670,6607400,3983400,0,0,0,0,0,
600035.SH,600035,20251209,93703000,40100,2300,9236,352,0,,,634700,2549302,40300,40100,40200,40200,40200,40300,40400,40500,40600,40700,40800,40900,41000,41100,405100,633600,851400,748000,321600,332300,142900,306800,205000,35700,40100,40000,39900,39800,39700,39600,39500,39400,39300,39200,522300,879400,738800,1069700,192800,147100,62800,22600,65000,5300,41390,39670,6606100,3984400,0,0,0,0,0,
600035.SH,600035,20251209,93706000,40200,12900,51784,357,0,,,647600,2601086,40300,40100,40200,40200,40200,40300,40400,40500,40600,40700,40800,40900,41000,41100,403800,633600,851400,748000,321600,332300,142900,306800,205000,35700,40100,40000,39900,39800,39700,39600,39500,39400,39300,39200,520700,879400,738800,1069700,192800,147100,62800,22600,65000,5300,41390,39670,6604800,3982800,0,0,0,0,0,
600035.SH,600035,20251209,93709000,40100,300,1203,358,0,,,647900,2602289,40300,40100,40200,40200,40200,40300,40400,40500,40600,40700,40800,40900,41000,41100,402300,633600,851400,748000,321600,332300,142900,306800,205000,35700,40100,40000,39900,39800,39700,39600,39500,39400,39300,39200,520400,883400,740800,1069700,192800,147100,62800,22600,65000,5300,41390,39670,6603300,3988500,0,0,0,0,0,
600035.SH,600035,20251209,93712000,40100,600,2406,359,0,,,648500,2604695,40300,40100,40200,40200,40200,40300,40400,40500,40600,40700,40800,40900,41000,41100,403200,633600,851400,748000,321600,332300,142900,306800,205000,35700,40100,40000,39900,39800,39700,39600,39500,39400,39300,39200,519900,883400,740800,1069700,192800,147100,62800,22600,65000,5300,41390,39670,6604200,3988000,0,0,0,0,0,
600035.SH,600035,20251209,93715000,40100,0,0,359,0,,,648500,2604695,40300,40100,40200,40200,40200,40300,40400,40500,40600,40700,40800,40900,41000,41100,403200,633600,851400,748000,321600,332300,142900,306800,205000,35700,40100,40000,39900,39800,39700,39600,39500,39400,39300,39200,519900,883400,740800,1071000,192800,147100,62800,22600,65000,5300,41390,39670,6604200,3989300,0,0,0,0,0,
600035.SH,600035,20251209,93718000,40100,1500,6015,361,0,,,650000,2610710,40300,40100,40200,40200,40200,40300,40400,40500,40600,40700,40800,40900,41000,41100,403400,633600,851400,748000,321600,332300,142900,306800,205000,35700,40100,40000,39900,39800,39700,39600,39500,39400,39300,39200,518400,883400,740800,1075000,192800,147100,62800,22600,65000,5300,41390,39670,6604400,3991800,0,0,0,0,0,
600035.SH,600035,20251209,93721000,40100,600,2406,363,0,,,650600,2613116,40300,40100,40200,40200,40200,40300,40400,40500,40600,40700,40800,40900,41000,41100,403400,633600,851400,748000,321600,332300,142900,306800,205000,35700,40100,40000,39900,39800,39700,39600,39500,39400,39300,39200,517800,883400,745800,1075000,192800,147100,62800,22600,65000,5300,41390,39670,6604400,3996200,0,0,0,0,0,
600035.SH,600035,20251209,93724000,40100,1400,5614,364,0,,,652000,2618730,40300,40100,40200,40200,40200,40300,40400,40500,40600,40700,40800,40900,41000,41100,403400,633600,851400,748000,321600,332300,142900,306800,205000,35700,40100,40000,39900,39800,39700,39600,39500,39400,39300,39200,516400,883400,745900,1075000,192800,147100,62800,22600,65000,5300,41390,39670,6605200,3994900,0,0,0,0,0,
600035.SH,600035,20251209,93727000,40100,300,1203,366,0,,,652300,2619933,40300,40100,40200,40200,40200,40300,40400,40500,40600,40700,40800,40900,41000,41100,403400,633600,851400,748000,321600,332300,142900,306800,204600,35700,40100,40000,39900,39800,39700,39600,39500,39400,39300,39200,516200,883400,745900,1075000,192800,147100,62800,22600,65000,5300,41390,39670,6604800,3994700,0,0,0,0,0,
600035.SH,600035,20251209,93730000,40100,0,0,366,0,,,652300,2619933,40300,40100,40200,40200,40200,40300,40400,40500,40600,40700,40800,40900,41000,41100,403400,633600,851400,748000,321600,332300,142900,306800,204600,35700,40100,40000,39900,39800,39700,39600,39500,39400,39300,39200,518200,883400,746900,1075000,192800,147100,62800,22600,65000,5300,41390,39670,6604800,3997700,0,0,0,0,0,
600035.SH,600035,20251209,93736000,40100,100,401,367,0,,,652400,2620334,40300,40100,40200,40200,40200,40300,40400,40500,40600,40700,40800,40900,41000,41100,403400,633600,851400,763400,321600,332300,142900,306800,204600,35700,40100,40000,39900,39800,39700,39600,39500,39400,39300,39200,518100,883400,746900,1075000,192800,147100,62800,22600,65000,5300,41390,39670,6620200,3997600,0,0,0,0,0,
600035.SH,600035,20251209,93739000,40100,0,0,367,0,,,652400,2620334,40300,40100,40200,40200,40200,40300,40400,40500,40600,40700,40800,40900,41000,41100,403400,633600,851400,763400,365800,332300,142900,306800,204600,35700,40100,40000,39900,39800,39700,39600,39500,39400,39300,39200,518100,883400,746900,1075000,192800,147100,62800,22600,65000,5300,41380,39670,6664400,3997600,0,0,0,0,0,
600035.SH,600035,20251209,93745000,40100,0,0,367,0,,,652400,2620334,40300,40100,40200,40200,40200,40300,40400,40500,40600,40700,40800,40900,41000,41100,403400,633600,851400,763400,365800,332300,142900,306800,204600,35700,40100,40000,39900,39800,39700,39600,39500,39400,39300,39200,520900,884400,746900,1075000,192800,147100,62800,22600,65000,5300,41380,39670,6664400,4001400,0,0,0,0,0,
600035.SH,600035,20251209,93748000,40100,0,0,367,0,,,652400,2620334,40300,40100,40200,40200,40200,40300,40400,40500,40600,40700,40800,40900,41000,41100,403400,633600,851400,763400,415800,332300,142900,306800,204600,35700,40100,40000,39900,39800,39700,39600,39500,39400,39300,39200,520900,884400,746900,1078000,192800,147100,62800,22600,65000,5300,41380,39670,6714400,4004400,0,0,0,0,0,
600035.SH,600035,20251209,93751000,40100,0,0,367,0,,,652400,2620334,40300,40100,40200,40200,40200,40300,40400,40500,40600,40700,40800,40900,41000,41100,403500,633600,851400,763400,415800,332300,142900,306800,205000,35700,40100,40000,39900,39800,39700,39600,39500,39400,39300,39200,520900,884400,746900,1078000,192800,147100,62800,22600,65000,5300,41380,39670,6714900,4004400,0,0,0,0,0,
600035.SH,600035,20251209,93754000,40100,0,0,367,0,,,652400,2620334,40300,40100,40200,40200,40200,40300,40400,40500,40600,40700,40800,40900,41000,41100,403500,633600,866100,763400,415800,332300,142900,306800,205000,35700,40100,40000,39900,39800,39700,39600,39500,39400,39300,39200,520900,884400,744900,1079000,192800,147100,62800,22600,65000,5300,41370,39670,6729600,4003400,0,0,0,0,0,
600035.SH,600035,20251209,93757000,40100,100,401,368,0,,,652500,2620735,40300,40100,40200,40200,40200,40300,40400,40500,40600,40700,40800,40900,41000,41100,403600,638600,866100,763400,415800,332300,142900,306800,205000,35700,40100,40000,39900,39800,39700,39600,39500,39400,39300,39200,550800,884400,744900,1079000,192800,147100,62800,22600,65000,5300,41370,39670,6734700,4033300,0,0,0,0,0,
600035.SH,600035,20251209,93803000,40100,0,0,368,0,,,652500,2620735,40300,40100,40200,40200,40200,40300,40400,40500,40600,40700,40800,40900,41000,41100,403600,638600,866100,763400,415800,332300,142900,306800,205000,35700,40100,40000,39900,39800,39700,39600,39500,39400,39300,39200,550500,884400,744900,1079000,192800,147100,62800,22600,65000,5300,41370,39670,6734700,4033000,0,0,0,0,0,
600035.SH,600035,20251209,93806000,40100,3300,13233,371,0,,,655800,2633968,40300,40100,40200,40200,40200,40300,40400,40500,40600,40700,40800,40900,41000,41100,403700,638600,866100,763400,415800,332300,142900,306800,205000,35700,40100,40000,39900,39800,39700,39600,39500,39400,39300,39200,547200,884400,744900,1079000,212800,147100,62800,22600,65000,5300,41370,39670,6734800,4049700,0,0,0,0,0,
600035.SH,600035,20251209,93809000,40100,200,802,372,0,,,656000,2634770,40300,40100,40200,40200,40200,40300,40400,40500,40600,40700,40800,40900,41000,41100,403700,636600,866100,763400,415800,332300,142900,306800,206200,35700,40100,40000,39900,39800,39700,39600,39500,39400,39300,39200,547000,884400,744900,1079000,212800,147100,62800,22600,65000,5300,41370,39670,6734000,4049500,0,0,0,0,0,
600035.SH,600035,20251209,93812000,40100,0,0,372,0,,,656000,2634770,40300,40100,40200,40200,40200,40300,40400,40500,40600,40700,40800,40900,41000,41100,403700,636600,866100,763400,415800,332300,142900,306800,206200,35700,40100,40000,39900,39800,39700,39600,39500,39400,39300,39200,547000,885400,744900,1079000,213800,147100,62800,22600,65000,5300,41370,39670,6734000,4051500,0,0,0,0,0,
600035.SH,600035,20251209,93815000,40100,0,0,372,0,,,656000,2634770,40300,40100,40200,40200,40200,40300,40400,40500,40600,40700,40800,40900,41000,41100,403700,636600,866100,763400,415800,332300,142900,306800,206200,35700,40100,40000,39900,39800,39700,39600,39500,39400,39300,39200,547000,885400,742900,1079000,213800,147100,62800,22600,65000,5300,41370,39670,6734000,4049500,0,0,0,0,0,
600035.SH,600035,20251209,93818000,40100,100,401,373,0,,,656100,2635171,40300,40100,40200,40200,40200,40300,40400,40500,40600,40700,40800,40900,41000,41100,411200,636600,866100,763400,415800,332300,142900,306800,206200,35700,40100,40000,39900,39800,39700,39600,39500,39400,39300,39200,546900,885400,742900,1079000,213800,147100,62800,22600,65000,5300,41370,39670,6741500,4049400,0,0,0,0,0,
600035.SH,600035,20251209,93821000,40100,100,401,374,0,,,656200,2635572,40300,40100,40200,40200,40200,40300,40400,40500,40600,40700,40800,40900,41000,41100,413300,636600,866100,763400,415800,332300,142900,306800,206200,35700,40100,40000,39900,39800,39700,39600,39500,39400,39300,39200,546800,885400,742900,1079000,213800,147100,62800,22600,65000,5300,41390,39670,6778600,4049300,0,0,0,0,0,
600035.SH,600035,20251209,93824000,40100,200,802,375,0,,,656400,2636374,40300,40100,40200,40200,40200,40300,40400,40500,40600,40700,40800,40900,41000,41100,413700,636600,866100,763400,415800,332300,142900,306800,206200,35700,40100,40000,39900,39800,39700,39600,39500,39400,39300,39200,549700,885400,742900,1079000,213800,147100,62800,22600,65000,5300,41390,39670,6779000,4052200,0,0,0,0,0,
600035.SH,600035,20251209,93830000,40100,0,0,375,0,,,656400,2636374,40300,40100,40200,40200,40200,40300,40400,40500,40600,40700,40800,40900,41000,41100,413700,636600,866100,763400,415800,332300,142900,306800,206200,35700,40100,40000,39900,39800,39700,39600,39500,39400,39300,39200,548400,885400,742900,1079000,213800,147100,62800,22600,65000,5300,41390,39670,6779000,4050900,0,0,0,0,0,
600035.SH,600035,20251209,93833000,40100,0,0,375,0,,,656400,2636374,40300,40100,40200,40200,40200,40300,40400,40500,40600,40700,40800,40900,41000,41100,413700,636600,866100,763400,415800,332300,142900,306800,206200,35700,40100,40000,39900,39800,39700,39600,39500,39400,39300,39200,548700,885400,742900,1079000,213800,147100,62800,22600,65000,5300,41400,39670,6801500,4051200,0,0,0,0,0,
600035.SH,600035,20251209,93836000,40100,200,802,377,0,,,656600,2637176,40300,40100,40200,40200,40200,40300,40400,40500,40600,40700,40800,40900,41000,41100,419100,632100,866100,763400,415800,332300,142900,306800,206200,35700,40100,40000,39900,39800,39700,39600,39500,39400,39300,39200,548500,885400,742900,1079000,213800,147100,62800,22600,65000,5300,41390,39670,6802400,4051000,0,0,0,0,0,
600035.SH,600035,20251209,93839000,40100,600,2406,381,0,,,657200,2639582,40300,40100,40200,40200,40200,40300,40400,40500,40600,40700,40800,40900,41000,41100,418900,632100,866100,763400,415800,332300,142900,306800,206200,35700,40100,40000,39900,39800,39700,39600,39500,39400,39300,39200,547900,885400,742900,1079000,213800,147100,62800,22600,65000,5300,41390,39670,6802200,4050400,0,0,0,0,0,
600035.SH,600035,20251209,93842000,40100,100,401,382,0,,,657300,2639983,40300,40100,40200,40200,40200,40300,40400,40500,40600,40700,40800,40900,41000,41100,418900,632100,866100,763400,415800,332300,142900,306800,206200,35700,40100,40000,39900,39800,39700,39600,39500,39400,39300,39200,548800,885400,742900,1079500,213800,147100,62800,22600,65000,5300,41390,39670,6802200,4051800,0,0,0,0,0,
600035.SH,600035,20251209,93845000,40100,1400,5627,384,0,,,658700,2645610,40300,40100,40200,40200,40200,40300,40400,40500,40600,40700,40800,40900,41000,41100,417600,632100,866100,763400,415800,332300,142900,306800,206200,35700,40100,40000,39900,39800,39700,39600,39500,39400,39300,39200,548700,885400,742900,1079500,213800,147100,62800,22600,65000,5300,41400,39670,6800900,4051700,0,0,0,0,0,
600035.SH,600035,20251209,93848000,40100,100,401,385,0,,,658800,2646011,40300,40100,40200,40200,40200,40300,40400,40500,40600,40700,40800,40900,41000,41100,413600,632100,866100,763400,415800,332300,142900,306800,206200,35700,40100,40000,39900,39800,39700,39600,39500,39400,39300,39200,548600,885400,742900,1079500,213800,147100,62800,22600,65000,5300,41400,39670,6796900,4051600,0,0,0,0,0,
600035.SH,600035,20251209,93851000,40200,900,3618,386,0,,,659700,2649629,40300,40100,40200,40200,40200,40300,40400,40500,40600,40700,40800,40900,41000,41100,414100,632100,866100,763400,415800,332300,142900,306800,206200,35700,40100,40000,39900,39800,39700,39600,39500,39400,39300,39200,558700,875400,742900,1079500,213800,147100,62800,22700,65000,5300,41400,39670,6798400,4051800,0,0,0,0,0,
600035.SH,600035,20251209,93854000,40100,100,401,387,0,,,659800,2650030,40300,40100,40200,40200,40200,40300,40400,40500,40600,40700,40800,40900,41000,41100,416100,632100,866100,763400,415800,332300,142900,306800,206200,35700,40100,40000,39900,39800,39700,39600,39500,39400,39300,39200,558600,875400,742900,1079500,213800,147100,62800,22700,65000,5300,41400,39670,6800400,4051700,0,0,0,0,0,
600035.SH,600035,20251209,93857000,40100,100,401,388,0,,,659900,2650431,40300,40100,40200,40200,40200,40300,40400,40500,40600,40700,40800,40900,41000,41100,416400,632100,870100,763400,415800,332300,142900,306800,206200,35700,40100,40000,39900,39800,39700,39600,39500,39400,39300,39200,558500,875400,742900,1069500,213800,147100,62800,22700,65000,5300,41390,39670,6804700,4041600,0,0,0,0,0,
600035.SH,600035,20251209,93900000,40100,0,0,388,0,,,659900,2650431,40300,40100,40200,40200,40200,40300,40400,40500,40600,40700,40800,40900,41000,41100,416400,632100,870100,763400,415800,332300,142900,306800,206200,35700,40100,40000,39900,39800,39700,39600,39500,39400,39300,39200,558800,875400,752900,1069500,213800,147100,62800,22700,65000,5300,41390,39670,6804700,4051900,0,0,0,0,0,
600035.SH,600035,20251209,93903000,40100,200,802,390,0,,,660100,2651233,40300,40100,40200,40200,40200,40300,40400,40500,40600,40700,40800,40900,41000,41100,416500,632100,870100,763400,415800,332300,142900,306800,206200,35700,40100,40000,39900,39800,39700,39600,39500,39400,39300,39200,558600,875400,752900,1069500,213800,147100,62800,22700,65000,5300,41390,39670,6804800,4051700,0,0,0,0,0,
600035.SH,600035,20251209,93906000,40100,0,0,390,0,,,660100,2651233,40300,40100,40200,40200,40200,40300,40400,40500,40600,40700,40800,40900,41000,41100,418600,632100,870100,763400,415800,332300,142900,306800,206200,35700,40100,40000,39900,39800,39700,39600,39500,39400,39300,39200,558600,865400,752900,1069500,213800,147100,62800,22700,65000,5300,41390,39670,6806900,4041700,0,0,0,0,0,
600035.SH,600035,20251209,93909000,40100,0,0,390,0,,,660100,2651233,40300,40100,40200,40200,40200,40300,40400,40500,40600,40700,40800,40900,41000,41100,418600,632100,850100,763400,415800,332300,142900,306800,206200,35700,40100,40000,39900,39800,39700,39600,39500,39400,39300,39200,558600,865400,752900,1069500,213800,147100,62800,22700,65000,5300,41400,39670,6786900,4041700,0,0,0,0,0,
600035.SH,600035,20251209,93912000,40200,300,1206,392,0,,,660400,2652439,40300,40100,40200,40200,40200,40300,40400,40500,40600,40700,40800,40900,41000,41100,418300,632100,850100,763400,415800,332300,142900,306800,206200,35700,40100,40000,39900,39800,39700,39600,39500,39400,39300,39200,558600,865400,752900,1069500,213800,147100,62800,22700,65000,5300,41400,39670,6786600,4041700,0,0,0,0,0,
600035.SH,600035,20251209,93918000,40100,100,401,393,0,,,660500,2652840,40300,40100,40200,40200,40200,40300,40400,40500,40600,40700,40800,40900,41000,41100,418300,632100,850100,763400,415800,332300,142900,306800,206200,35700,40100,40000,39900,39800,39700,39600,39500,39400,39300,39200,558500,867200,752900,1069500,213800,147100,62800,22700,65000,5300,41400,39670,6786600,4043400,0,0,0,0,0,
600035.SH,600035,20251209,93921000,40100,0,0,393,0,,,660500,2652840,40300,40100,40200,40200,40200,40300,40400,40500,40600,40700,40800,40900,41000,41100,423500,632100,850100,763400,415800,332300,142900,306800,206200,35700,40100,40000,39900,39800,39700,39600,39500,39400,39300,39200,558500,867200,752900,1069600,213800,147100,62800,22700,65000,5300,41400,39670,6791800,4043500,0,0,0,0,0,
600035.SH,600035,20251209,93924000,40100,0,0,393,0,,,660500,2652840,40300,40100,40200,40200,40200,40300,40400,40500,40600,40700,40800,40900,41000,41100,443500,632100,850100,763400,415800,332300,142900,306800,206200,35700,40100,40000,39900,39800,39700,39600,39500,39400,39300,39200,558500,867200,752900,1069600,213800,147100,62800,22700,65000,5300,41390,39670,6811800,4043500,0,0,0,0,0,
600035.SH,600035,20251209,93927000,40100,100,401,394,0,,,660600,2653241,40300,40100,40200,40200,40200,40300,40400,40500,40600,40700,40800,40900,41000,41100,443500,632100,850100,763400,415800,332300,142900,306800,206200,35700,40100,40000,39900,39800,39700,39600,39500,39400,39300,39200,558400,867200,752900,1069600,213800,147100,62800,22700,65000,5300,41390,39670,6811800,4043400,0,0,0,0,0,
600035.SH,600035,20251209,93930000,40100,200,802,395,0,,,660800,2654043,40300,40100,40200,40200,40200,40300,40400,40500,40600,40700,40800,40900,41000,41100,443500,632100,850100,763400,415800,332300,142900,306800,206200,35700,40100,40000,39900,39800,39700,39600,39500,39400,39300,39200,558200,867200,752900,1069600,213800,147100,62800,22700,65000,5300,41390,39670,6811800,4043200,0,0,0,0,0,
600035.SH,600035,20251209,93933000,40200,900,3616,402,0,,,661700,2657659,40300,40100,40200,40200,40200,40300,40400,40500,40600,40700,40800,40900,41000,41100,442800,632100,850100,763400,415800,332300,142900,306800,206200,35700,40100,40000,39900,39800,39700,39600,39500,39400,39300,39200,558000,867200,755900,1069600,213800,147100,62800,22700,65000,5300,41390,39670,6811100,4046000,0,0,0,0,0,
600035.SH,600035,20251209,93936000,40200,700,2810,408,0,,,662400,2660469,40300,40100,40200,40200,40200,40300,40400,40500,40600,40700,40800,40900,41000,41100,442500,632100,850100,763400,415800,332300,142900,306800,206200,35700,40100,40000,39900,39800,39700,39600,39500,39400,39300,39200,557300,867200,755900,1069600,213800,147100,62800,22700,65000,5300,41390,39670,6810800,4045300,0,0,0,0,0,
600035.SH,600035,20251209,93939000,40100,900,3615,413,0,,,663300,2664084,40300,40100,40200,40200,40200,40300,40400,40500,40600,40700,40800,40900,41000,41100,441900,632100,850100,763400,415800,332300,142900,306800,206200,35700,40100,40000,39900,39800,39700,39600,39500,39400,39300,39200,556800,867200,755800,1069600,213800,147100,62800,22700,65000,5300,41390,39670,6810200,4044700,0,0,0,0,0,
600035.SH,600035,20251209,93942000,40200,400,1607,417,0,,,663700,2665691,40300,40100,40200,40200,40200,40300,40400,40500,40600,40700,40800,40900,41000,41100,441700,632100,850100,763400,415800,332300,142900,306800,206200,35700,40100,40000,39900,39800,39700,39600,39500,39400,39300,39200,556600,867200,755800,1069600,213800,147100,62800,22700,65000,5300,41390,39670,6810000,4044500,0,0,0,0,0,
600035.SH,600035,20251209,93945000,40200,0,0,417,0,,,663700,2665691,40300,40100,40200,40200,40200,40300,40400,40500,40600,40700,40800,40900,41000,41100,441700,632100,850100,763400,415800,332300,142900,306800,206200,35700,40100,40000,39900,39800,39700,39600,39500,39400,39300,39200,558400,867200,755800,1069600,213800,147100,62800,22700,65000,5300,41390,39670,6810000,4046300,0,0,0,0,0,
600035.SH,600035,20251209,93948000,40100,600,2411,422,0,,,664300,2668102,40300,40100,40200,40200,40200,40300,40400,40500,40600,40700,40800,40900,41000,41100,446600,632100,850100,763400,415800,332300,142900,306800,206200,35700,40100,40000,39900,39800,39700,39600,39500,39400,39300,39200,558300,867200,755800,1069600,213800,147100,62800,22700,65000,5300,41390,39670,6814900,4046200,0,0,0,0,0,
600035.SH,600035,20251209,93951000,40100,5400,21654,423,0,,,669700,2689756,40300,40100,40200,40200,40200,40300,40400,40500,40600,40700,40800,40900,41000,41100,446700,631400,850100,763400,415800,332300,142900,306800,206200,35700,40100,40000,39900,39800,39700,39600,39500,39400,39300,39200,553400,868200,758800,1069700,213800,147100,62800,22700,65000,5300,41390,39670,6814300,4045400,0,0,0,0,0,
600035.SH,600035,20251209,93954000,40100,1100,4411,429,0,,,670800,2694167,40300,40100,40200,40200,40200,40300,40400,40500,40600,40700,40800,40900,41000,41100,446400,631400,850100,763400,415800,332300,142900,306800,206200,35700,40100,40000,39900,39800,39700,39600,39500,39400,39300,39200,552300,868200,758800,1069700,213800,147100,62800,22700,65000,5300,41390,39670,6814000,4044300,0,0,0,0,0,
600035.SH,600035,20251209,93957000,40100,100,401,430,0,,,670900,2694568,40300,40100,40200,40200,40200,40300,40400,40500,40600,40700,40800,40900,41000,41100,444500,631400,850100,763400,415800,332300,142900,306800,206200,35700,40100,40000,39900,39800,39700,39600,39500,39400,39300,39200,554200,868200,758800,1069700,213800,147100,62800,22700,65000,5300,41390,39670,6812100,4046200,0,0,0,0,0,
600035.SH,600035,20251209,94000000,40200,500,2010,432,0,,,671400,2696578,40300,40100,40200,40200,40200,40300,40400,40500,40600,40700,40800,40900,41000,41100,446300,631400,850100,763400,415800,332300,142900,306800,206200,35700,40100,40000,39900,39800,39700,39600,39500,39400,39300,39200,554200,868200,758800,1069700,213800,147100,62800,22700,65000,5300,41390,39670,6813900,4046200,0,0,0,0,0,
600035.SH,600035,20251209,94003000,40100,800,3208,437,0,,,672200,2699786,40300,40100,40200,40200,40200,40300,40400,40500,40600,40700,40800,40900,41000,41100,447800,631400,850100,763400,415800,332300,142900,306800,206200,35700,40100,40000,39900,39800,39700,39600,39500,39400,39300,39200,553900,868200,748800,1069700,213800,147100,62800,22700,65000,5300,41390,39670,6815400,4035900,0,0,0,0,0,
600035.SH,600035,20251209,94006000,40100,100,401,438,0,,,672300,2700187,40300,40100,40200,40200,40200,40300,40400,40500,40600,40700,40800,40900,41000,41100,447900,631400,850100,763400,415800,332300,142900,306800,206200,35700,40100,40000,39900,39800,39700,39600,39500,39400,39300,39200,553800,869200,748800,1069700,213800,147100,62800,22700,65000,5300,41390,39670,6815500,4036800,0,0,0,0,0,
600035.SH,600035,20251209,94012000,40100,600,2411,440,0,,,672900,2702598,40300,40100,40200,40200,40200,40300,40400,40500,40600,40700,40800,40900,41000,41100,447400,631400,850100,763400,415800,332300,142900,306800,206200,35700,40100,40000,39900,39800,39700,39600,39500,39400,39300,39200,553700,869200,748800,1069700,213800,147100,62800,22700,65000,5300,41390,39670,6815000,4036700,0,0,0,0,0,
600035.SH,600035,20251209,94015000,40100,0,0,440,0,,,672900,2702598,40300,40100,40200,40200,40200,40300,40400,40500,40600,40700,40800,40900,41000,41100,447400,631400,850100,763400,415800,332300,142900,306800,206200,35700,40100,40000,39900,39800,39700,39600,39500,39400,39300,39200,554200,869200,748800,1069700,213800,147100,62800,22700,65000,5300,41390,39670,6815000,4037200,0,0,0,0,0,
600035.SH,600035,20251209,94018000,40100,100,401,441,0,,,673000,2702999,40300,40100,40200,40200,40200,40300,40400,40500,40600,40700,40800,40900,41000,41100,447400,631400,850100,763400,415800,332300,142900,306800,206200,35700,40100,40000,39900,39800,39700,39600,39500,39400,39300,39200,554100,870200,748800,1069700,213800,147100,62800,22700,65000,5300,41390,39670,6815000,4038100,0,0,0,0,0,
600035.SH,600035,20251209,94021000,40100,0,0,441,0,,,673000,2702999,40300,40100,40200,40200,40200,40300,40400,40500,40600,40700,40800,40900,41000,41100,447300,631400,850100,763400,415800,332300,142900,306800,206200,35700,40100,40000,39900,39800,39700,39600,39500,39400,39300,39200,554100,870200,748800,1069700,213800,147100,62800,22700,65000,5300,41390,39670,6814900,4038100,0,0,0,0,0,
600035.SH,600035,20251209,94024000,40100,0,0,441,0,,,673000,2702999,40300,40100,40200,40200,40200,40300,40400,40500,40600,40700,40800,40900,41000,41100,452400,631400,850100,753400,415800,332300,142900,306800,206200,35700,40100,40000,39900,39800,39700,39600,39500,39400,39300,39200,544200,865200,749300,1069700,213800,147100,62800,22700,65000,5300,41390,39670,6810000,4023700,0,0,0,0,0,
600035.SH,600035,20251209,94027000,40100,300,1203,443,0,,,673300,2704202,40300,40100,40200,40200,40200,40300,40400,40500,40600,40700,40800,40900,41000,41100,452300,631400,850100,753400,415800,332300,142900,306800,206200,35700,40100,40000,39900,39800,39700,39600,39500,39400,39300,39200,543900,865200,749300,1069700,213800,147100,62800,22700,65000,5300,41390,39670,6809900,4023400,0,0,0,0,0,
600035.SH,600035,20251209,94030000,40100,2000,8020,444,0,,,675300,2712222,40300,40100,40200,40200,40200,40300,40400,40500,40600,40700,40800,40900,41000,41100,454600,631400,850100,753400,415800,332300,142900,306800,206200,35700,40100,40000,39900,39800,39700,39600,39500,39400,39300,39200,541900,865200,749300,1069700,213800,147100,62800,22700,65000,5300,41390,39670,6812200,4021400,0,0,0,0,0,
600035.SH,600035,20251209,94033000,40100,100,401,445,0,,,675400,2712623,40300,40100,40200,40200,40200,40300,40400,40500,40600,40700,40800,40900,41000,41100,454600,631400,850100,753400,415800,332300,142900,306800,206200,35700,40100,40000,39900,39800,39700,39600,39500,39400,39300,39200,543400,865200,749300,1069700,213800,147100,62800,22700,65000,5300,41390,39670,6812200,4022900,0,0,0,0,0,
600035.SH,600035,20251209,94036000,40100,100,401,446,0,,,675500,2713024,40300,40100,40200,40200,40200,40300,40400,40500,40600,40700,40800,40900,41000,41100,454600,631400,850100,753400,415800,332300,142900,306800,206200,35700,40100,40000,39900,39800,39700,39600,39500,39400,39300,39200,545000,865200,749300,1069700,213800,147100,62800,22700,65000,5300,41390,39670,6812200,4024500,0,0,0,0,0,
600035.SH,600035,20251209,94039000,40100,500,2005,447,0,,,676000,2715029,40300,40100,40200,40200,40200,40300,40400,40500,40600,40700,40800,40900,41000,41100,454600,631400,850100,753400,415800,332300,142900,306800,206200,35700,40100,40000,39900,39800,39700,39600,39500,39400,39300,39200,544500,865200,749300,1069700,213800,147100,62800,22700,65000,5300,41390,39670,6812200,4024000,0,0,0,0,0,
600035.SH,600035,20251209,94042000,40100,100,401,448,0,,,676100,2715430,40300,40100,40200,40200,40200,40300,40400,40500,40600,40700,40800,40900,41000,41100,454600,631400,850100,753400,415800,332300,142900,306800,206200,35700,40100,40000,39900,39800,39700,39600,39500,39400,39300,39200,544400,865200,749300,1069700,213800,147100,62800,22700,65000,5300,41390,39670,6812200,4023900,0,0,0,0,0,
600035.SH,600035,20251209,94045000,40100,200,802,450,0,,,676300,2716232,40300,40100,40200,40200,40200,40300,40400,40500,40600,40700,40800,40900,41000,41100,454600,641400,850100,753400,415800,332300,142900,306800,206200,35700,40100,40000,39900,39800,39700,39600,39500,39400,39300,39200,544200,865200,749400,1069800,213900,147100,62800,22700,65000,5300,41390,39670,6822200,4024000,0,0,0,0,0,
600035.SH,600035,20251209,94048000,40100,100,401,451,0,,,676400,2716633,40300,40100,40200,40200,40200,40300,40400,40500,40600,40700,40800,40900,41000,41100,454500,641400,850100,753400,415800,332300,142900,306800,206200,35700,40100,40000,39900,39800,39700,39600,39500,39400,39300,39200,544900,865200,749400,1069800,213900,147100,62800,22700,65000,5300,41390,39670,6822100,4024700,0,0,0,0,0,
