万得代码,交易所代码,自然日,时间,委托编号,交易所委托号,委托类型,委托代码,委托价格,委托数量,
600035.SH,600035,20251209,91400500,0,0,S,I,0,0,
600035.SH,600035,20251209,91500070,0,336,A,B,40100,20000,
600035.SH,600035,20251209,91500090,0,742,A,S,40400,100000,
600035.SH,600035,20251209,91500090,0,860,A,S,40700,10000,
600035.SH,600035,20251209,91500090,0,873,A,B,39800,4100,
600035.SH,600035,20251209,91500090,0,887,A,S,40800,8100,
600035.SH,600035,20251209,91500090,0,888,A,S,41200,5100,
600035.SH,600035,20251209,91500090,0,895,A,S,41700,5100,
600035.SH,600035,20251209,91500090,0,916,A,S,42000,5100,
600035.SH,600035,20251209,91500090,0,917,A,S,42400,5100,
600035.SH,600035,20251209,91500090,0,918,A,S,42600,5100,
600035.SH,600035,20251209,91500090,0,936,A,S,43000,5100,
600035.SH,600035,20251209,91500090,0,937,A,S,43500,5100,
600035.SH,600035,20251209,91500130,0,955,A,S,44100,10600,
600035.SH,600035,20251209,91500290,0,1625,A,S,40400,275100,
600035.SH,600035,20251209,91500390,0,2306,A,B,40100,50000,
600035.SH,600035,20251209,91500390,0,2651,A,B,40100,5000,
600035.SH,600035,20251209,91500390,0,2749,A,S,41000,20000,
600035.SH,600035,20251209,91500440,0,2981,A,S,40500,275200,
600035.SH,600035,20251209,91500440,0,2996,A,S,44200,100,
600035.SH,600035,20251209,91500520,0,3547,A,B,40000,5000,
600035.SH,600035,20251209,91500520,0,3561,A,B,39900,5000,
600035.SH,600035,20251209,91500520,0,3578,A,B,39800,8000,
600035.SH,600035,20251209,91500520,0,3620,A,B,40000,270800,
600035.SH,600035,20251209,91501450,0,4875,A,S,44200,10000,
600035.SH,600035,20251209,91501450,0,5062,A,S,43500,1000,
600035.SH,600035,20251209,91501490,0,5932,A,S,40500,4000,
600035.SH,600035,20251209,91501650,0,6585,A,B,40000,1000,
600035.SH,600035,20251209,91501650,0,6607,A,B,39800,1000,
600035.SH,600035,20251209,91501650,0,6626,A,S,41200,1000,
600035.SH,600035,20251209,91501680,0,7122,A,S,40700,10000,
600035.SH,600035,20251209,91501790,0,8820,A,B,40200,2000,
600035.SH,600035,20251209,91501790,0,8839,A,B,40100,2000,
600035.SH,600035,20251209,91501790,0,8840,A,B,40000,2000,
600035.SH,600035,20251209,91501790,0,8873,A,B,39900,2000,
600035.SH,600035,20251209,91501790,0,8874,A,S,40500,2000,
600035.SH,600035,20251209,91501790,0,8875,A,S,40600,2000,
600035.SH,600035,20251209,91501790,0,8895,A,S,40600,1000,
600035.SH,600035,20251209,91501790,0,8896,A,S,40700,2000,
600035.SH,600035,20251209,91501850,0,9665,A,B,36200,10000,
600035.SH,600035,20251209,91501850,0,9776,A,S,44200,2800,
600035.SH,600035,20251209,91501850,0,10939,A,S,43500,2900,
600035.SH,600035,20251209,91501960,0,11950,A,B,40100,500,
600035.SH,600035,20251209,91501960,0,12185,A,S,44200,1000,
600035.SH,600035,20251209,91501960,0,12562,A,B,36900,100,
600035.SH,600035,20251209,91501960,0,12635,A,S,40900,200,
600035.SH,600035,20251209,91502080,0,13252,A,S,40400,700,
600035.SH,600035,20251209,91502080,0,13253,A,S,40600,400,
600035.SH,600035,20251209,91502080,0,13308,A,B,40000,600,
600035.SH,600035,20251209,91502080,0,13415,A,S,40700,11000,
600035.SH,600035,20251209,91502080,0,13453,A,B,40100,11000,
600035.SH,600035,20251209,91502140,0,14241,A,B,39700,800,
600035.SH,600035,20251209,91502140,0,14352,A,B,40100,300,
600035.SH,600035,20251209,91502140,0,14359,A,S,40400,300,
600035.SH,600035,20251209,91502140,0,14503,A,B,39700,900,
600035.SH,600035,20251209,91502140,0,14504,A,S,42700,900,
600035.SH,600035,20251209,91502260,0,14846,A,S,41800,2100,
600035.SH,600035,20251209,91502260,0,14851,A,S,42700,3000,
600035.SH,600035,20251209,91502420,0,15686,A,S,41000,1000,
600035.SH,600035,20251209,91502420,0,15691,A,S,41400,1000,
600035.SH,600035,20251209,91502420,0,15804,A,S,40600,39900,
600035.SH,600035,20251209,91502420,0,15815,A,S,40700,40100,
600035.SH,600035,20251209,91502420,0,15892,A,S,40400,10100,
600035.SH,600035,20251209,91502420,0,16149,A,S,42000,2000,
600035.SH,600035,20251209,91502420,0,16195,A,B,39900,1000,
600035.SH,600035,20251209,91502420,0,16212,A,S,40500,1000,
600035.SH,600035,20251209,91502490,0,16788,A,S,40500,100,
600035.SH,600035,20251209,91502490,0,17282,A,S,43300,22900,
600035.SH,600035,20251209,91502490,0,17692,A,S,40600,1000,
600035.SH,600035,20251209,91502490,0,17826,A,S,44200,1000,
600035.SH,600035,20251209,91502490,0,18052,A,B,40000,5000,
600035.SH,600035,20251209,91502490,0,18290,A,S,41000,300,
600035.SH,600035,20251209,91502620,0,18925,A,S,41000,100,
600035.SH,600035,20251209,91502620,0,20380,A,S,40900,10000,
600035.SH,600035,20251209,91502730,0,20718,A,B,40100,1000,
600035.SH,600035,20251209,91502730,0,20724,A,B,40000,1500,
600035.SH,600035,20251209,91502730,0,20732,A,B,39900,2500,
600035.SH,600035,20251209,91502730,0,20745,A,S,44200,8500,
600035.SH,600035,20251209,91502730,0,20757,A,B,40100,1000,
600035.SH,600035,20251209,91502730,0,20765,A,B,40000,1500,
600035.SH,600035,20251209,91502730,0,20766,A,B,39900,2500,
600035.SH,600035,20251209,91502730,0,20767,A,S,44200,6500,
600035.SH,600035,20251209,91502730,0,21450,A,S,40400,10000,
600035.SH,600035,20251209,91502730,0,21937,A,B,37000,1000,
600035.SH,600035,20251209,91502730,0,22245,A,B,38000,1000,
600035.SH,600035,20251209,91502730,0,22254,A,S,43500,1000,
600035.SH,600035,20251209,91502730,0,22273,A,S,42200,1000,
600035.SH,600035,20251209,91502860,0,22840,A,B,39800,2300,
600035.SH,600035,20251209,91502860,0,22897,A,B,39900,2300,
600035.SH,600035,20251209,91502860,0,22912,A,B,40000,2300,
600035.SH,600035,20251209,91502860,0,22968,A,S,40300,2300,
600035.SH,600035,20251209,91502860,0,23159,A,S,40700,2500,
600035.SH,600035,20251209,91502860,0,23632,A,S,40400,1800,
600035.SH,600035,20251209,91502860,0,23635,A,B,40000,2200,
600035.SH,600035,20251209,91502860,0,23761,A,S,40400,38800,
600035.SH,600035,20251209,91502860,0,23819,A,S,40500,39100,
600035.SH,600035,20251209,91502860,0,23895,A,B,39800,3000,
600035.SH,600035,20251209,91502860,0,24126,A,B,39700,5000,
600035.SH,600035,20251209,91502860,0,24147,A,B,39600,5000,
600035.SH,600035,20251209,91503020,0,24799,A,S,40400,10000,
600035.SH,600035,20251209,91503020,0,25005,A,S,40600,1000,
600035.SH,600035,20251209,91503020,0,25611,A,B,40100,600,
600035.SH,600035,20251209,91503020,0,25968,A,S,44000,100,
600035.SH,600035,20251209,91503020,0,26031,A,S,41600,20000,
600035.SH,600035,20251209,91503020,0,26032,A,S,42000,20000,
600035.SH,600035,20251209,91503020,0,26033,A,S,42400,20000,
600035.SH,600035,20251209,91503020,0,26041,A,S,42800,20000,
600035.SH,600035,20251209,91503020,0,26055,A,B,40100,5000,
600035.SH,600035,20251209,91503020,0,26056,A,S,43200,20000,
600035.SH,600035,20251209,91503020,0,26058,A,S,43600,20000,
600035.SH,600035,20251209,91503020,0,26064,A,B,40000,5000,
600035.SH,600035,20251209,91503020,0,26066,A,S,44000,20000,
600035.SH,600035,20251209,91503020,0,26072,A,B,39900,6000,
600035.SH,600035,20251209,91503020,0,26084,A,B,39800,6000,
600035.SH,600035,20251209,91503160,0,26736,A,S,44200,400,
600035.SH,600035,20251209,91503160,0,27318,A,S,40500,3000,
600035.SH,600035,20251209,91503160,0,27746,A,B,38000,1000,
600035.SH,600035,20251209,91503280,0,29387,A,S,44000,300,
600035.SH,600035,20251209,91503280,0,29702,A,S,42500,300,
600035.SH,600035,20251209,91503280,0,29873,A,S,43700,100,
600035.SH,600035,20251209,91503280,0,30294,A,B,38800,1000,
600035.SH,600035,20251209,91503420,0,30945,A,B,40100,500,
600035.SH,600035,20251209,91503420,0,31474,A,S,40400,92900,
600035.SH,600035,20251209,91503420,0,32202,A,S,40800,5000,
600035.SH,600035,20251209,91503420,0,32313,A,B,39500,10000,
600035.SH,600035,20251209,91503570,0,32511,A,S,44200,5000,
600035.SH,600035,20251209,91503570,0,32607,A,S,40800,800,
600035.SH,600035,20251209,91503570,0,33575,A,B,38500,800,
600035.SH,600035,20251209,91503730,0,35500,A,S,44200,100,
600035.SH,600035,20251209,91503730,0,35615,A,B,40100,500,
600035.SH,600035,20251209,91504140,0,40390,A,B,39800,7000,
600035.SH,600035,20251209,91504140,0,40808,A,B,39000,300,
600035.SH,600035,20251209,91504140,0,42253,A,S,40400,2000,
600035.SH,600035,20251209,91504140,0,42262,A,S,40600,2000,
600035.SH,600035,20251209,91504140,0,42285,A,B,40000,2000,
600035.SH,600035,20251209,91504260,0,42322,A,B,39800,2000,
600035.SH,600035,20251209,91504310,0,43265,A,B,40000,500,
600035.SH,600035,20251209,91504310,0,44034,A,S,42500,500,
600035.SH,600035,20251209,91504460,0,45442,A,S,40800,20000,
600035.SH,600035,20251209,91504460,0,45466,A,S,41200,20000,
600035.SH,600035,20251209,91504460,0,45566,A,S,41000,2500,
600035.SH,600035,20251209,91504460,0,45567,A,S,41300,2500,
600035.SH,600035,20251209,91504460,0,45568,A,S,41500,2500,
600035.SH,600035,20251209,91504460,0,45569,A,S,41800,2500,
600035.SH,600035,20251209,91504460,0,45581,A,S,42000,2500,
600035.SH,600035,20251209,91504460,0,46109,A,B,40000,3100,
600035.SH,600035,20251209,91504460,0,46240,A,B,40100,2500,
600035.SH,600035,20251209,91504460,0,46241,A,B,39800,2500,
600035.SH,600035,20251209,91504460,0,46254,A,B,39600,2500,
600035.SH,600035,20251209,91504460,0,46340,A,S,40900,3500,
600035.SH,600035,20251209,91504610,0,47229,A,S,40400,4000,
600035.SH,600035,20251209,91504610,0,47284,A,S,43000,300,
600035.SH,600035,20251209,91504610,0,47339,A,S,40400,3000,
600035.SH,600035,20251209,91504610,0,47649,A,B,40100,10000,
600035.SH,600035,20251209,91504610,0,47677,A,B,39800,10000,
600035.SH,600035,20251209,91504610,0,47735,A,B,40200,300,
600035.SH,600035,20251209,91504610,0,47782,A,B,40000,300,
600035.SH,600035,20251209,91504610,0,47932,A,S,40300,3000,
600035.SH,600035,20251209,91504610,0,48155,A,S,43800,300,
600035.SH,600035,20251209,91504610,0,48305,A,S,40500,2500,
600035.SH,600035,20251209,91504610,0,48327,A,S,40800,2500,
600035.SH,600035,20251209,91504610,0,48348,A,S,41100,2500,
600035.SH,600035,20251209,91504610,0,48371,A,S,41400,2500,
600035.SH,600035,20251209,91504610,0,48395,A,B,39900,2500,
600035.SH,600035,20251209,91504610,0,48417,A,B,39600,2500,
600035.SH,600035,20251209,91504610,0,48437,A,S,40500,4200,
600035.SH,600035,20251209,91504610,0,48563,A,B,39300,2500,
600035.SH,600035,20251209,91504750,0,48941,A,S,44000,200,
600035.SH,600035,20251209,91504750,0,49153,A,S,42700,5000,
600035.SH,600035,20251209,91504750,0,49162,A,S,40400,8500,
600035.SH,600035,20251209,91504750,0,49187,A,S,42800,5100,
600035.SH,600035,20251209,91504750,0,49213,A,S,42900,15000,
600035.SH,600035,20251209,91504750,0,49342,A,S,44000,100,
600035.SH,600035,20251209,91504750,0,49653,A,B,39900,1600,
600035.SH,600035,20251209,91504750,0,49667,A,S,41000,1500,
600035.SH,600035,20251209,91504750,0,49932,A,S,42000,100,
600035.SH,600035,20251209,91504750,0,49961,A,B,40100,300,
600035.SH,600035,20251209,91504750,0,50017,A,S,44200,3000,
600035.SH,600035,20251209,91504750,0,50236,A,S,40600,500,
600035.SH,600035,20251209,91504750,0,50282,A,B,40200,600,
600035.SH,600035,20251209,91504750,0,50283,A,B,39800,600,
600035.SH,600035,20251209,91504750,0,50581,A,S,40500,12200,
600035.SH,600035,20251209,91504900,0,50953,A,B,39800,2000,
600035.SH,600035,20251209,91504900,0,51059,A,S,42600,2400,
600035.SH,600035,20251209,91504900,0,51349,A,S,40800,4200,
600035.SH,600035,20251209,91504900,0,51593,A,B,39900,2000,
600035.SH,600035,20251209,91504900,0,51599,A,S,44000,100,
600035.SH,600035,20251209,91504900,0,52248,A,B,39900,2000,
600035.SH,600035,20251209,91505050,0,53062,A,B,39800,280000,
600035.SH,600035,20251209,91505050,0,53739,A,B,40000,20000,
600035.SH,600035,20251209,91505050,0,53797,A,B,39900,20000,
600035.SH,600035,20251209,91505050,0,53817,A,B,39800,20000,
600035.SH,600035,20251209,91505050,0,53818,A,B,39700,20000,
600035.SH,600035,20251209,91505050,0,53825,A,B,39600,20000,
600035.SH,600035,20251209,91505050,0,53869,A,S,40400,23700,
600035.SH,600035,20251209,91505050,0,53884,A,B,40000,23700,
600035.SH,600035,20251209,91505050,0,53893,A,B,39900,23700,
600035.SH,600035,20251209,91505050,0,54078,A,B,38300,600,
600035.SH,600035,20251209,91505050,0,54399,A,S,41600,10000,
600035.SH,600035,20251209,91505050,0,54502,A,S,41700,15000,
600035.SH,600035,20251209,91505050,0,54512,A,S,41800,10000,
600035.SH,600035,20251209,91505050,0,54537,A,S,41900,10000,
600035.SH,600035,20251209,91505050,0,54580,A,S,42000,20000,
600035.SH,600035,20251209,91505050,0,54656,A,S,44200,40000,
600035.SH,600035,20251209,91505050,0,54677,A,S,44200,40000,
600035.SH,600035,20251209,91505050,0,54718,A,S,44200,40000,
600035.SH,600035,20251209,91505190,0,55141,A,B,40000,1500,
600035.SH,600035,20251209,91505190,0,55332,A,B,36900,100,
600035.SH,600035,20251209,91505190,0,55651,A,B,40000,100,
600035.SH,600035,20251209,91505190,0,56164,A,S,40600,3900,
600035.SH,600035,20251209,91505320,0,57014,A,B,39200,100,
600035.SH,600035,20251209,91505400,0,58100,A,B,40000,1500,
600035.SH,600035,20251209,91505400,0,58549,A,B,40100,5000,
600035.SH,600035,20251209,91505400,0,58566,A,S,40400,5000,
600035.SH,600035,20251209,91505710,0,62837,A,S,40800,1000,
600035.SH,600035,20251209,91505710,0,62860,A,S,41000,1000,
600035.SH,600035,20251209,91505710,0,63206,A,S,44200,4000,
600035.SH,600035,20251209,91505860,0,64805,A,S,44200,1000,
600035.SH,600035,20251209,91506130,0,68016,A,B,39900,2800,
600035.SH,600035,20251209,91506130,0,69690,A,S,40500,500,
600035.SH,600035,20251209,91506130,0,69691,A,S,40700,500,
600035.SH,600035,20251209,91506130,0,69712,A,B,39900,600,
600035.SH,600035,20251209,91506260,0,69938,A,S,44200,5000,
600035.SH,600035,20251209,91506260,0,70264,A,S,40300,3000,
600035.SH,600035,20251209,91506260,0,70379,A,S,42000,300,
600035.SH,600035,20251209,91506260,0,70654,A,B,40000,2000,
600035.SH,600035,20251209,91506260,0,70655,A,S,40700,1600,
600035.SH,600035,20251209,91506260,0,70767,A,S,42700,1400,
600035.SH,600035,20251209,91506260,0,71154,A,S,41800,300,
600035.SH,600035,20251209,91506260,0,71210,A,B,40100,270100,
600035.SH,600035,20251209,91506260,0,71224,A,S,44200,1000,
600035.SH,600035,20251209,91506420,0,72955,A,S,43300,300,
600035.SH,600035,20251209,91506570,0,74369,A,B,40000,1000,
600035.SH,600035,20251209,91506570,0,74376,A,S,40600,1000,
600035.SH,600035,20251209,91506570,0,74544,A,S,43000,3000,
600035.SH,600035,20251209,91506570,0,74621,A,S,40900,5000,
600035.SH,600035,20251209,91506570,0,74627,A,S,41400,5000,
600035.SH,600035,20251209,91506570,0,74640,A,S,41800,5000,
600035.SH,600035,20251209,91506570,0,74666,A,S,42600,15000,
600035.SH,600035,20251209,91506570,0,74883,A,S,42700,800,
600035.SH,600035,20251209,91506720,0,76035,A,S,44000,400,
600035.SH,600035,20251209,91506720,0,76623,A,S,42500,1000,
600035.SH,600035,20251209,91506720,0,76706,A,B,39000,1000,
600035.SH,600035,20251209,91506720,0,76803,A,B,36200,2000,
600035.SH,600035,20251209,91506720,0,76817,A,S,40500,2000,
600035.SH,600035,20251209,91506720,0,77031,A,S,40600,2000,
600035.SH,600035,20251209,91506720,0,77218,A,S,40400,6000,
600035.SH,600035,20251209,91506720,0,77291,A,S,44200,200,
600035.SH,600035,20251209,91506720,0,77340,A,B,40000,100,
600035.SH,600035,20251209,91506720,0,77435,A,S,42000,1600,
600035.SH,600035,20251209,91506720,0,77483,A,S,40700,1000,
600035.SH,600035,20251209,91506720,0,77508,A,S,40900,1000,
600035.SH,600035,20251209,91506860,0,77876,A,B,38000,1800,
600035.SH,600035,20251209,91506860,0,77953,A,S,42400,1200,
600035.SH,600035,20251209,91506860,0,79105,A,S,40300,15000,
600035.SH,600035,20251209,91506860,0,79106,A,S,40400,15000,
600035.SH,600035,20251209,91506860,0,79132,A,S,40500,15000,
600035.SH,600035,20251209,91506860,0,79167,A,S,40600,10000,
600035.SH,600035,20251209,91506860,0,79180,A,S,40700,15000,
600035.SH,600035,20251209,91506860,0,79527,A,S,40400,37000,
600035.SH,600035,20251209,91506860,0,79610,A,B,40100,400,
600035.SH,600035,20251209,91506860,0,79611,A,B,40000,600,
600035.SH,600035,20251209,91506860,0,79644,A,B,40200,100,
600035.SH,600035,20251209,91506860,0,79665,A,S,43000,4000,
600035.SH,600035,20251209,91507010,0,79890,A,B,39900,3000,
600035.SH,600035,20251209,91507010,0,80038,A,S,40800,10000,
600035.SH,600035,20251209,91507010,0,80055,A,S,40900,10000,
600035.SH,600035,20251209,91507010,0,80089,A,S,41000,10000,
600035.SH,600035,20251209,91507010,0,80106,A,S,41100,10000,
600035.SH,600035,20251209,91507010,0,80126,A,S,41200,10000,
600035.SH,600035,20251209,91507010,0,80142,A,S,41300,10000,
600035.SH,600035,20251209,91507010,0,80201,A,S,41400,10000,
600035.SH,600035,20251209,91507010,0,80223,A,S,41500,8200,
600035.SH,600035,20251209,91507010,0,80224,A,S,44200,40000,
600035.SH,600035,20251209,91507010,0,80225,A,S,44200,40000,
600035.SH,600035,20251209,91507010,0,80341,A,B,40200,10000,
600035.SH,600035,20251209,91507010,0,80356,A,B,40100,10000,
600035.SH,600035,20251209,91507010,0,80380,A,B,39900,2200,
600035.SH,600035,20251209,91507010,0,80400,A,S,40400,5000,
600035.SH,600035,20251209,91507010,0,80493,A,S,40400,21600,
600035.SH,600035,20251209,91507010,0,80494,A,S,40600,58600,
600035.SH,600035,20251209,91507010,0,80557,A,S,40700,73700,
600035.SH,600035,20251209,91507010,0,80575,A,B,40000,24200,
600035.SH,600035,20251209,91507010,0,80742,A,S,40500,6000,
600035.SH,600035,20251209,91507010,0,80743,A,S,40600,6000,
600035.SH,600035,20251209,91507010,0,80744,A,S,40700,6000,
600035.SH,600035,20251209,91507010,0,80763,A,S,40800,6000,
600035.SH,600035,20251209,91507010,0,80918,A,B,39900,58600,
600035.SH,600035,20251209,91507010,0,81699,A,B,40100,1000,
600035.SH,600035,20251209,91507150,0,82733,A,S,44200,3000,
600035.SH,600035,20251209,91507150,0,83546,A,B,38000,2700,
600035.SH,600035,20251209,91507150,0,83555,A,S,41400,2500,
600035.SH,600035,20251209,91507150,0,83563,A,S,42200,200,
600035.SH,600035,20251209,91507300,0,84038,A,S,42300,300,
600035.SH,600035,20251209,91507300,0,84218,A,B,40100,100,
600035.SH,600035,20251209,91507300,0,84221,A,B,40000,100,
600035.SH,600035,20251209,91507300,0,84227,A,B,39900,100,
600035.SH,600035,20251209,91507300,0,84230,A,B,40200,100,
600035.SH,600035,20251209,91507300,0,84784,A,S,43000,2500,
600035.SH,600035,20251209,91507300,0,84941,A,B,39900,280000,
600035.SH,600035,20251209,91507450,0,86133,A,B,40100,1100,
600035.SH,600035,20251209,91507600,0,88274,A,S,40600,10000,
600035.SH,600035,20251209,91507600,0,88275,A,S,40700,10000,
600035.SH,600035,20251209,91507600,0,88276,A,S,40800,10000,
600035.SH,600035,20251209,91507600,0,88277,A,S,40900,10000,
600035.SH,600035,20251209,91507600,0,88366,A,S,41000,10000,
600035.SH,600035,20251209,91507600,0,88881,A,S,41600,3000,
600035.SH,600035,20251209,91507600,0,88922,A,B,39800,500,
600035.SH,600035,20251209,91507600,0,89582,A,S,44100,100,
600035.SH,600035,20251209,91507740,0,89740,A,S,44200,1000,
600035.SH,600035,20251209,91507800,0,90905,A,B,39900,3000,
600035.SH,600035,20251209,91507860,0,91106,A,S,43900,1100,
600035.SH,600035,20251209,91508330,0,97597,A,S,42700,200,
600035.SH,600035,20251209,91508330,0,97598,A,S,41800,100,
600035.SH,600035,20251209,91508330,0,97900,A,B,39800,2500,
600035.SH,600035,20251209,91508330,0,98004,A,S,41500,1000,
600035.SH,600035,20251209,91508490,0,98914,A,S,44000,2000,
600035.SH,600035,20251209,91508650,0,102326,A,S,40700,5000,
600035.SH,600035,20251209,91508650,0,102327,A,S,41000,10000,
600035.SH,600035,20251209,91508650,0,102328,A,S,42000,30000,
600035.SH,600035,20251209,91508650,0,102329,A,B,39800,5000,
600035.SH,600035,20251209,91508820,0,104113,A,S,44000,1800,
600035.SH,600035,20251209,91508980,0,105752,A,S,40400,3900,
600035.SH,600035,20251209,91508980,0,105753,A,S,40500,3900,
600035.SH,600035,20251209,91508980,0,105754,A,B,40100,4500,
600035.SH,600035,20251209,91508980,0,105812,A,B,40000,4500,
600035.SH,600035,20251209,91508980,0,105814,A,B,39900,4500,
600035.SH,600035,20251209,91509130,0,107091,A,B,40100,5100,
600035.SH,600035,20251209,91509130,0,107350,A,S,41100,12600,
600035.SH,600035,20251209,91509130,0,107351,A,S,41000,12600,
600035.SH,600035,20251209,91509130,0,107352,A,S,40900,12600,
600035.SH,600035,20251209,91509130,0,107690,A,B,40100,500,
600035.SH,600035,20251209,91509130,0,107691,A,B,40100,500,
600035.SH,600035,20251209,91509130,0,107692,A,B,40100,500,
600035.SH,600035,20251209,91509130,0,108304,A,S,41200,500,
600035.SH,600035,20251209,91509130,0,108305,A,S,41600,500,
600035.SH,600035,20251209,91509130,0,108307,A,S,42000,500,
600035.SH,600035,20251209,91509270,0,108671,A,B,39500,1100,
600035.SH,600035,20251209,91509270,0,108672,A,B,39200,1100,
600035.SH,600035,20251209,91509270,0,108673,A,B,38900,1100,
600035.SH,600035,20251209,91509270,0,108677,A,B,38600,1100,
600035.SH,600035,20251209,91509270,0,108678,A,B,38300,1100,
600035.SH,600035,20251209,91509270,0,108731,A,B,39500,500,
600035.SH,600035,20251209,91509270,0,108732,A,B,39500,500,
600035.SH,600035,20251209,91509270,0,108733,A,B,39500,500,
600035.SH,600035,20251209,91509270,0,110151,A,S,40800,5300,
600035.SH,600035,20251209,91509270,0,110152,A,S,41000,5600,
600035.SH,600035,20251209,91509270,0,110189,A,B,39700,500,
600035.SH,600035,20251209,91509430,0,111258,A,B,39800,1000,
600035.SH,600035,20251209,91509600,0,112878,A,B,38000,4100,
600035.SH,600035,20251209,91509600,0,113190,A,S,44200,5200,
600035.SH,600035,20251209,91509650,0,114552,A,S,41000,4000,
600035.SH,600035,20251209,91509650,0,114553,A,S,42000,4000,
600035.SH,600035,20251209,91509650,0,114561,A,B,37000,4100,
600035.SH,600035,20251209,91509650,0,115091,A,S,40400,10000,
600035.SH,600035,20251209,91509650,0,115144,A,S,44200,1900,
600035.SH,600035,20251209,91509810,0,115290,A,B,39800,5000,
600035.SH,600035,20251209,91509810,0,115663,A,B,40000,1100,
600035.SH,600035,20251209,91509810,0,116049,A,S,44200,5000,
600035.SH,600035,20251209,91509970,0,117211,A,S,43200,2000,
600035.SH,600035,20251209,91509970,0,117379,A,S,42200,1400,
600035.SH,600035,20251209,91509970,0,118698,A,B,39800,251300,
600035.SH,600035,20251209,91509970,0,118756,A,B,39800,300,
600035.SH,600035,20251209,91510180,0,119413,A,B,39000,1000,
600035.SH,600035,20251209,91510180,0,120359,A,S,44000,4000,
600035.SH,600035,20251209,91510180,0,120525,A,S,40700,100,
600035.SH,600035,20251209,91510350,0,122257,A,S,42000,1000,
600035.SH,600035,20251209,91510350,0,122258,A,S,42500,1000,
600035.SH,600035,20251209,91510510,0,123605,A,S,44200,3000,
600035.SH,600035,20251209,91510510,0,123789,A,S,40500,1000,
600035.SH,600035,20251209,91510510,0,124036,A,S,44100,1500,
600035.SH,600035,20251209,91510510,0,124044,A,S,42600,1300,
600035.SH,600035,20251209,91510670,0,125328,A,S,40400,10000,
600035.SH,600035,20251209,91510670,0,125478,A,S,40500,23700,
600035.SH,600035,20251209,91510670,0,125479,A,S,40600,23700,
600035.SH,600035,20251209,91510670,0,125764,A,B,40000,1000,
600035.SH,600035,20251209,91510670,0,126258,A,S,40900,2000,
600035.SH,600035,20251209,91510670,0,126312,A,S,44200,2000,
600035.SH,600035,20251209,91510840,0,127782,A,B,37000,1000,
600035.SH,600035,20251209,91510840,0,128566,A,S,41900,7600,
600035.SH,600035,20251209,91510840,0,128626,A,B,39000,2600,
600035.SH,600035,20251209,91510840,0,128901,A,S,43500,4000,
600035.SH,600035,20251209,91510840,0,128904,A,B,39000,4100,
600035.SH,600035,20251209,91510840,0,129024,A,B,40000,27400,
600035.SH,600035,20251209,91511010,0,131064,A,S,41200,2500,
600035.SH,600035,20251209,91511170,0,131336,A,B,39100,3000,
600035.SH,600035,20251209,91511240,0,132087,A,S,41400,1100,
600035.SH,600035,20251209,91511240,0,132088,A,S,42200,1000,
600035.SH,600035,20251209,91511240,0,132089,A,S,43000,1000,
600035.SH,600035,20251209,91511240,0,132090,A,S,43800,1000,
600035.SH,600035,20251209,91511240,0,132428,A,B,39800,2000,
600035.SH,600035,20251209,91511240,0,132432,A,B,39300,2900,
600035.SH,600035,20251209,91511240,0,132539,A,B,39900,2500,
600035.SH,600035,20251209,91511240,0,133707,A,S,40700,10000,
600035.SH,600035,20251209,91511240,0,133736,A,S,41500,20000,
600035.SH,600035,20251209,91511240,0,133744,A,B,40000,1000,
600035.SH,600035,20251209,91511410,0,134579,A,B,40000,2000,
600035.SH,600035,20251209,91511570,0,136527,A,B,39800,10000,
600035.SH,600035,20251209,91511570,0,136611,A,S,41000,1000,
600035.SH,600035,20251209,91511570,0,136677,A,B,39800,6000,
600035.SH,600035,20251209,91511570,0,137406,A,B,40000,5000,
600035.SH,600035,20251209,91511740,0,138365,A,S,43000,5000,
600035.SH,600035,20251209,91511740,0,138693,A,S,41000,2500,
600035.SH,600035,20251209,91511740,0,139301,A,S,44000,500,
600035.SH,600035,20251209,91511910,0,140394,A,S,43000,400,
600035.SH,600035,20251209,91511910,0,140411,A,B,39400,1400,
600035.SH,600035,20251209,91511910,0,140522,A,B,39900,12400,
600035.SH,600035,20251209,91511910,0,140750,A,S,43500,1400,
600035.SH,600035,20251209,91511910,0,140801,A,B,40000,200,
600035.SH,600035,20251209,91512080,0,141797,A,S,44200,500,
600035.SH,600035,20251209,91512080,0,141997,A,S,40800,600,
600035.SH,600035,20251209,91512080,0,141998,A,S,41100,600,
600035.SH,600035,20251209,91512080,0,142000,A,S,41500,600,
600035.SH,600035,20251209,91512080,0,142001,A,S,42300,600,
600035.SH,600035,20251209,91512080,0,142002,A,S,42700,600,
600035.SH,600035,20251209,91512080,0,142003,A,S,43100,600,
600035.SH,600035,20251209,91512080,0,142004,A,S,43500,600,
600035.SH,600035,20251209,91512080,0,142005,A,S,43900,600,
600035.SH,600035,20251209,91512080,0,142007,A,S,41900,600,
600035.SH,600035,20251209,91512300,0,144606,A,B,39200,100,
600035.SH,600035,20251209,91512300,0,145619,A,S,40500,10000,
600035.SH,600035,20251209,91512300,0,145722,A,S,41600,12100,
600035.SH,600035,20251209,91512300,0,145801,A,S,40500,5000,
600035.SH,600035,20251209,91512300,0,145802,A,B,40100,3000,
600035.SH,600035,20251209,91512460,0,147090,A,S,40800,12600,
600035.SH,600035,20251209,91512460,0,148008,A,S,44100,400,
600035.SH,600035,20251209,91512630,0,148558,A,S,44200,600,
600035.SH,600035,20251209,91512630,0,148757,A,B,39600,12000,
600035.SH,600035,20251209,91512630,0,148774,A,S,43900,100,
600035.SH,600035,20251209,91512630,0,148841,A,B,40100,700,
600035.SH,600035,20251209,91512630,0,148847,A,B,40000,1000,
600035.SH,600035,20251209,91512630,0,148999,A,B,39900,1000,
600035.SH,600035,20251209,91512630,0,149013,A,B,36200,7700,
600035.SH,600035,20251209,91512630,0,149017,A,S,44200,3700,
600035.SH,600035,20251209,91512630,0,149260,A,B,40100,800,
600035.SH,600035,20251209,91512630,0,149261,A,B,40000,1000,
600035.SH,600035,20251209,91512630,0,149272,A,B,39900,1000,
600035.SH,600035,20251209,91512630,0,149427,A,S,44200,3400,
600035.SH,600035,20251209,91512630,0,149428,A,B,36200,12600,
600035.SH,600035,20251209,91512630,0,149632,A,S,41600,100,
600035.SH,600035,20251209,91512630,0,149985,A,S,40900,1200,
600035.SH,600035,20251209,91512870,0,152215,A,B,39900,2600,
600035.SH,600035,20251209,91512870,0,152462,A,S,41400,50000,
600035.SH,600035,20251209,91512870,0,152626,A,B,40000,1000,
600035.SH,600035,20251209,91513040,0,153783,A,S,42000,1000,
600035.SH,600035,20251209,91513040,0,154007,A,S,40400,10000,
600035.SH,600035,20251209,91513300,0,156659,A,S,40900,19700,
600035.SH,600035,20251209,91513300,0,156705,A,B,40000,1000,
600035.SH,600035,20251209,91513300,0,156857,A,B,40000,1000,
600035.SH,600035,20251209,91513300,0,157121,A,B,40000,5800,
600035.SH,600035,20251209,91513300,0,157387,A,B,40000,1000,
600035.SH,600035,20251209,91513300,0,157391,A,B,40000,3100,
600035.SH,600035,20251209,91513300,0,157392,A,B,40000,2400,
600035.SH,600035,20251209,91513300,0,157494,A,S,40700,21600,
600035.SH,600035,20251209,91513300,0,157516,A,B,40000,3900,
600035.SH,600035,20251209,91513470,0,157903,A,S,43000,500,
600035.SH,600035,20251209,91513530,0,158423,A,S,41600,16200,
600035.SH,600035,20251209,91513530,0,158539,A,B,36200,20000,
600035.SH,600035,20251209,91513530,0,158881,A,S,43900,12500,
600035.SH,600035,20251209,91513530,0,159389,A,S,44200,3000,
600035.SH,600035,20251209,91513530,0,159694,A,B,36200,30000,
600035.SH,600035,20251209,91513680,0,160049,A,S,44100,29500,
600035.SH,600035,20251209,91513720,0,160140,A,S,40800,2000,
600035.SH,600035,20251209,91513720,0,160197,A,S,41000,2000,
600035.SH,600035,20251209,91513720,0,160198,A,S,40800,2000,
600035.SH,600035,20251209,91513720,0,160199,A,S,41000,2000,
600035.SH,600035,20251209,91513720,0,160225,A,B,39800,41900,
600035.SH,600035,20251209,91513720,0,160333,A,S,40900,150000,
600035.SH,600035,20251209,91513720,0,160409,A,B,40000,10000,
600035.SH,600035,20251209,91513720,0,160810,A,B,40000,3500,
600035.SH,600035,20251209,91513720,0,160825,A,B,40000,1600,
600035.SH,600035,20251209,91513720,0,160877,A,S,41000,76600,
600035.SH,600035,20251209,91513720,0,161028,A,B,40000,1200,
600035.SH,600035,20251209,91513720,0,161029,A,B,40000,4200,
600035.SH,600035,20251209,91513720,0,161203,A,B,40000,2500,
600035.SH,600035,20251209,91513720,0,161204,A,S,40300,17000,
600035.SH,600035,20251209,91513720,0,161508,A,B,40000,1000,
600035.SH,600035,20251209,91513870,0,161972,A,S,40400,1700,
600035.SH,600035,20251209,91513870,0,162704,A,S,44200,11700,
600035.SH,600035,20251209,91513990,0,163372,A,B,40000,1000,
600035.SH,600035,20251209,91513990,0,163638,A,B,39800,5000,
600035.SH,600035,20251209,91513990,0,164416,A,S,44200,4000,
600035.SH,600035,20251209,91513990,0,164546,A,B,36200,700,
600035.SH,600035,20251209,91514140,0,165162,A,B,40100,10000,
600035.SH,600035,20251209,91514140,0,165197,A,S,42300,1000,
600035.SH,600035,20251209,91514140,0,165781,A,B,40000,1000,
600035.SH,600035,20251209,91514140,0,165791,A,B,40000,1100,
600035.SH,600035,20251209,91514140,0,165792,A,B,40000,1000,
600035.SH,600035,20251209,91514140,0,165802,A,B,40000,2000,
600035.SH,600035,20251209,91514140,0,165803,A,B,40000,1000,
600035.SH,600035,20251209,91514140,0,165928,A,S,42200,40000,
600035.SH,600035,20251209,91514140,0,166177,A,B,39800,20000,
600035.SH,600035,20251209,91514300,0,167901,A,S,41000,1000,
600035.SH,600035,20251209,91514300,0,167902,A,S,42000,1000,
600035.SH,600035,20251209,91514300,0,167904,A,S,43000,1000,
600035.SH,600035,20251209,91514300,0,167906,A,S,44000,1000,
600035.SH,600035,20251209,91514460,0,168738,A,B,40100,2500,
600035.SH,600035,20251209,91514460,0,168761,A,B,40000,2500,
600035.SH,600035,20251209,91514460,0,168932,A,S,40700,2500,
600035.SH,600035,20251209,91514460,0,169092,A,B,39000,1000,
600035.SH,600035,20251209,91514460,0,169841,A,B,39000,600,
600035.SH,600035,20251209,91514460,0,169859,A,S,40400,10000,
600035.SH,600035,20251209,91514460,0,170434,A,B,39300,500,
600035.SH,600035,20251209,91514620,0,170919,A,S,43900,27800,
600035.SH,600035,20251209,91514620,0,172001,A,B,39100,100,
600035.SH,600035,20251209,91514790,0,173218,A,B,39900,1000,
600035.SH,600035,20251209,91514790,0,173793,A,B,40000,3500,
600035.SH,600035,20251209,91514960,0,175728,A,S,44200,20000,
600035.SH,600035,20251209,91514960,0,175795,A,S,44200,20000,
600035.SH,600035,20251209,91514960,0,176245,A,B,39900,4000,
600035.SH,600035,20251209,91514960,0,176288,A,B,39800,4000,
600035.SH,600035,20251209,91515140,0,177812,A,B,39500,2500,
600035.SH,600035,20251209,91515140,0,178040,A,S,41000,2400,
600035.SH,600035,20251209,91515330,0,178647,A,S,44000,100,
600035.SH,600035,20251209,91515330,0,178759,A,S,44200,4600,
600035.SH,600035,20251209,91515330,0,178772,A,S,44200,4500,
600035.SH,600035,20251209,91515330,0,178775,A,S,44200,4400,
600035.SH,600035,20251209,91515330,0,178927,A,S,40200,100,
600035.SH,600035,20251209,91515460,0,180266,A,S,40700,4000,
600035.SH,600035,20251209,91515460,0,180268,A,S,40900,4000,
600035.SH,600035,20251209,91515520,0,180464,A,S,40400,5000,
600035.SH,600035,20251209,91515520,0,180465,A,S,40600,3000,
600035.SH,600035,20251209,91515520,0,181108,A,S,41100,6000,
600035.SH,600035,20251209,91515520,0,181554,A,B,40000,20000,
600035.SH,600035,20251209,91515520,0,181581,A,B,40000,20000,
600035.SH,600035,20251209,91515520,0,181583,A,S,40400,21000,
600035.SH,600035,20251209,91515520,0,181584,A,S,40500,21000,
600035.SH,600035,20251209,91515520,0,181621,A,S,40800,21000,
600035.SH,600035,20251209,91515520,0,182074,A,S,40600,21000,
600035.SH,600035,20251209,91515690,0,182269,A,S,41000,10000,
600035.SH,600035,20251209,91515690,0,182861,A,B,39900,1400,
600035.SH,600035,20251209,91515690,0,183459,A,B,39800,100,
600035.SH,600035,20251209,91515690,0,183698,A,B,40000,1000,
600035.SH,600035,20251209,91515910,0,184518,A,S,42000,1000,
600035.SH,600035,20251209,91515910,0,184646,A,B,39900,20000,
600035.SH,600035,20251209,91515910,0,184655,A,B,40000,10000,
600035.SH,600035,20251209,91515910,0,184733,A,B,40000,1000,
600035.SH,600035,20251209,91515910,0,184777,A,B,40000,1000,
600035.SH,600035,20251209,91515910,0,185433,A,B,39300,500,
600035.SH,600035,20251209,91515910,0,185551,A,S,41300,500,
600035.SH,600035,20251209,91515910,0,186174,A,B,39300,2000,
600035.SH,600035,20251209,91516090,0,186443,A,S,42000,1000,
600035.SH,600035,20251209,91516090,0,186444,A,B,40000,1000,
600035.SH,600035,20251209,91516090,0,186858,A,B,37300,3000,
600035.SH,600035,20251209,91516090,0,186861,A,B,38500,2000,
600035.SH,600035,20251209,91516090,0,187267,A,S,41300,7400,
600035.SH,600035,20251209,91516090,0,187851,A,S,44200,1100,
600035.SH,600035,20251209,91516090,0,188014,A,S,40400,2500,
600035.SH,600035,20251209,91516260,0,188583,A,S,40500,5500,
600035.SH,600035,20251209,91516260,0,188584,A,S,40600,5600,
600035.SH,600035,20251209,91516260,0,188845,A,B,40000,8300,
600035.SH,600035,20251209,91516260,0,189281,A,B,40000,5000,
600035.SH,600035,20251209,91516420,0,190169,A,S,40600,2000,
600035.SH,600035,20251209,91516420,0,191275,A,B,39000,2000,
600035.SH,600035,20251209,91516420,0,191303,A,S,41700,1000,
600035.SH,600035,20251209,91516590,0,192630,A,S,40700,10000,
600035.SH,600035,20251209,91516680,0,194007,A,S,40700,1400,
600035.SH,600035,20251209,91516680,0,194424,A,S,41000,1000,
600035.SH,600035,20251209,91516880,0,194931,A,B,38900,4900,
600035.SH,600035,20251209,91516880,0,194957,A,S,40600,1100,
600035.SH,600035,20251209,91516960,0,195109,A,B,40000,4000,
600035.SH,600035,20251209,91517050,0,195972,A,S,40400,3000,
600035.SH,600035,20251209,91517050,0,195973,A,S,40500,9000,
600035.SH,600035,20251209,91517050,0,196333,A,S,40500,100,
600035.SH,600035,20251209,91517320,0,199363,A,S,44200,600,
600035.SH,600035,20251209,91517440,0,199948,A,B,40000,400,
600035.SH,600035,20251209,91517440,0,200492,A,S,40500,100,
600035.SH,600035,20251209,91517440,0,200630,A,S,43700,30000,
600035.SH,600035,20251209,91517440,0,200780,A,S,40500,2100,
600035.SH,600035,20251209,91517440,0,200989,A,S,43800,89700,
600035.SH,600035,20251209,91517440,0,201433,A,B,40100,20000,
600035.SH,600035,20251209,91517620,0,201775,A,S,41800,30000,
600035.SH,600035,20251209,91517620,0,201778,A,S,41900,86000,
600035.SH,600035,20251209,91517620,0,201780,A,S,42000,86100,
600035.SH,600035,20251209,91517620,0,201783,A,S,42100,86100,
600035.SH,600035,20251209,91517620,0,201885,A,S,42200,86100,
600035.SH,600035,20251209,91517620,0,202441,A,B,38700,6900,
600035.SH,600035,20251209,91517620,0,202497,A,S,43000,6600,
600035.SH,600035,20251209,91517620,0,202538,A,B,36700,6900,
600035.SH,600035,20251209,91517620,0,202860,A,S,41600,15500,
600035.SH,600035,20251209,91517620,0,202864,A,B,40100,200,
600035.SH,600035,20251209,91517620,0,202883,A,S,41700,15600,
600035.SH,600035,20251209,91517620,0,202884,A,S,41800,15600,
600035.SH,600035,20251209,91517620,0,203314,A,S,42100,14400,
600035.SH,600035,20251209,91517820,0,203743,A,S,42200,14500,
600035.SH,600035,20251209,91518450,0,210137,A,B,39900,10000,
600035.SH,600035,20251209,91518450,0,210178,A,B,39500,200,
600035.SH,600035,20251209,91518520,0,210637,A,B,40000,1100,
600035.SH,600035,20251209,91518520,0,211365,A,S,42000,800,
600035.SH,600035,20251209,91518520,0,211514,A,B,39500,800,
600035.SH,600035,20251209,91518520,0,212313,A,S,44200,15000,
600035.SH,600035,20251209,91518720,0,213829,A,S,44200,8400,
600035.SH,600035,20251209,91518720,0,214075,A,B,39500,1500,
600035.SH,600035,20251209,91518900,0,214543,A,B,38500,2000,
600035.SH,600035,20251209,91518900,0,214781,A,B,39900,2000,
600035.SH,600035,20251209,91518900,0,214808,A,B,39800,2000,
600035.SH,600035,20251209,91518900,0,214846,A,B,39700,2000,
600035.SH,600035,20251209,91518900,0,215570,A,B,36200,8500,
600035.SH,600035,20251209,91519050,0,215915,A,B,40300,300,
600035.SH,600035,20251209,91519050,0,216011,A,B,36200,8500,
600035.SH,600035,20251209,91519210,0,217040,A,S,41200,2000,
600035.SH,600035,20251209,91519210,0,217068,A,S,41700,2000,
600035.SH,600035,20251209,91519320,0,217619,A,B,39900,10000,
600035.SH,600035,20251209,91519360,0,217844,A,S,43900,600,
600035.SH,600035,20251209,91519360,0,217969,A,S,43200,2000,
600035.SH,600035,20251209,91519430,0,218178,A,B,40100,5000,
600035.SH,600035,20251209,91519680,0,219494,A,B,40000,2000,
600035.SH,600035,20251209,91519780,0,219819,A,S,40700,4000,
600035.SH,600035,20251209,91519930,0,220593,A,S,41200,1200,
600035.SH,600035,20251209,91519930,0,220688,A,S,41200,2000,
600035.SH,600035,20251209,91519960,0,220727,A,S,41400,10000,
600035.SH,600035,20251209,91519960,0,220821,A,S,41700,2000,
600035.SH,600035,20251209,91520090,0,221579,A,B,39800,30900,
600035.SH,600035,20251209,91520190,0,222089,A,B,38200,10000,
600035.SH,600035,20251209,91520290,0,222655,A,S,41300,5000,
600035.SH,600035,20251209,91520360,0,222994,A,S,42000,5000,
600035.SH,600035,20251209,91520640,0,224051,A,S,44200,3000,
600035.SH,600035,20251209,91520790,0,224829,A,S,42500,5000,
600035.SH,600035,20251209,91520790,0,224830,A,S,42500,3000,
600035.SH,600035,20251209,91520810,0,224973,A,S,43500,9900,
600035.SH,600035,20251209,91520810,0,224981,A,S,43500,4900,
600035.SH,600035,20251209,91521020,0,225879,A,B,36200,2000,
600035.SH,600035,20251209,91521460,0,228358,A,B,36200,3400,
600035.SH,600035,20251209,91521620,0,228810,A,B,40000,2000,
600035.SH,600035,20251209,91521660,0,229024,A,S,44200,12600,
600035.SH,600035,20251209,91521990,0,230069,A,B,39600,1000,
600035.SH,600035,20251209,91522190,0,230731,A,B,39200,4000,
600035.SH,600035,20251209,91522190,0,230791,A,S,43500,4000,
600035.SH,600035,20251209,91522240,0,231079,A,B,39300,8000,
600035.SH,600035,20251209,91522430,0,231680,A,S,40800,5000,
600035.SH,600035,20251209,91522460,0,231775,A,S,41300,5000,
600035.SH,600035,20251209,91522500,0,231835,A,S,41500,5000,
600035.SH,600035,20251209,91522560,0,232000,A,S,42900,1000,
600035.SH,600035,20251209,91522880,0,232881,A,B,39700,300,
600035.SH,600035,20251209,91522960,0,233155,A,S,40400,8000,
600035.SH,600035,20251209,91523140,0,233505,A,B,39800,1000,
600035.SH,600035,20251209,91523940,0,234949,A,S,40400,600,
600035.SH,600035,20251209,91523940,0,234950,A,B,40000,600,
600035.SH,600035,20251209,91524920,0,235379,A,S,41300,2500,
600035.SH,600035,20251209,91527600,0,236113,A,S,40300,100,
600035.SH,600035,20251209,91529930,0,236599,A,S,40600,100,
600035.SH,600035,20251209,91529930,0,236600,A,B,39800,100,
600035.SH,600035,20251209,91534990,0,237923,A,S,41200,400,
600035.SH,600035,20251209,91534990,0,237924,A,B,40000,300,
600035.SH,600035,20251209,91538990,0,238998,A,B,39900,1000,
600035.SH,600035,20251209,91538990,0,238999,A,S,41100,1000,
600035.SH,600035,20251209,91542320,0,240003,A,B,39900,100,
600035.SH,600035,20251209,91542320,0,240004,A,S,40700,100,
600035.SH,600035,20251209,91547940,0,241537,A,S,40500,3300,
600035.SH,600035,20251209,91547940,0,241538,A,B,40100,3300,
600035.SH,600035,20251209,91548910,0,241842,A,S,42300,400,
600035.SH,600035,20251209,91549710,0,242134,A,S,43800,2000,
600035.SH,600035,20251209,91552020,0,242756,A,B,38800,800,
600035.SH,600035,20251209,91553760,0,243288,A,S,44200,1000,
600035.SH,600035,20251209,91556040,0,243967,A,S,40500,1600,
600035.SH,600035,20251209,91556040,0,243968,A,B,39900,1600,
600035.SH,600035,20251209,91559490,0,245000,A,S,44000,2000,
600035.SH,600035,20251209,91602890,0,246119,A,S,40300,300,
600035.SH,600035,20251209,91602890,0,246120,A,B,40100,300,
600035.SH,600035,20251209,91603420,0,246389,A,S,44200,2000,
600035.SH,600035,20251209,91605890,0,247066,A,S,40600,1200,
600035.SH,600035,20251209,91605890,0,247068,A,B,40200,1200,
600035.SH,600035,20251209,91614270,0,248636,A,S,40400,10000,
600035.SH,600035,20251209,91617920,0,249093,A,S,40500,20000,
600035.SH,600035,20251209,91618230,0,249128,A,S,40400,9800,
600035.SH,600035,20251209,91627870,0,250522,A,B,40200,2000,
600035.SH,600035,20251209,91630310,0,250864,A,B,40100,600,
600035.SH,600035,20251209,91631760,0,251160,A,S,43500,11000,
600035.SH,600035,20251209,91647190,0,253442,A,S,44200,10000,
600035.SH,600035,20251209,91706040,0,256472,A,S,40500,2000,
600035.SH,600035,20251209,91715870,0,258022,A,B,39900,1000,
600035.SH,600035,20251209,91717410,0,258288,A,S,40400,200,
600035.SH,600035,20251209,91730960,0,260634,A,S,40600,10000,
600035.SH,600035,20251209,91803290,0,266200,A,B,40100,10000,
600035.SH,600035,20251209,91807290,0,266903,A,B,40100,500,
600035.SH,600035,20251209,91809830,0,267330,A,B,39900,100000,
600035.SH,600035,20251209,91824470,0,269861,A,S,40800,17500,
600035.SH,600035,20251209,91826600,0,270221,A,B,40100,4000,
600035.SH,600035,20251209,91828660,0,270591,A,S,40300,200,
600035.SH,600035,20251209,91830210,0,270886,A,S,40500,10000,
600035.SH,600035,20251209,91841500,0,272878,A,S,40900,1000,
600035.SH,600035,20251209,91852160,0,274759,A,S,40500,6000,
600035.SH,600035,20251209,91857320,0,275706,A,S,40500,8900,
600035.SH,600035,20251209,91900000,0,276223,A,S,40600,20000,
600035.SH,600035,20251209,91903890,0,276951,A,B,36500,20000,
600035.SH,600035,20251209,91908930,0,277863,A,S,40300,2500,
600035.SH,600035,20251209,91910620,0,278189,A,B,39600,1000,
600035.SH,600035,20251209,91911100,0,278289,A,B,40000,50000,
600035.SH,600035,20251209,91915570,0,279174,A,B,40200,5000,
600035.SH,600035,20251209,91916580,0,279361,A,S,42600,3600,
600035.SH,600035,20251209,91934410,0,282655,A,S,44200,2000,
600035.SH,600035,20251209,91936720,0,283043,A,B,40000,300,
600035.SH,600035,20251209,91949700,0,285391,A,B,40300,300,
600035.SH,600035,20251209,91951120,0,285670,A,S,44200,8000,
600035.SH,600035,20251209,91951950,0,285816,A,S,41000,4000,
600035.SH,600035,20251209,91953670,0,286180,A,B,36500,20000,
600035.SH,600035,20251209,91954060,0,286253,A,S,40300,6000,
600035.SH,600035,20251209,92010980,0,290146,A,S,40800,2000,
600035.SH,600035,20251209,92014600,0,290851,A,B,40200,200,
600035.SH,600035,20251209,92022980,0,292440,A,B,36200,2000,
600035.SH,600035,20251209,92028400,0,293470,A,B,39600,300,
600035.SH,600035,20251209,92029920,0,293777,A,B,40000,30000,
600035.SH,600035,20251209,92039430,0,295621,A,S,40700,200,
600035.SH,600035,20251209,92047510,0,297283,A,S,41200,100,
600035.SH,600035,20251209,92049580,0,297732,A,S,44100,5000,
600035.SH,600035,20251209,92053520,0,298565,A,B,40000,100000,
600035.SH,600035,20251209,92055290,0,298914,A,S,41700,300,
600035.SH,600035,20251209,92059260,0,299723,A,S,40400,10000,
600035.SH,600035,20251209,92105220,0,300951,A,B,39800,500,
600035.SH,600035,20251209,92106150,0,301156,A,B,40000,12500,
600035.SH,600035,20251209,92110380,0,302048,A,B,40100,2000,
600035.SH,600035,20251209,92113120,0,302614,A,S,41800,1000,
600035.SH,600035,20251209,92115380,0,303084,A,S,41100,3000,
600035.SH,600035,20251209,92117360,0,303530,A,B,39800,500,
600035.SH,600035,20251209,92119730,0,304052,A,B,40000,2000,
600035.SH,600035,20251209,92120540,0,304242,A,S,40700,22500,
600035.SH,600035,20251209,92122380,0,304629,A,B,39800,10000,
600035.SH,600035,20251209,92124890,0,305192,A,B,39800,100000,
600035.SH,600035,20251209,92125730,0,305373,A,B,40000,5000,
600035.SH,600035,20251209,92128810,0,306034,A,B,39800,500,
600035.SH,600035,20251209,92129420,0,306159,A,B,39900,2000,
600035.SH,600035,20251209,92140330,0,308568,A,B,39500,20000,
600035.SH,600035,20251209,92140960,0,308719,A,S,40500,10000,
600035.SH,600035,20251209,92147210,0,310141,A,S,41300,100000,
600035.SH,600035,20251209,92150840,0,310922,A,S,40500,62800,
600035.SH,600035,20251209,92151460,0,311101,A,S,40500,50000,
600035.SH,600035,20251209,92154020,0,311706,A,S,40400,5000,
600035.SH,600035,20251209,92201720,0,313666,A,S,41600,100000,
600035.SH,600035,20251209,92209170,0,315568,A,S,41000,20000,
600035.SH,600035,20251209,92218510,0,317942,A,S,41900,100000,
600035.SH,600035,20251209,92225580,0,319677,A,S,40600,3100,
600035.SH,600035,20251209,92230510,0,320884,A,S,40900,3100,
600035.SH,600035,20251209,92232980,0,321563,A,S,40300,2000,
600035.SH,600035,20251209,92235370,0,322190,A,S,41200,20000,
600035.SH,600035,20251209,92244040,0,324471,A,B,40000,5100,
600035.SH,600035,20251209,92247460,0,325358,A,B,39900,5000,
600035.SH,600035,20251209,92250130,0,326059,A,S,44200,1000,
600035.SH,600035,20251209,92255270,0,327406,A,B,40000,5100,
600035.SH,600035,20251209,92310600,0,331718,A,B,40300,200,
600035.SH,600035,20251209,92321160,0,334851,A,S,40300,1000,
600035.SH,600035,20251209,92323840,0,335599,A,S,40500,5000,
600035.SH,600035,20251209,92335710,0,339095,A,S,44200,55200,
600035.SH,600035,20251209,92348540,0,343051,A,S,41300,1700,
600035.SH,600035,20251209,92348550,0,343057,A,B,40300,1800,
600035.SH,600035,20251209,92358530,0,346202,A,S,41300,15000,
600035.SH,600035,20251209,92359750,0,346568,A,S,44200,100,
600035.SH,600035,20251209,92400810,0,347113,A,B,40100,10000,
600035.SH,600035,20251209,92404090,0,348222,A,S,40300,1200,
600035.SH,600035,20251209,92404600,0,348404,A,S,40900,59000,
600035.SH,600035,20251209,92407300,0,349424,A,S,40700,2000,
600035.SH,600035,20251209,92407860,0,349618,A,S,41000,500,
600035.SH,600035,20251209,92409230,0,350110,A,S,42400,20000,
600035.SH,600035,20251209,92416510,0,353005,A,B,40000,2000,
600035.SH,600035,20251209,92417310,0,353332,A,S,40900,2000,
600035.SH,600035,20251209,92420500,0,354628,A,S,42500,25000,
600035.SH,600035,20251209,92424660,0,356624,A,S,41400,2000,
600035.SH,600035,20251209,92428110,0,358119,A,S,41300,2000,
600035.SH,600035,20251209,92431510,0,359697,A,B,39900,2000,
600035.SH,600035,20251209,92433780,0,360833,A,S,42600,30000,
600035.SH,600035,20251209,92437260,0,362428,A,B,41900,2800,
600035.SH,600035,20251209,92440670,0,364475,A,B,40100,100,
600035.SH,600035,20251209,92440670,0,364476,A,B,40000,100,
600035.SH,600035,20251209,92440670,0,364477,A,B,39900,100,
600035.SH,600035,20251209,92440670,0,364478,A,B,39800,100,
600035.SH,600035,20251209,92452180,0,371840,A,B,39800,140000,
600035.SH,600035,20251209,92452610,0,372138,A,S,40100,12300,
600035.SH,600035,20251209,92454820,0,374113,A,B,40500,12300,
600035.SH,600035,20251209,92455050,0,374360,A,S,40500,30000,
600035.SH,600035,20251209,92455250,0,374672,A,S,40300,5000,
600035.SH,600035,20251209,92455380,0,374819,A,B,39700,100,
600035.SH,600035,20251209,92457230,0,377369,A,S,40300,300,
600035.SH,600035,20251209,92458820,0,380524,A,S,39100,2600,
600035.SH,600035,20251209,92459120,0,381091,A,S,39800,5100,
600035.SH,600035,20251209,92459900,0,383245,A,S,39500,1400,
600035.SH,600035,20251209,92500920,0,0,S,O,0,0,
600035.SH,600035,20251209,93001330,0,387196,A,B,39900,2000,
600035.SH,600035,20251209,93002390,0,391949,A,S,41800,3000,
600035.SH,600035,20251209,93002460,0,267330,D,B,39900,100000,
600035.SH,600035,20251209,93002560,0,394616,A,B,39600,5600,
600035.SH,600035,20251209,93002650,0,394983,A,S,40400,14800,
600035.SH,600035,20251209,93002820,0,397337,A,S,40300,2000,
600035.SH,600035,20251209,93002820,0,250522,D,B,40200,2000,
600035.SH,600035,20251209,93003420,0,404997,A,S,40300,100,
600035.SH,600035,20251209,93003720,0,408787,A,S,40500,10000,
600035.SH,600035,20251209,93003870,0,409440,A,S,43000,100,
600035.SH,600035,20251209,93003870,0,409518,A,B,40000,3000,
600035.SH,600035,20251209,93003870,0,409859,A,B,39300,40000,
600035.SH,600035,20251209,93004030,0,411497,A,S,42600,2000,
600035.SH,600035,20251209,93004170,0,413268,A,B,39800,1000,
600035.SH,600035,20251209,93004170,0,413640,A,S,41000,3000,
600035.SH,600035,20251209,93004330,0,415672,A,S,40500,30000,
600035.SH,600035,20251209,93004630,0,418045,A,S,40700,3000,
600035.SH,600035,20251209,93004630,0,418924,A,B,40000,2200,
600035.SH,600035,20251209,93004930,0,421772,A,S,40400,1500,
600035.SH,600035,20251209,93004930,0,422890,A,S,40300,6400,
600035.SH,600035,20251209,93005080,0,423619,A,B,39900,5000,
600035.SH,600035,20251209,93005250,0,425564,A,S,40600,8500,
600035.SH,600035,20251209,93005250,0,426122,A,B,39900,100,
600035.SH,600035,20251209,93005250,0,426717,A,S,40600,20000,
600035.SH,600035,20251209,93005550,0,429398,A,S,40700,5100,
600035.SH,600035,20251209,93005550,0,429565,A,B,39800,2000,
600035.SH,600035,20251209,93005550,0,429787,A,B,40200,100,
600035.SH,600035,20251209,93005690,0,430888,A,S,40500,3000,
600035.SH,600035,20251209,93005690,0,431978,A,B,40000,1500,
600035.SH,600035,20251209,93005840,0,432027,A,B,40100,10000,
600035.SH,600035,20251209,93005840,0,432529,A,B,39700,50000,
600035.SH,600035,20251209,93005840,0,433554,A,S,40700,5100,
600035.SH,600035,20251209,93005840,0,433675,A,B,40100,5000,
600035.SH,600035,20251209,93005990,0,434087,A,B,40000,6200,
600035.SH,600035,20251209,93006280,0,438857,A,S,40600,33300,
600035.SH,600035,20251209,93006280,0,438999,A,S,40700,33300,
600035.SH,600035,20251209,93006440,0,440534,A,B,39400,1200,
600035.SH,600035,20251209,93006570,0,441980,A,B,39600,20000,
600035.SH,600035,20251209,93006570,0,442426,A,B,39800,4000,
600035.SH,600035,20251209,93006720,0,443904,A,S,40300,300,
600035.SH,600035,20251209,93006870,0,445561,A,B,40100,9400,
600035.SH,600035,20251209,93006870,0,445667,A,B,40100,12700,
600035.SH,600035,20251209,93007030,0,446511,A,B,40100,200,
600035.SH,600035,20251209,93007030,0,447412,A,S,40400,20000,
600035.SH,600035,20251209,93007170,0,449665,A,B,39800,40000,
600035.SH,600035,20251209,93007330,0,449709,A,S,40300,4100,
600035.SH,600035,20251209,93007610,0,453637,A,S,40300,16000,
600035.SH,600035,20251209,93007610,0,453904,A,S,40300,300,
600035.SH,600035,20251209,93007610,0,454377,A,S,40500,6900,
600035.SH,600035,20251209,93007760,0,456362,A,B,40000,1000,
600035.SH,600035,20251209,93007920,0,458254,A,S,42700,500,
600035.SH,600035,20251209,93008070,0,460405,A,S,40400,3500,
600035.SH,600035,20251209,93008220,0,461191,A,S,40500,10000,
600035.SH,600035,20251209,93008220,0,461459,A,S,40300,4400,
600035.SH,600035,20251209,93008520,0,465355,A,S,40300,4300,
600035.SH,600035,20251209,93008670,0,467549,A,S,40300,100,
600035.SH,600035,20251209,93008820,0,468194,A,S,40300,100,
600035.SH,600035,20251209,93008820,0,468286,A,S,40300,400,
600035.SH,600035,20251209,93008820,0,468664,A,S,40300,400,
600035.SH,600035,20251209,93008970,0,471373,A,S,40300,2000,
600035.SH,600035,20251209,93009260,0,474777,A,B,39600,50000,
600035.SH,600035,20251209,93009260,0,474974,A,B,40200,16200,
600035.SH,600035,20251209,93009260,0,475345,A,S,40300,200,
600035.SH,600035,20251209,93009430,0,477039,A,S,40300,9300,
600035.SH,600035,20251209,93009430,0,477085,A,S,40300,7500,
600035.SH,600035,20251209,93009560,0,477274,A,S,40300,1200,
600035.SH,600035,20251209,93009560,0,478525,A,S,40300,200,
600035.SH,600035,20251209,93009560,0,478526,A,S,40300,200,
600035.SH,600035,20251209,93009730,0,480509,A,S,40400,5000,
600035.SH,600035,20251209,93009890,0,481581,A,S,40300,50000,
600035.SH,600035,20251209,93009890,0,482478,A,S,40400,10000,
600035.SH,600035,20251209,93010050,0,483244,A,S,40300,1100,
600035.SH,600035,20251209,93010050,0,484169,A,B,40100,30000,
600035.SH,600035,20251209,93010190,0,485030,A,S,40300,305500,
600035.SH,600035,20251209,93010260,0,486385,A,B,39900,1000,
600035.SH,600035,20251209,93010560,0,489991,A,S,40700,10000,
600035.SH,600035,20251209,93010560,0,490044,A,S,40400,10000,
600035.SH,600035,20251209,93010750,0,491448,A,S,40300,200,
600035.SH,600035,20251209,93010750,0,491753,A,S,40300,100,
600035.SH,600035,20251209,93010750,0,491756,A,S,40300,300,
600035.SH,600035,20251209,93010910,0,492720,A,B,40100,3000,
600035.SH,600035,20251209,93011380,0,497852,A,S,40600,8000,
600035.SH,600035,20251209,93011380,0,498188,A,B,36500,100,
600035.SH,600035,20251209,93011380,0,498438,A,S,40600,10000,
600035.SH,600035,20251209,93011380,0,499335,A,S,40300,7000,
600035.SH,600035,20251209,93011380,0,499481,A,S,40300,1600,
600035.SH,600035,20251209,93011710,0,502392,A,B,39300,5600,
600035.SH,600035,20251209,93011930,0,504006,A,S,40300,300,
600035.SH,600035,20251209,93011930,0,505372,A,B,39900,5000,
600035.SH,600035,20251209,93012420,0,277863,D,S,40300,2500,
600035.SH,600035,20251209,93013190,0,519602,A,S,40900,2500,
600035.SH,600035,20251209,93013190,0,519753,A,B,40200,600,
600035.SH,600035,20251209,93013630,0,524225,A,B,39600,300,
600035.SH,600035,20251209,93013630,0,79611,D,B,40000,600,
600035.SH,600035,20251209,93013780,0,525405,A,S,40300,100,
600035.SH,600035,20251209,93013980,0,527860,A,B,40100,200,
600035.SH,600035,20251209,93014300,0,530715,A,S,40300,4800,
600035.SH,600035,20251209,93014300,0,532348,A,S,40300,100,
600035.SH,600035,20251209,93014800,0,536574,A,S,40800,4200,
600035.SH,600035,20251209,93014800,0,537435,A,S,40300,300,
600035.SH,600035,20251209,93015090,0,539518,A,B,40200,100,
600035.SH,600035,20251209,93015090,0,539877,A,B,40100,3000,
600035.SH,600035,20251209,93015090,0,540027,A,S,40300,200,
600035.SH,600035,20251209,93015280,0,541829,A,B,40200,2000,
600035.SH,600035,20251209,93015280,0,148774,D,S,43900,100,
600035.SH,600035,20251209,93015520,0,543762,A,S,40400,2000,
600035.SH,600035,20251209,93016140,0,551431,A,S,40700,6000,
600035.SH,600035,20251209,93016210,0,552312,A,B,40200,100000,
600035.SH,600035,20251209,93016210,0,552683,A,B,39900,21000,
600035.SH,600035,20251209,93016330,0,553791,A,S,40300,4000,
600035.SH,600035,20251209,93016740,0,558054,A,B,40200,1000,
600035.SH,600035,20251209,93017000,0,561083,A,B,39800,5000,
600035.SH,600035,20251209,93017210,0,563938,A,B,40000,5000,
600035.SH,600035,20251209,93017360,0,566092,A,B,39600,2000,
600035.SH,600035,20251209,93017480,0,566837,A,S,40300,700,
600035.SH,600035,20251209,93017620,0,568952,A,S,40300,600,
600035.SH,600035,20251209,93017770,0,569683,A,B,40100,2300,
600035.SH,600035,20251209,93017770,0,569750,A,B,40200,400,
600035.SH,600035,20251209,93017920,0,571068,A,S,44200,29800,
600035.SH,600035,20251209,93018060,0,574001,A,S,40300,2300,
600035.SH,600035,20251209,93018210,0,574894,A,B,40000,100,
600035.SH,600035,20251209,93018420,0,576940,A,S,40300,100,
600035.SH,600035,20251209,93018740,0,580349,A,B,39700,500,
600035.SH,600035,20251209,93018740,0,580381,A,B,39500,2600,
600035.SH,600035,20251209,93018890,0,582190,A,B,39800,500,
600035.SH,600035,20251209,93019020,0,583006,A,S,40400,12100,
600035.SH,600035,20251209,93019020,0,583146,A,B,39500,600,
600035.SH,600035,20251209,93019210,0,79610,D,B,40100,400,
600035.SH,600035,20251209,93019930,0,592958,A,S,42300,300,
600035.SH,600035,20251209,93020090,0,595479,A,B,39000,300,
600035.SH,600035,20251209,93020250,0,596344,A,B,40200,2100,
600035.SH,600035,20251209,93020250,0,597225,A,S,40300,1800,
600035.SH,600035,20251209,93020830,0,602687,A,S,40300,100,
600035.SH,600035,20251209,93020990,0,604635,A,S,40300,1200,
600035.SH,600035,20251209,93020990,0,236113,D,S,40300,100,
600035.SH,600035,20251209,93021370,0,609110,A,S,40300,100,
600035.SH,600035,20251209,93021660,0,612444,A,B,40200,200,
600035.SH,600035,20251209,93022290,0,618568,A,B,39600,600,
600035.SH,600035,20251209,93022930,0,624564,A,S,40800,600,
600035.SH,600035,20251209,93022930,0,624741,A,S,40300,300,
600035.SH,600035,20251209,93022930,0,624937,A,S,40800,2500,
600035.SH,600035,20251209,93023130,0,627300,A,B,40200,2000,
600035.SH,600035,20251209,93023270,0,628241,A,B,39600,500,
600035.SH,600035,20251209,93023270,0,629242,A,B,40200,300,
600035.SH,600035,20251209,93023410,0,630389,A,S,42800,128500,
600035.SH,600035,20251209,93023720,0,632832,A,B,40200,200,
600035.SH,600035,20251209,93023720,0,228810,D,B,40000,2000,
600035.SH,600035,20251209,93024010,0,635741,A,S,40300,200,
600035.SH,600035,20251209,93024340,0,639071,A,B,40200,10000,
600035.SH,600035,20251209,93024340,0,247066,D,S,40600,1200,
600035.SH,600035,20251209,93024400,0,640123,A,S,40300,40400,
600035.SH,600035,20251209,93024740,0,642020,A,B,40100,400,
600035.SH,600035,20251209,93025070,0,644332,A,S,43000,100000,
600035.SH,600035,20251209,93025390,0,646453,A,S,40300,200,
600035.SH,600035,20251209,93026680,0,654026,A,S,44200,2000,
600035.SH,600035,20251209,93027170,0,656842,A,S,40400,1200,
600035.SH,600035,20251209,93027170,0,656843,A,B,40000,1200,
600035.SH,600035,20251209,93027740,0,445561,D,B,40100,9400,
600035.SH,600035,20251209,93028030,0,662084,A,S,40300,500,
600035.SH,600035,20251209,93028920,0,667725,A,B,40200,100,
600035.SH,600035,20251209,93031580,0,686236,A,B,40000,10000,
600035.SH,600035,20251209,93031670,0,686560,A,S,40400,900,
600035.SH,600035,20251209,93031730,0,246120,D,B,40100,300,
600035.SH,600035,20251209,93032290,0,691150,A,S,40400,300,
600035.SH,600035,20251209,93032290,0,691152,A,B,40200,300,
600035.SH,600035,20251209,93032990,0,446511,D,B,40100,200,
600035.SH,600035,20251209,93033190,0,697017,A,S,44200,38200,
600035.SH,600035,20251209,93033220,0,697184,A,S,44200,100,
600035.SH,600035,20251209,93033470,0,698526,A,S,40300,2200,
600035.SH,600035,20251209,93033940,0,701706,A,B,40200,100,
600035.SH,600035,20251209,93034220,0,703530,A,B,40200,1000,
600035.SH,600035,20251209,93034470,0,705043,A,B,40200,100,
600035.SH,600035,20251209,93036590,0,718371,A,S,44200,1000,
600035.SH,600035,20251209,93036620,0,718535,A,B,40000,9500,
600035.SH,600035,20251209,93037160,0,721969,A,S,40300,500,
600035.SH,600035,20251209,93038370,0,728966,A,B,40200,100,
600035.SH,600035,20251209,93040110,0,739139,A,B,40100,4000,
600035.SH,600035,20251209,93041000,0,743640,A,S,40300,600,
600035.SH,600035,20251209,93042460,0,602687,D,S,40300,100,
600035.SH,600035,20251209,93043320,0,754904,A,B,40200,200,
600035.SH,600035,20251209,93043980,0,757840,A,B,40200,400,
600035.SH,600035,20251209,93049450,0,783129,A,B,40200,400,
600035.SH,600035,20251209,93050780,0,787989,A,B,40200,50000,
600035.SH,600035,20251209,93052180,0,792840,A,B,40200,500,
600035.SH,600035,20251209,93052600,0,794110,A,B,40100,8300,
600035.SH,600035,20251209,93054420,0,800486,A,B,40200,300,
600035.SH,600035,20251209,93056330,0,807316,A,S,40900,10000,
600035.SH,600035,20251209,93056810,0,808953,A,B,40200,200,
600035.SH,600035,20251209,93102550,0,832683,A,B,39900,10000,
600035.SH,600035,20251209,93102690,0,833240,A,B,40200,200,
600035.SH,600035,20251209,93102960,0,834399,A,B,40100,2000,
600035.SH,600035,20251209,93106550,0,849484,A,B,40200,200,
600035.SH,600035,20251209,93106660,0,849849,A,B,40000,8400,
600035.SH,600035,20251209,93109300,0,860409,A,S,40300,200,
600035.SH,600035,20251209,93109300,0,860425,A,S,40300,900,
600035.SH,600035,20251209,93110700,0,865956,A,B,40200,100,
600035.SH,600035,20251209,93113070,0,875250,A,B,40200,200,
600035.SH,600035,20251209,93114260,0,879491,A,B,39400,20000,
600035.SH,600035,20251209,93115230,0,882800,A,S,40300,100,
600035.SH,600035,20251209,93115230,0,882863,A,S,40300,100,
600035.SH,600035,20251209,93116060,0,885950,A,B,40200,100,
600035.SH,600035,20251209,93116850,0,888728,A,S,40500,5000,
600035.SH,600035,20251209,93118220,0,893681,A,S,40300,500,
600035.SH,600035,20251209,93119350,0,898590,A,B,40200,200,
600035.SH,600035,20251209,93119980,0,900877,A,B,40000,10000,
600035.SH,600035,20251209,93120260,0,901797,A,B,39900,1000,
600035.SH,600035,20251209,93121230,0,905492,A,S,40300,100,
600035.SH,600035,20251209,93121580,0,481581,D,S,40300,50000,
600035.SH,600035,20251209,93122080,0,627300,D,B,40200,2000,
600035.SH,600035,20251209,93123200,0,912756,A,B,40100,2000,
600035.SH,600035,20251209,93124630,0,917951,A,B,39900,8400,
600035.SH,600035,20251209,93126830,0,926234,A,S,40500,24800,
600035.SH,600035,20251209,93130480,0,939252,A,S,40200,2900,
600035.SH,600035,20251209,93130720,0,691150,D,S,40400,300,
600035.SH,600035,20251209,93130900,0,940746,A,B,40100,300,
600035.SH,600035,20251209,93131010,0,941159,A,S,40300,300,
600035.SH,600035,20251209,93131860,0,944240,A,S,40200,4500,
600035.SH,600035,20251209,93131860,0,944248,A,B,40100,2500,
600035.SH,600035,20251209,93131950,0,944607,A,S,40200,200,
600035.SH,600035,20251209,93133220,0,949045,A,B,40100,100,
600035.SH,600035,20251209,93133220,0,949094,A,B,40100,100,
600035.SH,600035,20251209,93133270,0,949196,A,S,40200,3500,
600035.SH,600035,20251209,93133270,0,949202,A,S,40200,200,
600035.SH,600035,20251209,93133320,0,465355,D,S,40300,4300,
600035.SH,600035,20251209,93133360,0,609110,D,S,40300,100,
600035.SH,600035,20251209,93133470,0,949832,A,S,40200,5200,
600035.SH,600035,20251209,93133470,0,949847,A,S,40200,100,
600035.SH,600035,20251209,93133470,0,477039,D,S,40300,9300,
600035.SH,600035,20251209,93133470,0,477274,D,S,40300,1200,
600035.SH,600035,20251209,93133470,0,477085,D,S,40300,7500,
600035.SH,600035,20251209,93133470,0,537435,D,S,40300,300,
600035.SH,600035,20251209,93133590,0,468286,D,S,40300,400,
600035.SH,600035,20251209,93133590,0,468194,D,S,40300,100,
600035.SH,600035,20251209,93133640,0,950545,A,B,40100,100,
600035.SH,600035,20251209,93133790,0,635741,D,S,40300,200,
600035.SH,600035,20251209,93134070,0,951890,A,B,40100,800,
600035.SH,600035,20251209,93134070,0,499481,D,S,40300,1600,
600035.SH,600035,20251209,93134070,0,499335,D,S,40300,7000,
600035.SH,600035,20251209,93134460,0,953333,A,S,40200,9300,
600035.SH,600035,20251209,93134460,0,953343,A,S,40200,1200,
600035.SH,600035,20251209,93134460,0,953379,A,S,40200,300,
600035.SH,600035,20251209,93134600,0,953836,A,S,40200,100,
600035.SH,600035,20251209,93134600,0,953837,A,S,40200,400,
600035.SH,600035,20251209,93134700,0,954172,A,S,40300,100,
600035.SH,600035,20251209,93135050,0,955326,A,S,40200,1600,
600035.SH,600035,20251209,93137050,0,962457,A,B,40100,1200,
600035.SH,600035,20251209,93137460,0,964088,A,S,40200,7500,
600035.SH,600035,20251209,93138450,0,967851,A,B,40100,100,
600035.SH,600035,20251209,93138460,0,967856,A,B,40100,100,
600035.SH,600035,20251209,93138460,0,967858,A,B,40100,200,
600035.SH,600035,20251209,93138460,0,967859,A,B,40100,100,
600035.SH,600035,20251209,93138460,0,967865,A,B,40100,100,
600035.SH,600035,20251209,93138460,0,967868,A,B,40100,100,
600035.SH,600035,20251209,93139030,0,970050,A,B,40100,1400,
600035.SH,600035,20251209,93139030,0,970055,A,B,40100,200,
600035.SH,600035,20251209,93139060,0,970200,A,S,40600,5000,
600035.SH,600035,20251209,93139810,0,973301,A,S,40200,400,
600035.SH,600035,20251209,93139910,0,973834,A,S,40200,100,
600035.SH,600035,20251209,93140130,0,974722,A,S,40200,300,
600035.SH,600035,20251209,93140180,0,975027,A,S,40200,400,
600035.SH,600035,20251209,93140370,0,975849,A,S,40200,300,
600035.SH,600035,20251209,93140410,0,975910,A,S,40200,100,
600035.SH,600035,20251209,93140410,0,975911,A,S,40200,100,
600035.SH,600035,20251209,93141690,0,981633,A,S,40200,200,
600035.SH,600035,20251209,93141690,0,912756,D,B,40100,2000,
600035.SH,600035,20251209,93143010,0,986915,A,S,40200,100,
600035.SH,600035,20251209,93143010,0,986916,A,S,40200,100,
600035.SH,600035,20251209,93143010,0,986918,A,S,40200,200,
600035.SH,600035,20251209,93143100,0,987270,A,S,40200,500,
600035.SH,600035,20251209,93143710,0,989555,A,S,40200,100,
600035.SH,600035,20251209,93143740,0,989584,A,S,40200,1300,
600035.SH,600035,20251209,93143790,0,860409,D,S,40300,200,
600035.SH,600035,20251209,93144180,0,991579,A,B,40000,1000,
600035.SH,600035,20251209,93144790,0,994117,A,S,40200,300,
600035.SH,600035,20251209,93146040,0,999080,A,S,40200,200,
600035.SH,600035,20251209,93146400,0,1000589,A,S,40200,200,
600035.SH,600035,20251209,93146920,0,1002524,A,B,39500,20000,
600035.SH,600035,20251209,93147350,0,1004375,A,S,40200,200,
600035.SH,600035,20251209,93147790,0,951890,D,B,40100,800,
600035.SH,600035,20251209,93147790,0,962457,D,B,40100,1200,
600035.SH,600035,20251209,93147860,0,1006488,A,B,40000,2000,
600035.SH,600035,20251209,93149000,0,1010761,A,S,40200,300,
600035.SH,600035,20251209,93149420,0,1012628,A,B,40100,100,
600035.SH,600035,20251209,93150290,0,525405,D,S,40300,100,
600035.SH,600035,20251209,93150430,0,483244,D,S,40300,1100,
600035.SH,600035,20251209,93150810,0,1017511,A,S,40700,3000,
600035.SH,600035,20251209,93150830,0,1017596,A,S,40200,1100,
600035.SH,600035,20251209,93157360,0,944607,D,S,40200,200,
600035.SH,600035,20251209,93158000,0,1042008,A,B,40000,2200,
600035.SH,600035,20251209,93200390,0,1049825,A,S,40200,1800,
600035.SH,600035,20251209,93200740,0,1051379,A,B,40000,2200,
600035.SH,600035,20251209,93201110,0,1053006,A,S,40200,7000,
600035.SH,600035,20251209,93201580,0,1054756,A,S,40200,5700,
600035.SH,600035,20251209,93202210,0,434087,D,B,40000,6200,
600035.SH,600035,20251209,93206320,0,1073582,A,B,40100,20000,
600035.SH,600035,20251209,93209140,0,944240,D,S,40200,4500,
600035.SH,600035,20251209,93211440,0,1092707,A,B,39600,100,
600035.SH,600035,20251209,93211700,0,1093566,A,B,39900,10000,
600035.SH,600035,20251209,93213520,0,353005,D,B,40000,2000,
600035.SH,600035,20251209,93216520,0,1116755,A,S,40200,400,
600035.SH,600035,20251209,93216640,0,1117121,A,B,40100,6200,
600035.SH,600035,20251209,93219790,0,1128797,A,B,39900,5000,
600035.SH,600035,20251209,93220570,0,1131466,A,B,40000,5000,
600035.SH,600035,20251209,93224370,0,1144204,A,B,39900,2000,
600035.SH,600035,20251209,93225090,0,1146392,A,S,40300,4500,
600035.SH,600035,20251209,93225610,0,1148032,A,S,40200,100,
600035.SH,600035,20251209,93225790,0,1148646,A,B,40000,5000,
600035.SH,600035,20251209,93226220,0,1150048,A,B,39800,300,
600035.SH,600035,20251209,93228210,0,1156224,A,B,40100,200,
600035.SH,600035,20251209,93228280,0,1156355,A,S,41900,1000,
600035.SH,600035,20251209,93230870,0,1164697,A,B,39900,100,
600035.SH,600035,20251209,93233310,0,1049825,D,S,40200,1800,
600035.SH,600035,20251209,93233390,0,949832,D,S,40200,5200,
600035.SH,600035,20251209,93236500,0,1182375,A,S,40200,100,
600035.SH,600035,20251209,93236610,0,1182656,A,S,40300,800,
600035.SH,600035,20251209,93236640,0,1182724,A,S,40200,200,
600035.SH,600035,20251209,93236940,0,1183655,A,B,40000,2700,
600035.SH,600035,20251209,93236990,0,1183848,A,B,39900,5000,
600035.SH,600035,20251209,93237480,0,1185538,A,B,40000,200,
600035.SH,600035,20251209,93239080,0,1190275,A,B,40000,500,
600035.SH,600035,20251209,93239100,0,181581,D,B,40000,20000,
600035.SH,600035,20251209,93239260,0,1190902,A,B,39700,12600,
600035.SH,600035,20251209,93239540,0,1191632,A,S,40400,2000,
600035.SH,600035,20251209,93239900,0,1192703,A,B,40000,10000,
600035.SH,600035,20251209,93241800,0,1198446,A,B,39900,900,
600035.SH,600035,20251209,93242930,0,1202072,A,B,39800,300,
600035.SH,600035,20251209,93245280,0,1209294,A,B,40000,20000,
600035.SH,600035,20251209,93246460,0,1212801,A,S,41000,1000,
600035.SH,600035,20251209,93249000,0,1221207,A,S,40200,100,
600035.SH,600035,20251209,93250160,0,1224685,A,B,39900,200,
600035.SH,600035,20251209,93250570,0,1226044,A,B,36200,500,
600035.SH,600035,20251209,93250760,0,597225,D,S,40300,1800,
600035.SH,600035,20251209,93250820,0,1226776,A,S,40200,1800,
600035.SH,600035,20251209,93251570,0,1229164,A,S,42000,1000,
600035.SH,600035,20251209,93253230,0,1234151,A,B,40000,10000,
600035.SH,600035,20251209,93253950,0,1236290,A,S,40200,1000,
600035.SH,600035,20251209,93255170,0,1239915,A,B,40100,20000,
600035.SH,600035,20251209,93255330,0,1240398,A,S,43000,1000,
600035.SH,600035,20251209,93255490,0,1240938,A,B,39900,3000,
600035.SH,600035,20251209,93257570,0,1247861,A,S,40200,6800,
600035.SH,600035,20251209,93258680,0,1251602,A,B,40100,5000,
600035.SH,600035,20251209,93259140,0,1252736,A,S,44000,1000,
600035.SH,600035,20251209,93259300,0,1253323,A,S,40200,1100,
600035.SH,600035,20251209,93259320,0,1253379,A,S,40200,400,
600035.SH,600035,20251209,93259320,0,1253385,A,S,40200,500,
600035.SH,600035,20251209,93259390,0,1253609,A,S,40200,200,
600035.SH,600035,20251209,93259600,0,1254149,A,S,40600,5900,
600035.SH,600035,20251209,93300210,0,1256300,A,S,40200,100,
600035.SH,600035,20251209,93300450,0,1257116,A,B,40000,5000,
600035.SH,600035,20251209,93301780,0,1261973,A,B,40000,600,
600035.SH,600035,20251209,93302370,0,1263911,A,B,39800,200,
600035.SH,600035,20251209,93302420,0,1264107,A,S,40300,10000,
600035.SH,600035,20251209,93302660,0,1264948,A,B,40100,5000,
600035.SH,600035,20251209,93302850,0,1212801,D,S,41000,1000,
600035.SH,600035,20251209,93302940,0,1265864,A,S,40300,76700,
600035.SH,600035,20251209,93303700,0,1268411,A,B,39000,200,
600035.SH,600035,20251209,93307320,0,1280184,A,B,39900,5000,
600035.SH,600035,20251209,93309430,0,1287267,A,B,40100,1000,
600035.SH,600035,20251209,93311840,0,1295032,A,B,40100,5000,
600035.SH,600035,20251209,93313710,0,1300836,A,B,40100,1000,
600035.SH,600035,20251209,93315000,0,140394,D,S,43000,400,
600035.SH,600035,20251209,93318160,0,181554,D,B,40000,20000,
600035.SH,600035,20251209,93319020,0,1316991,A,S,40200,100,
600035.SH,600035,20251209,93320800,0,1322513,A,B,40100,30000,
600035.SH,600035,20251209,93322800,0,1328438,A,B,40100,200,
600035.SH,600035,20251209,93326170,0,1338926,A,S,44000,1100,
600035.SH,600035,20251209,93326170,0,1338998,A,S,41000,400,
600035.SH,600035,20251209,93328900,0,1347233,A,B,40100,2000,
600035.SH,600035,20251209,93336160,0,1367992,A,S,40200,400,
600035.SH,600035,20251209,93337410,0,1371815,A,B,40100,20000,
600035.SH,600035,20251209,93339010,0,1376805,A,S,40200,1600,
600035.SH,600035,20251209,93339860,0,1379365,A,B,39900,1000,
600035.SH,600035,20251209,93340020,0,1379800,A,S,40200,100,
600035.SH,600035,20251209,93340020,0,1379801,A,S,40200,200,
600035.SH,600035,20251209,93341040,0,662084,D,S,40300,500,
600035.SH,600035,20251209,93341400,0,1383834,A,B,39900,3000,
600035.SH,600035,20251209,93342020,0,233155,D,S,40400,8000,
600035.SH,600035,20251209,93342190,0,1385986,A,B,39600,300,
600035.SH,600035,20251209,93348210,0,1404528,A,B,40000,5000,
600035.SH,600035,20251209,93348390,0,1405056,A,S,40200,300,
600035.SH,600035,20251209,93348560,0,1405542,A,S,40200,100,
600035.SH,600035,20251209,93348930,0,1406560,A,S,40300,8000,
600035.SH,600035,20251209,93353040,0,1419280,A,S,40200,500,
600035.SH,600035,20251209,93355630,0,1426917,A,B,36500,55300,
600035.SH,600035,20251209,93404000,0,1452018,A,S,40300,5000,
600035.SH,600035,20251209,93404810,0,1454529,A,B,40000,300,
600035.SH,600035,20251209,93404830,0,1454548,A,S,40300,300,
600035.SH,600035,20251209,93405220,0,1455827,A,S,40200,500,
600035.SH,600035,20251209,93412440,0,1478411,A,B,40100,900,
600035.SH,600035,20251209,93413290,0,1481225,A,S,40200,5000,
600035.SH,600035,20251209,93413860,0,343051,D,S,41300,1700,
600035.SH,600035,20251209,93418180,0,1494765,A,B,39900,100000,
600035.SH,600035,20251209,93418630,0,1496088,A,B,39900,5000,
600035.SH,600035,20251209,93419770,0,1499505,A,B,40100,2000,
600035.SH,600035,20251209,93420500,0,1501844,A,S,43800,200,
600035.SH,600035,20251209,93421190,0,1503704,A,S,40200,2000,
600035.SH,600035,20251209,93422140,0,1506433,A,S,40200,800,
600035.SH,600035,20251209,93424090,0,1017596,D,S,40200,1100,
600035.SH,600035,20251209,93425790,0,1516056,A,B,40100,2000,
600035.SH,600035,20251209,93426240,0,1517268,A,B,40100,20000,
600035.SH,600035,20251209,93428890,0,1523990,A,B,40000,2000,
600035.SH,600035,20251209,93429020,0,1524344,A,S,40300,50000,
600035.SH,600035,20251209,93429480,0,953333,D,S,40200,9300,
600035.SH,600035,20251209,93429480,0,964088,D,S,40200,7500,
600035.SH,600035,20251209,93429480,0,953343,D,S,40200,1200,
600035.SH,600035,20251209,93429860,0,1526453,A,S,40300,6200,
600035.SH,600035,20251209,93430080,0,955326,D,S,40200,1600,
600035.SH,600035,20251209,93430080,0,1053006,D,S,40200,7000,
600035.SH,600035,20251209,93430080,0,1527073,A,B,40100,100,
600035.SH,600035,20251209,93430600,0,1528597,A,S,44200,2000,
600035.SH,600035,20251209,93431390,0,1530888,A,S,40200,600,
600035.SH,600035,20251209,93432790,0,640123,D,S,40300,40400,
600035.SH,600035,20251209,93433570,0,1234151,D,B,40000,10000,
600035.SH,600035,20251209,93434050,0,1538349,A,S,40200,45100,
600035.SH,600035,20251209,93434470,0,1494765,D,B,39900,100000,
600035.SH,600035,20251209,93435230,0,1541591,A,B,40100,11000,
600035.SH,600035,20251209,93435480,0,1542365,A,S,40200,100,
600035.SH,600035,20251209,93435650,0,1542920,A,S,44200,1000,
600035.SH,600035,20251209,93437940,0,1548817,A,B,39900,1000,
600035.SH,600035,20251209,93438320,0,1549895,A,B,40100,1300,
600035.SH,600035,20251209,93441040,0,1556909,A,B,40000,30000,
600035.SH,600035,20251209,93442750,0,1144204,D,B,39900,2000,
600035.SH,600035,20251209,93443320,0,1562501,A,B,39700,100000,
600035.SH,600035,20251209,93444310,0,1564921,A,B,39900,2000,
600035.SH,600035,20251209,93445160,0,1566938,A,B,39300,1000,
600035.SH,600035,20251209,93445430,0,1567545,A,S,40500,500,
600035.SH,600035,20251209,93445790,0,1568401,A,B,40100,45000,
600035.SH,600035,20251209,93447980,0,1573888,A,S,44200,500,
600035.SH,600035,20251209,93448300,0,1574637,A,S,40200,100,
600035.SH,600035,20251209,93448400,0,1556909,D,B,40000,30000,
600035.SH,600035,20251209,93452060,0,1584117,A,S,40600,1000,
600035.SH,600035,20251209,93452850,0,1586043,A,S,40200,20000,
600035.SH,600035,20251209,93454300,0,1589754,A,S,40200,100,
600035.SH,600035,20251209,93455630,0,1593130,A,B,40000,2000,
600035.SH,600035,20251209,93456040,0,1594177,A,B,40000,2500,
600035.SH,600035,20251209,93458230,0,1599553,A,B,40000,10000,
600035.SH,600035,20251209,93459420,0,1012628,D,B,40100,100,
600035.SH,600035,20251209,93459490,0,1602979,A,B,40100,100,
600035.SH,600035,20251209,93501150,0,1608579,A,B,40100,1000,
600035.SH,600035,20251209,93503210,0,1615163,A,B,40100,100,
600035.SH,600035,20251209,93506390,0,1626987,A,B,39800,5000,
600035.SH,600035,20251209,93506450,0,574001,D,S,40300,2300,
600035.SH,600035,20251209,93506560,0,1627530,A,S,40200,900,
600035.SH,600035,20251209,93509220,0,624741,D,S,40300,300,
600035.SH,600035,20251209,93513060,0,1650564,A,B,39900,10000,
600035.SH,600035,20251209,93513490,0,1568401,D,B,40100,45000,
600035.SH,600035,20251209,93515070,0,1659564,A,B,39500,2000,
600035.SH,600035,20251209,93515220,0,1660459,A,S,40200,400,
600035.SH,600035,20251209,93515710,0,1662636,A,B,40100,2000,
600035.SH,600035,20251209,93516950,0,1666778,A,B,40000,1200,
600035.SH,600035,20251209,93518700,0,1671755,A,B,39800,10000,
600035.SH,600035,20251209,93519210,0,1673053,A,B,39900,3000,
600035.SH,600035,20251209,93519790,0,1674634,A,S,40200,23700,
600035.SH,600035,20251209,93519840,0,1674713,A,S,40200,400,
600035.SH,600035,20251209,93519840,0,1674719,A,B,40100,10000,
600035.SH,600035,20251209,93523010,0,1684071,A,B,40100,1000,
600035.SH,600035,20251209,93524600,0,530715,D,S,40300,4800,
600035.SH,600035,20251209,93524670,0,1688537,A,S,40200,4500,
600035.SH,600035,20251209,93524670,0,1688540,A,S,40200,5900,
600035.SH,600035,20251209,93525830,0,1691654,A,S,40600,1000,
600035.SH,600035,20251209,93526810,0,1694240,A,B,39900,5000,
600035.SH,600035,20251209,93528230,0,1698013,A,B,40100,1000,
600035.SH,600035,20251209,93530060,0,1702940,A,B,40000,8600,
600035.SH,600035,20251209,93531900,0,1708160,A,B,39900,45300,
600035.SH,600035,20251209,93533470,0,1712714,A,B,40100,100,
600035.SH,600035,20251209,93535300,0,721969,D,S,40300,500,
600035.SH,600035,20251209,93535410,0,1718536,A,S,44200,2500,
600035.SH,600035,20251209,93537540,0,1724539,A,B,39900,10000,
600035.SH,600035,20251209,93537740,0,1725110,A,B,39900,30000,
600035.SH,600035,20251209,93538930,0,1729032,A,B,40100,100,
600035.SH,600035,20251209,93540060,0,1732943,A,S,40200,183300,
600035.SH,600035,20251209,93540730,0,954172,D,S,40300,100,
600035.SH,600035,20251209,93543430,0,1746116,A,S,40300,2200,
600035.SH,600035,20251209,93545860,0,1753218,A,B,40000,10000,
600035.SH,600035,20251209,93546410,0,604635,D,S,40300,1200,
600035.SH,600035,20251209,93546530,0,1754974,A,S,40200,1700,
600035.SH,600035,20251209,93546530,0,1754976,A,S,40200,2800,
600035.SH,600035,20251209,93546590,0,1755109,A,S,40200,3100,
600035.SH,600035,20251209,93548290,0,1760225,A,S,40200,100,
600035.SH,600035,20251209,93549040,0,743640,D,S,40300,600,
600035.SH,600035,20251209,93550600,0,1662636,D,B,40100,2000,
600035.SH,600035,20251209,93551110,0,1770423,A,S,40200,5300,
600035.SH,600035,20251209,93553020,0,1776121,A,B,39600,20000,
600035.SH,600035,20251209,93553260,0,1776883,A,S,40300,150000,
600035.SH,600035,20251209,93554280,0,1779876,A,S,40200,500,
600035.SH,600035,20251209,93555980,0,1784791,A,B,39800,1000,
600035.SH,600035,20251209,93556400,0,1785918,A,B,40100,100,
600035.SH,600035,20251209,93556950,0,1593130,D,B,40000,2000,
600035.SH,600035,20251209,93600270,0,1796460,A,S,40200,5400,
600035.SH,600035,20251209,93600610,0,1797562,A,S,40200,200,
600035.SH,600035,20251209,93601130,0,1615163,D,B,40100,100,
600035.SH,600035,20251209,93603900,0,1808835,A,S,40200,100,
600035.SH,600035,20251209,93605610,0,1813912,A,B,40100,100,
600035.SH,600035,20251209,93605880,0,1814768,A,S,40200,100,
600035.SH,600035,20251209,93606230,0,270221,D,B,40100,4000,
600035.SH,600035,20251209,93608070,0,1820648,A,S,40200,600,
600035.SH,600035,20251209,93614210,0,1150048,D,B,39800,300,
600035.SH,600035,20251209,93615440,0,1845671,A,B,39800,2000,
600035.SH,600035,20251209,93616280,0,1452018,D,S,40300,5000,
600035.SH,600035,20251209,93616830,0,1850084,A,B,39300,2000,
600035.SH,600035,20251209,93618280,0,1854384,A,S,40200,700,
600035.SH,600035,20251209,93621220,0,1863117,A,B,40100,100,
600035.SH,600035,20251209,93621220,0,1863119,A,S,40200,100,
600035.SH,600035,20251209,93624210,0,1872169,A,B,40100,100,
600035.SH,600035,20251209,93624510,0,1873038,A,B,40100,300,
600035.SH,600035,20251209,93624700,0,1873602,A,S,40200,5000,
600035.SH,600035,20251209,93625250,0,1875275,A,B,40100,10000,
600035.SH,600035,20251209,93625550,0,1876175,A,B,40100,2000,
600035.SH,600035,20251209,93626960,0,1300836,D,B,40100,1000,
600035.SH,600035,20251209,93627440,0,394983,D,S,40400,14800,
600035.SH,600035,20251209,93628920,0,1885524,A,B,40100,1100,
600035.SH,600035,20251209,93628970,0,1885677,A,B,39900,200,
600035.SH,600035,20251209,93630820,0,1890759,A,B,39900,30000,
600035.SH,600035,20251209,93631430,0,1892628,A,S,40200,50000,
600035.SH,600035,20251209,93637450,0,1908860,A,S,40200,14800,
600035.SH,600035,20251209,93638870,0,1912690,A,B,40100,90300,
600035.SH,600035,20251209,93639180,0,1913515,A,S,40200,8200,
600035.SH,600035,20251209,93639480,0,1914482,A,B,40100,3000,
600035.SH,600035,20251209,93640950,0,1918614,A,B,40100,900,
600035.SH,600035,20251209,93640950,0,1918625,A,S,40200,1200,
600035.SH,600035,20251209,93642250,0,1854384,D,S,40200,700,
600035.SH,600035,20251209,93642250,0,1796460,D,S,40200,5400,
600035.SH,600035,20251209,93642710,0,1117121,D,B,40100,6200,
600035.SH,600035,20251209,93643210,0,1506433,D,S,40200,800,
600035.SH,600035,20251209,93644170,0,1927335,A,B,40100,10000,
600035.SH,600035,20251209,93645300,0,1930492,A,S,40200,4000,
600035.SH,600035,20251209,93646030,0,1932535,A,B,39800,10000,
600035.SH,600035,20251209,93647810,0,1251602,D,B,40100,5000,
600035.SH,600035,20251209,93648240,0,1937900,A,S,40200,1000,
600035.SH,600035,20251209,93648300,0,1937982,A,S,40200,100,
600035.SH,600035,20251209,93648920,0,1295032,D,B,40100,5000,
600035.SH,600035,20251209,93649100,0,1939786,A,B,39600,400,
600035.SH,600035,20251209,93650990,0,1944749,A,B,39700,100,
600035.SH,600035,20251209,93652300,0,105754,D,B,40100,4500,
600035.SH,600035,20251209,93656180,0,1958552,A,S,40200,100,
600035.SH,600035,20251209,93656540,0,1959557,A,B,40000,2000,
600035.SH,600035,20251209,93656840,0,1960437,A,B,39600,3000,
600035.SH,600035,20251209,93659500,0,1967992,A,B,40000,6200,
600035.SH,600035,20251209,93701200,0,1972957,A,B,39900,2000,
600035.SH,600035,20251209,93704030,0,1808835,D,S,40200,100,
600035.SH,600035,20251209,93705480,0,1987144,A,B,40100,5800,
600035.SH,600035,20251209,93705550,0,1987385,A,S,40200,4300,
600035.SH,600035,20251209,93706290,0,1937900,D,S,40200,1000,
600035.SH,600035,20251209,93707640,0,1993383,A,B,40000,4000,
600035.SH,600035,20251209,93708820,0,1996554,A,B,39900,2000,
600035.SH,600035,20251209,93709050,0,1419280,D,S,40200,500,
600035.SH,600035,20251209,93709500,0,1998398,A,S,40200,200,
600035.SH,600035,20251209,93709500,0,1998399,A,S,40200,300,
600035.SH,600035,20251209,93709520,0,1998439,A,S,40200,400,
600035.SH,600035,20251209,93709690,0,1998914,A,B,40100,100,
600035.SH,600035,20251209,93714950,0,2014420,A,B,39800,1300,
600035.SH,600035,20251209,93715940,0,2017286,A,S,40200,200,
600035.SH,600035,20251209,93717400,0,2021135,A,B,39800,4000,
600035.SH,600035,20251209,93720360,0,2028226,A,B,39900,5000,
600035.SH,600035,20251209,93722120,0,2032422,A,B,39900,100,
600035.SH,600035,20251209,93723300,0,2035654,A,S,41300,800,
600035.SH,600035,20251209,93725190,0,2040666,A,B,40100,100,
600035.SH,600035,20251209,93726410,0,1338998,D,S,41000,400,
600035.SH,600035,20251209,93728530,0,2048965,A,B,40100,2000,
600035.SH,600035,20251209,93729110,0,2050338,A,B,39900,1000,
600035.SH,600035,20251209,93735300,0,2065314,A,S,40500,15400,
600035.SH,600035,20251209,93737990,0,2071926,A,S,40600,44200,
600035.SH,600035,20251209,93743240,0,2084464,A,B,40000,1000,
600035.SH,600035,20251209,93743880,0,2086341,A,B,40100,2800,
600035.SH,600035,20251209,93746160,0,2092383,A,B,39800,3000,
600035.SH,600035,20251209,93747470,0,2095892,A,S,40600,50000,
600035.SH,600035,20251209,93748300,0,2097961,A,S,40200,100,
600035.SH,600035,20251209,93749840,0,2102073,A,S,41000,400,
600035.SH,600035,20251209,93751940,0,51593,D,B,39900,2000,
600035.SH,600035,20251209,93752260,0,2107561,A,S,40400,14700,
600035.SH,600035,20251209,93752660,0,2108832,A,B,39800,1000,
600035.SH,600035,20251209,93754240,0,2112600,A,B,40100,30000,
600035.SH,600035,20251209,93754320,0,2112871,A,S,40200,100,
600035.SH,600035,20251209,93757010,0,2119938,A,S,40300,5000,
600035.SH,600035,20251209,93800350,0,1873038,D,B,40100,300,
600035.SH,600035,20251209,93804010,0,2139421,A,S,40200,100,
600035.SH,600035,20251209,93804560,0,2140840,A,B,39700,20000,
600035.SH,600035,20251209,93807410,0,2148499,A,S,41000,1200,
600035.SH,600035,20251209,93807940,0,471373,D,S,40300,2000,
600035.SH,600035,20251209,93810030,0,2155197,A,B,39700,1000,
600035.SH,600035,20251209,93811210,0,2158587,A,B,40000,1000,
600035.SH,600035,20251209,93813570,0,52248,D,B,39900,2000,
600035.SH,600035,20251209,93816500,0,2173994,A,S,40200,7500,
600035.SH,600035,20251209,93818310,0,2178497,A,S,40200,2100,
600035.SH,600035,20251209,93820340,0,2183932,A,S,44200,35000,
600035.SH,600035,20251209,93821290,0,2186347,A,S,40200,400,
600035.SH,600035,20251209,93823070,0,2191453,A,B,40100,3000,
600035.SH,600035,20251209,93823550,0,2192673,A,B,40100,100,
600035.SH,600035,20251209,93828290,0,1549895,D,B,40100,1300,
600035.SH,600035,20251209,93831260,0,2212281,A,B,40100,300,
600035.SH,600035,20251209,93831410,0,2212647,A,S,44200,22500,
600035.SH,600035,20251209,93834160,0,467549,D,S,40300,100,
600035.SH,600035,20251209,93834330,0,2220074,A,S,40200,100,
600035.SH,600035,20251209,93834420,0,461459,D,S,40300,4400,
600035.SH,600035,20251209,93834590,0,2221100,A,S,40200,5300,
600035.SH,600035,20251209,93837440,0,2017286,D,S,40200,200,
600035.SH,600035,20251209,93839610,0,2233464,A,B,39800,500,
600035.SH,600035,20251209,93840720,0,2236026,A,B,40100,1000,
600035.SH,600035,20251209,93845250,0,1930492,D,S,40200,4000,
600035.SH,600035,20251209,93848320,0,2252893,A,S,40200,1300,
600035.SH,600035,20251209,93848370,0,2253005,A,S,40200,100,
600035.SH,600035,20251209,93849980,0,2256550,A,B,39400,100,
600035.SH,600035,20251209,93850200,0,2257049,A,B,40100,10000,
600035.SH,600035,20251209,93850230,0,1599553,D,B,40000,10000,
600035.SH,600035,20251209,93850540,0,2258167,A,S,42300,1000,
600035.SH,600035,20251209,93850910,0,2259017,A,B,40100,100,
600035.SH,600035,20251209,93851290,0,2259869,A,S,40200,2000,
600035.SH,600035,20251209,93854250,0,2266493,A,S,40200,300,
600035.SH,600035,20251209,93855990,0,1671755,D,B,39800,10000,
600035.SH,600035,20251209,93857020,0,2272971,A,S,40400,4000,
600035.SH,600035,20251209,93858670,0,2276984,A,B,39900,10000,
600035.SH,600035,20251209,93859180,0,2278123,A,B,40100,100,
600035.SH,600035,20251209,93859390,0,2278647,A,B,40100,200,
600035.SH,600035,20251209,93900220,0,2280553,A,S,40200,100,
600035.SH,600035,20251209,93903550,0,900877,D,B,40000,10000,
600035.SH,600035,20251209,93903930,0,2290342,A,S,40200,100,
600035.SH,600035,20251209,93905520,0,2294716,A,S,40200,2000,
600035.SH,600035,20251209,93907540,0,447412,D,S,40400,20000,
600035.SH,600035,20251209,93915810,0,2320436,A,B,40000,1800,
600035.SH,600035,20251209,93918350,0,2326355,A,S,40200,5000,
600035.SH,600035,20251209,93918940,0,2327645,A,S,40200,200,
600035.SH,600035,20251209,93920580,0,2331103,A,B,39800,100,
600035.SH,600035,20251209,93923110,0,2336736,A,S,40200,20000,
600035.SH,600035,20251209,93932860,0,2358017,A,B,39900,3000,
600035.SH,600035,20251209,93936060,0,2212281,D,B,40100,300,
600035.SH,600035,20251209,93937250,0,426122,D,B,39900,100,
600035.SH,600035,20251209,93938150,0,1602979,D,B,40100,100,
600035.SH,600035,20251209,93938680,0,1998914,D,B,40100,100,
600035.SH,600035,20251209,93939550,0,2192673,D,B,40100,100,
600035.SH,600035,20251209,93940140,0,2374304,A,S,40200,100,
600035.SH,600035,20251209,93943610,0,2381654,A,B,40100,1300,
600035.SH,600035,20251209,93944120,0,2382579,A,B,40100,500,
600035.SH,600035,20251209,93946340,0,2387285,A,S,40200,5400,
600035.SH,600035,20251209,93948300,0,2391374,A,S,40200,100,
600035.SH,600035,20251209,93948360,0,2391528,A,B,40100,500,
600035.SH,600035,20251209,93950070,0,2395640,A,B,39900,3000,
600035.SH,600035,20251209,93950230,0,491756,D,S,40300,300,
600035.SH,600035,20251209,93950230,0,491448,D,S,40300,200,
600035.SH,600035,20251209,93950230,0,491753,D,S,40300,100,
600035.SH,600035,20251209,93950500,0,532348,D,S,40300,100,
600035.SH,600035,20251209,93950840,0,2397487,A,B,39800,100,
600035.SH,600035,20251209,93951170,0,2398154,A,B,40000,1000,
600035.SH,600035,20251209,93951260,0,2266493,D,S,40200,300,
600035.SH,600035,20251209,93954210,0,2405543,A,S,40200,100,
600035.SH,600035,20251209,93954260,0,2259869,D,S,40200,2000,
600035.SH,600035,20251209,93955470,0,2408437,A,B,40100,2000,
600035.SH,600035,20251209,93958430,0,2414484,A,S,40200,2300,
600035.SH,600035,20251209,94000270,0,2418354,A,S,40200,1500,
600035.SH,600035,20251209,94002340,0,2423949,A,B,40100,500,
600035.SH,600035,20251209,94002480,0,217619,D,B,39900,10000,
600035.SH,600035,20251209,94003270,0,2426049,A,S,40200,200,
600035.SH,600035,20251209,94005280,0,2431436,A,B,40000,1000,
600035.SH,600035,20251209,94006030,0,1674713,D,S,40200,400,
600035.SH,600035,20251209,94006140,0,2433853,A,S,40200,300,
600035.SH,600035,20251209,94014540,0,2454230,A,B,40100,500,
600035.SH,600035,20251209,94017440,0,2465409,A,B,40000,1000,
600035.SH,600035,20251209,94020060,0,2327645,D,S,40200,200,
600035.SH,600035,20251209,94020410,0,2474176,A,S,40200,100,
600035.SH,600035,20251209,94021450,0,461191,D,S,40500,10000,
600035.SH,600035,20251209,94022600,0,2480106,A,B,40100,100,
600035.SH,600035,20251209,94022720,0,563938,D,B,40000,5000,
600035.SH,600035,20251209,94023500,0,2482233,A,B,39900,500,
600035.SH,600035,20251209,94023730,0,1875275,D,B,40100,10000,
600035.SH,600035,20251209,94023880,0,2483201,A,S,40200,5100,
600035.SH,600035,20251209,94025940,0,2433853,D,S,40200,300,
600035.SH,600035,20251209,94026010,0,2488063,A,S,40200,200,
600035.SH,600035,20251209,94028600,0,2494614,A,S,40200,2300,
600035.SH,600035,20251209,94030590,0,2499336,A,B,40100,1600,
600035.SH,600035,20251209,94033350,0,2505920,A,B,40100,1000,
600035.SH,600035,20251209,94034870,0,2509603,A,B,40100,700,
600035.SH,600035,20251209,94035240,0,2510532,A,S,40200,100,
600035.SH,600035,20251209,94036040,0,2488063,D,S,40200,200,
600035.SH,600035,20251209,94036120,0,2512634,A,S,40200,100,
600035.SH,600035,20251209,94042220,0,2526639,A,S,40300,10000,
600035.SH,600035,20251209,94042420,0,2512634,D,S,40200,100,
600035.SH,600035,20251209,94042580,0,2527325,A,S,40200,100,
600035.SH,600035,20251209,94044350,0,2530832,A,B,39700,100,
600035.SH,600035,20251209,94044920,0,2532095,A,B,39800,100,
600035.SH,600035,20251209,94045130,0,2532589,A,B,39900,100,
600035.SH,600035,20251209,94046770,0,2535917,A,B,40100,800,
600035.SH,600035,20251209,94046800,0,2527325,D,S,40200,100,
600035.SH,600035,20251209,94048900,0,2540481,A,S,40200,200,
600035.SH,600035,20251209,94051430,0,2546733,A,B,39600,100,
600035.SH,600035,20251209,94102270,0,1779876,D,S,40200,500,
600035.SH,600035,20251209,94102960,0,2573020,A,S,40200,1300,
600035.SH,600035,20251209,94108520,0,2585244,A,B,39800,1000,
600035.SH,600035,20251209,94108540,0,2585282,A,B,40100,100,
600035.SH,600035,20251209,94110130,0,1820648,D,S,40200,600,
600035.SH,600035,20251209,94116140,0,2601228,A,B,39700,400,
600035.SH,600035,20251209,94118220,0,2605623,A,S,40200,100,
600035.SH,600035,20251209,94119050,0,2607441,A,S,44200,500,
600035.SH,600035,20251209,94122970,0,2616606,A,S,40200,100,
600035.SH,600035,20251209,94128670,0,2627864,A,B,40100,4700,
600035.SH,600035,20251209,94131980,0,2635159,A,B,40100,1000,
600035.SH,600035,20251209,94132960,0,1347233,D,B,40100,2000,
600035.SH,600035,20251209,94139060,0,1538349,D,S,40200,45100,
600035.SH,600035,20251209,94140240,0,2652540,A,B,40000,4000,
600035.SH,600035,20251209,94142270,0,2374304,D,S,40200,100,
600035.SH,600035,20251209,94147210,0,2320436,D,B,40000,1800,
600035.SH,600035,20251209,94148290,0,2669003,A,S,40200,100,
600035.SH,600035,20251209,94148300,0,2669016,A,B,40100,100,
600035.SH,600035,20251209,94149990,0,2672646,A,B,40100,100,
600035.SH,600035,20251209,94150830,0,2674268,A,B,40000,2000,
600035.SH,600035,20251209,94154960,0,2683640,A,B,40100,1300,
600035.SH,600035,20251209,94156180,0,2685945,A,B,40000,2500,
600035.SH,600035,20251209,94156790,0,2687231,A,S,40200,4300,
600035.SH,600035,20251209,94156820,0,2687318,A,S,40300,100,
600035.SH,600035,20251209,94156970,0,2687686,A,B,40000,1000,
600035.SH,600035,20251209,94157270,0,2418354,D,S,40200,1500,
600035.SH,600035,20251209,94203290,0,2701198,A,S,40200,900,
600035.SH,600035,20251209,94203890,0,2702555,A,S,40200,100,
600035.SH,600035,20251209,94206210,0,2426049,D,S,40200,200,
600035.SH,600035,20251209,94211510,0,2718605,A,B,40100,100,
600035.SH,600035,20251209,94211610,0,2718817,A,B,39900,1000,
600035.SH,600035,20251209,94212230,0,2720225,A,B,40100,1800,
600035.SH,600035,20251209,94215730,0,2727891,A,B,40000,800,
600035.SH,600035,20251209,94216100,0,1850084,D,B,39300,2000,
600035.SH,600035,20251209,94219590,0,2735626,A,S,40200,100,
600035.SH,600035,20251209,94223150,0,2743283,A,B,40000,2000,
600035.SH,600035,20251209,94229930,0,1562501,D,B,39700,100000,
600035.SH,600035,20251209,94231090,0,2758793,A,S,40600,100,
600035.SH,600035,20251209,94232550,0,2761605,A,B,40100,40000,
600035.SH,600035,20251209,94233260,0,2762975,A,B,40000,5000,
600035.SH,600035,20251209,94233260,0,2762980,A,B,40100,100,
600035.SH,600035,20251209,94234100,0,2764531,A,B,40100,100,
600035.SH,600035,20251209,94240140,0,2035654,D,S,41300,800,
600035.SH,600035,20251209,94241140,0,2777496,A,B,40000,200,
600035.SH,600035,20251209,94241280,0,2777786,A,B,39900,100000,
600035.SH,600035,20251209,94249170,0,2795175,A,S,40200,100,
600035.SH,600035,20251209,94249850,0,2796489,A,B,40100,100,
600035.SH,600035,20251209,94251720,0,566837,D,S,40300,700,
600035.SH,600035,20251209,94254600,0,2805140,A,B,40100,100,
600035.SH,600035,20251209,94257360,0,2762980,D,B,40100,100,
600035.SH,600035,20251209,94300290,0,2815387,A,S,40200,400,
600035.SH,600035,20251209,94301040,0,2817088,A,B,40100,1100,
600035.SH,600035,20251209,94303500,0,1627530,D,S,40200,900,
600035.SH,600035,20251209,94305750,0,1209294,D,B,40000,20000,
600035.SH,600035,20251209,94306110,0,2827137,A,S,40200,500,
600035.SH,600035,20251209,94306780,0,2687318,D,S,40300,100,
600035.SH,600035,20251209,94306830,0,2828668,A,S,40200,200,
600035.SH,600035,20251209,94306990,0,2828972,A,B,40000,1500,
600035.SH,600035,20251209,94309780,0,2834527,A,S,44100,9300,
600035.SH,600035,20251209,94311600,0,2837850,A,B,39800,20000,
600035.SH,600035,20251209,94313130,0,2840737,A,S,40200,14200,
600035.SH,600035,20251209,94316670,0,2847896,A,B,40000,1000,
600035.SH,600035,20251209,94321600,0,2857535,A,S,40200,900,
600035.SH,600035,20251209,94323600,0,2861516,A,S,40500,11000,
600035.SH,600035,20251209,94323880,0,2862097,A,B,40100,5000,
600035.SH,600035,20251209,94324000,0,2847896,D,B,40000,1000,
600035.SH,600035,20251209,94324940,0,2864107,A,B,40100,8200,
600035.SH,600035,20251209,94326090,0,2857535,D,S,40200,900,
600035.SH,600035,20251209,94326560,0,2866905,A,S,40400,4000,
600035.SH,600035,20251209,94327200,0,2867923,A,B,40100,100,
600035.SH,600035,20251209,94330690,0,950545,D,B,40100,100,
600035.SH,600035,20251209,94331070,0,2874630,A,B,40100,500,
600035.SH,600035,20251209,94331490,0,1542365,D,S,40200,100,
600035.SH,600035,20251209,94334440,0,2881093,A,B,40100,2700,
600035.SH,600035,20251209,94335160,0,2882657,A,S,44200,400,
600035.SH,600035,20251209,94336110,0,2884384,A,B,40100,300,
600035.SH,600035,20251209,94336230,0,2884724,A,B,40100,100,
600035.SH,600035,20251209,94339250,0,2891039,A,B,40100,100,
600035.SH,600035,20251209,94340910,0,2893839,A,S,40200,5300,
600035.SH,600035,20251209,94343120,0,2897892,A,B,40100,2100,
600035.SH,600035,20251209,94343400,0,2898459,A,B,39900,6200,
600035.SH,600035,20251209,94349470,0,2908417,A,S,40200,200,
600035.SH,600035,20251209,94351220,0,2911539,A,B,40100,100,
600035.SH,600035,20251209,94351220,0,2280553,D,S,40200,100,
600035.SH,600035,20251209,94351220,0,2405543,D,S,40200,100,
600035.SH,600035,20251209,94353350,0,2915059,A,B,40100,100,
600035.SH,600035,20251209,94358670,0,258288,D,S,40400,200,
600035.SH,600035,20251209,94400270,0,2926918,A,B,40100,100,
600035.SH,600035,20251209,94400270,0,2926919,A,B,40100,100,
600035.SH,600035,20251209,94400770,0,2927991,A,B,40100,1000,
600035.SH,600035,20251209,94406880,0,2891039,D,B,40100,100,
600035.SH,600035,20251209,94407360,0,2940775,A,B,40100,10000,
600035.SH,600035,20251209,94408010,0,2941843,A,S,40200,900,
600035.SH,600035,20251209,94409210,0,2944193,A,B,40100,100,
600035.SH,600035,20251209,94409210,0,2944194,A,B,40100,100,
600035.SH,600035,20251209,94409890,0,2945600,A,B,40000,1000,
600035.SH,600035,20251209,94412490,0,2951071,A,S,44200,3000,
600035.SH,600035,20251209,94421000,0,2967729,A,B,40100,100,
600035.SH,600035,20251209,94421210,0,2968085,A,B,40100,100,
600035.SH,600035,20251209,94421210,0,2968086,A,B,40100,100,
600035.SH,600035,20251209,94422810,0,2970777,A,S,40200,300,
600035.SH,600035,20251209,94424170,0,2827137,D,S,40200,500,
600035.SH,600035,20251209,94427200,0,2978234,A,B,40100,100,
600035.SH,600035,20251209,94427200,0,2978235,A,B,40100,100,
600035.SH,600035,20251209,94431660,0,1873602,D,S,40200,5000,
600035.SH,600035,20251209,94432010,0,2970777,D,S,40200,300,
600035.SH,600035,20251209,94432940,0,2989262,A,B,40100,100,
600035.SH,600035,20251209,94433980,0,2991238,A,B,40100,100,
600035.SH,600035,20251209,94434340,0,2915059,D,B,40100,100,
600035.SH,600035,20251209,94434420,0,2992081,A,S,40200,100,
600035.SH,600035,20251209,94436240,0,2995396,A,B,40100,100,
600035.SH,600035,20251209,94436240,0,2995397,A,B,40100,100,
600035.SH,600035,20251209,94436710,0,2884384,D,B,40100,300,
600035.SH,600035,20251209,94436850,0,2796489,D,B,40100,100,
600035.SH,600035,20251209,94437180,0,2672646,D,B,40100,100,
600035.SH,600035,20251209,94438880,0,2191453,D,B,40100,3000,
600035.SH,600035,20251209,94440140,0,3002058,A,B,40100,10000,
600035.SH,600035,20251209,94441520,0,3004334,A,B,36200,200,
600035.SH,600035,20251209,94445250,0,2701198,D,S,40200,900,
600035.SH,600035,20251209,94447160,0,3013317,A,S,40200,300,
600035.SH,600035,20251209,94448220,0,3015257,A,B,40100,100,
600035.SH,600035,20251209,94448220,0,3015258,A,B,40100,100,
600035.SH,600035,20251209,94448300,0,3015386,A,S,40200,100,
600035.SH,600035,20251209,94451320,0,3020146,A,S,40200,600,
600035.SH,600035,20251209,94453090,0,3022916,A,B,40100,4200,
600035.SH,600035,20251209,94453110,0,2941843,D,S,40200,900,
600035.SH,600035,20251209,94453200,0,3023116,A,B,40100,2100,
600035.SH,600035,20251209,94453310,0,3023281,A,S,40200,100,
600035.SH,600035,20251209,94453360,0,3023359,A,B,40100,300,
600035.SH,600035,20251209,94453360,0,3023362,A,B,40100,100,
600035.SH,600035,20251209,94454100,0,3024492,A,B,40100,100,
600035.SH,600035,20251209,94454200,0,3024705,A,B,40100,100,
600035.SH,600035,20251209,94454200,0,3024706,A,B,40100,400,
600035.SH,600035,20251209,94454240,0,3020146,D,S,40200,600,
600035.SH,600035,20251209,94454240,0,2252893,D,S,40200,1300,
600035.SH,600035,20251209,94454390,0,3013317,D,S,40200,300,
600035.SH,600035,20251209,94454630,0,3025535,A,S,40300,900,
600035.SH,600035,20251209,94454630,0,3025550,A,S,40300,700,
600035.SH,600035,20251209,94455070,0,3026208,A,S,40200,100,
600035.SH,600035,20251209,94455360,0,3026647,A,B,40100,1000,
600035.SH,600035,20251209,94455380,0,3026721,A,B,39800,10000,
600035.SH,600035,20251209,94456650,0,3028565,A,B,39600,1500,
600035.SH,600035,20251209,94457200,0,3029356,A,B,40100,100,
600035.SH,600035,20251209,94457200,0,3029357,A,B,40100,100,
600035.SH,600035,20251209,94457930,0,3030485,A,S,40200,100,
600035.SH,600035,20251209,94458180,0,3030899,A,S,40200,100,
600035.SH,600035,20251209,94500210,0,3034047,A,B,40100,400,
600035.SH,600035,20251209,94501060,0,2483201,D,S,40200,5100,
600035.SH,600035,20251209,94506170,0,3045491,A,B,39900,10000,
600035.SH,600035,20251209,94506510,0,1914482,D,B,40100,3000,
600035.SH,600035,20251209,94506780,0,3046442,A,S,40200,200,
600035.SH,600035,20251209,94507370,0,3047413,A,S,40200,100,
600035.SH,600035,20251209,94510640,0,3054777,A,B,40100,1000,
600035.SH,600035,20251209,94511630,0,3056753,A,B,40100,500,
600035.SH,600035,20251209,94512980,0,3059829,A,S,40200,200,
600035.SH,600035,20251209,94514520,0,3063086,A,B,40100,5000,
600035.SH,600035,20251209,94514710,0,3063431,A,B,39800,3000,
600035.SH,600035,20251209,94515160,0,3064251,A,B,39900,1600,
600035.SH,600035,20251209,94515660,0,3065391,A,S,40200,600,
600035.SH,600035,20251209,94515830,0,3065708,A,S,40200,100,
600035.SH,600035,20251209,94516260,0,1913515,D,S,40200,8200,
600035.SH,600035,20251209,94516390,0,3067187,A,B,40100,20000,
600035.SH,600035,20251209,94516430,0,3067415,A,B,40100,2000,
600035.SH,600035,20251209,94520800,0,3080234,A,S,40400,5000,
600035.SH,600035,20251209,94520860,0,3080317,A,B,40000,1000,
600035.SH,600035,20251209,94524380,0,3087712,A,S,40200,900,
600035.SH,600035,20251209,94525030,0,3088925,A,S,40200,600,
600035.SH,600035,20251209,94525780,0,3090423,A,B,39500,1000,
600035.SH,600035,20251209,94534030,0,3106977,A,B,40000,5000,
600035.SH,600035,20251209,94534970,0,111258,D,B,39800,1000,
600035.SH,600035,20251209,94539120,0,3065391,D,S,40200,600,
600035.SH,600035,20251209,94539190,0,3116823,A,S,40200,500,
600035.SH,600035,20251209,94541770,0,3121062,A,S,40200,100,
600035.SH,600035,20251209,94542200,0,3121811,A,B,39800,15000,
600035.SH,600035,20251209,94543620,0,3124374,A,S,40200,100,
600035.SH,600035,20251209,94546480,0,3129417,A,S,40400,11700,
600035.SH,600035,20251209,94548230,0,3132939,A,S,40200,100,
600035.SH,600035,20251209,94548290,0,3133093,A,S,40200,100,
600035.SH,600035,20251209,94550130,0,3136297,A,S,40200,100,
600035.SH,600035,20251209,94551230,0,3138224,A,S,40200,100,
600035.SH,600035,20251209,94551230,0,3138226,A,S,40200,500,
600035.SH,600035,20251209,94551230,0,3138227,A,S,40200,200,
600035.SH,600035,20251209,94551230,0,3138228,A,S,40200,100,
600035.SH,600035,20251209,94551230,0,3138235,A,S,40200,200,
600035.SH,600035,20251209,94551230,0,3138236,A,S,40200,2400,
600035.SH,600035,20251209,94551230,0,3138237,A,S,40200,100,
600035.SH,600035,20251209,94551230,0,3138238,A,S,40200,400,
600035.SH,600035,20251209,94551230,0,3138243,A,S,40200,100,
600035.SH,600035,20251209,94551230,0,3138244,A,S,40200,300,
600035.SH,600035,20251209,94551230,0,3138245,A,S,40200,600,
600035.SH,600035,20251209,94551230,0,3138246,A,S,40200,500,
600035.SH,600035,20251209,94551250,0,3138294,A,S,40200,100,
600035.SH,600035,20251209,94551340,0,3138449,A,S,40200,100,
600035.SH,600035,20251209,94551420,0,3138653,A,S,40200,100,
600035.SH,600035,20251209,94551500,0,2397487,D,B,39800,100,
600035.SH,600035,20251209,94555030,0,3146173,A,S,40200,4000,
600035.SH,600035,20251209,94556380,0,3023116,D,B,40100,2100,
600035.SH,600035,20251209,94600360,0,3156777,A,S,40200,100,
600035.SH,600035,20251209,94602050,0,3160603,A,S,40200,100,
600035.SH,600035,20251209,94602220,0,3116823,D,S,40200,500,
600035.SH,600035,20251209,94602310,0,3161250,A,S,40200,300,
600035.SH,600035,20251209,94602860,0,3162415,A,B,40100,1100,
600035.SH,600035,20251209,94603040,0,3162831,A,B,40100,8700,
600035.SH,600035,20251209,94606210,0,3170073,A,S,40200,100,
600035.SH,600035,20251209,94606590,0,3171011,A,B,40100,1000,
600035.SH,600035,20251209,94606970,0,3171878,A,S,40200,4300,
600035.SH,600035,20251209,94607050,0,3172037,A,B,40100,100,
600035.SH,600035,20251209,94607230,0,3022916,D,B,40100,4200,
