万得代码,交易所代码,自然日,时间,成交编号,成交代码,委托代码,BS标志,成交价格,成交数量,叫卖序号,叫买序号,
000012.SZ,000012,20251209,91546180,295391,C,0, ,0,1000,0,245269,
000012.SZ,000012,20251209,91811630,337928,C,0, ,0,56300,26376,0,
000012.SZ,000012,20251209,92500000,553507,0,0,B,47100,100,284971,553263,
000012.SZ,000012,20251209,92500000,553508,0,0,B,47100,100,284971,553286,
000012.SZ,000012,20251209,92500000,553509,0,0,B,47100,100,284971,553305,
000012.SZ,000012,20251209,92500000,553510,0,0,B,47100,100,284971,553372,
000012.SZ,000012,20251209,92500000,553511,0,0,B,47100,100,284971,553438,
000012.SZ,000012,20251209,92500000,553512,0,0,S,47100,200,284971,283232,
000012.SZ,000012,20251209,92500000,553513,0,0,B,47100,200,284971,534724,
000012.SZ,000012,20251209,92500000,553514,0,0,B,47100,100,171025,534724,
000012.SZ,000012,20251209,92500000,553515,0,0,B,47100,1000,277481,534724,
000012.SZ,000012,20251209,92500000,553516,0,0,B,47100,2500,487555,534724,
000012.SZ,000012,20251209,92500000,553517,0,0,S,47100,1100,535332,534724,
000012.SZ,000012,20251209,92500000,553518,0,0,B,47100,7200,535332,539128,
000012.SZ,000012,20251209,92500000,553519,0,0,B,47100,300,535332,535759,
000012.SZ,000012,20251209,92500000,553520,0,0,S,47100,1800,535332,106929,
000012.SZ,000012,20251209,92500000,553521,0,0,S,47100,300,552195,106929,
000012.SZ,000012,20251209,92500000,553522,0,0,S,47100,1200,552195,118821,
000012.SZ,000012,20251209,92500000,553523,0,0,S,47100,300,552195,145183,
000012.SZ,000012,20251209,92500000,553524,0,0,S,47100,2300,552195,350675,
000012.SZ,000012,20251209,92500000,553525,0,0,S,47100,2200,551101,350675,
000012.SZ,000012,20251209,92500000,553526,0,0,S,47100,100,379328,350675,
000012.SZ,000012,20251209,92500000,553527,0,0,S,47100,400,379655,350675,
000012.SZ,000012,20251209,92500000,553528,0,0,S,47100,700,379655,366204,
000012.SZ,000012,20251209,92500000,553529,0,0,S,47100,600,530391,366204,
000012.SZ,000012,20251209,92500000,553530,0,0,S,47100,300,534324,366204,
000012.SZ,000012,20251209,92500000,553531,0,0,S,47100,100,537283,366204,
000012.SZ,000012,20251209,92500000,553532,0,0,S,47100,1300,478394,366204,
000012.SZ,000012,20251209,92500000,553533,0,0,S,47100,2600,478394,433100,
000012.SZ,000012,20251209,92500000,553534,0,0,B,47100,100,478394,503287,
000012.SZ,000012,20251209,92500000,553535,0,0,S,47100,300,516518,503287,
000012.SZ,000012,20251209,92500000,553536,0,0,S,47100,200,516531,503287,
000012.SZ,000012,20251209,92500000,553537,0,0,S,47100,100,516532,503287,
000012.SZ,000012,20251209,92500000,553538,0,0,S,47100,100,516543,503287,
000012.SZ,000012,20251209,92500000,553539,0,0,S,47100,200,516547,503287,
000012.SZ,000012,20251209,92500000,553540,0,0,S,47100,9000,546323,503287,
000012.SZ,000012,20251209,92500000,553541,0,0,S,47100,500,546323,200027,
000012.SZ,000012,20251209,93000040,647117,0,0,S,47100,100,647116,200027,
000012.SZ,000012,20251209,93000040,647118,0,0,S,47100,300,647116,295644,
000012.SZ,000012,20251209,93000050,647580,0,0,B,47100,2500,647116,647579,
000012.SZ,000012,20251209,93000060,657214,0,0,S,47100,3500,657213,647579,
000012.SZ,000012,20251209,93000090,675595,0,0,B,47100,4700,657213,675594,
000012.SZ,000012,20251209,93000130,699649,C,0, ,0,2100,0,687964,
000012.SZ,000012,20251209,93000140,707654,0,0,B,47100,500,657213,707653,
000012.SZ,000012,20251209,93000170,722173,0,0,S,47000,1000,722172,14658,
000012.SZ,000012,20251209,93000170,722174,0,0,S,47000,1200,722172,37696,
000012.SZ,000012,20251209,93000170,723800,0,0,S,47000,100,723799,37696,
000012.SZ,000012,20251209,93000180,728002,0,0,B,47100,1000,657213,728001,
000012.SZ,000012,20251209,93000180,728003,0,0,B,47100,700,660884,728001,
000012.SZ,000012,20251209,93000180,728004,0,0,B,47100,2100,692024,728001,
000012.SZ,000012,20251209,93000180,728005,0,0,B,47100,1400,699353,728001,
000012.SZ,000012,20251209,93000280,764596,0,0,B,47100,5000,699353,764595,
000012.SZ,000012,20251209,93000310,773427,0,0,S,47000,900,773426,37696,
000012.SZ,000012,20251209,93000340,780856,0,0,B,47100,100,699353,780855,
000012.SZ,000012,20251209,93000350,781830,0,0,B,47100,100,699353,781829,
000012.SZ,000012,20251209,93000350,782489,0,0,B,47100,800,699353,782488,
000012.SZ,000012,20251209,93000420,796940,0,0,B,47100,100,699353,796939,
000012.SZ,000012,20251209,93000420,797729,0,0,B,47100,100,699353,797728,
000012.SZ,000012,20251209,93000470,805764,0,0,B,47100,4400,699353,805763,
000012.SZ,000012,20251209,93000470,805765,0,0,B,47100,100,725714,805763,
000012.SZ,000012,20251209,93000470,805766,0,0,B,47100,100,795823,805763,
000012.SZ,000012,20251209,93000560,819128,0,0,S,47100,400,819127,805763,
000012.SZ,000012,20251209,93000560,819129,0,0,S,47100,2400,819127,806871,
000012.SZ,000012,20251209,93000560,819130,0,0,S,47100,100,819127,808145,
000012.SZ,000012,20251209,93000560,819131,0,0,S,47000,2200,819127,37696,
000012.SZ,000012,20251209,93000610,827911,0,0,B,47100,100,822630,827910,
000012.SZ,000012,20251209,93000680,839164,0,0,B,47200,400,112992,839163,
000012.SZ,000012,20251209,93000680,839165,0,0,B,47200,400,115141,839163,
000012.SZ,000012,20251209,93000680,839166,0,0,B,47200,300,148779,839163,
000012.SZ,000012,20251209,93000680,839167,0,0,B,47200,300,285988,839163,
000012.SZ,000012,20251209,93000680,839168,0,0,B,47200,800,317199,839163,
000012.SZ,000012,20251209,93000820,860423,0,0,S,47100,300,860422,827910,
000012.SZ,000012,20251209,93000830,862380,0,0,S,47100,100,862379,827910,
000012.SZ,000012,20251209,93000830,862381,0,0,S,47100,100,862379,840472,
000012.SZ,000012,20251209,93001010,888518,C,0, ,0,2000,0,425850,
000012.SZ,000012,20251209,93001010,888562,0,0,S,47100,100,888561,840472,
000012.SZ,000012,20251209,93001010,888707,0,0,S,47100,200,888706,840472,
000012.SZ,000012,20251209,93001130,904365,0,0,S,47100,1000,904364,840472,
000012.SZ,000012,20251209,93001130,904366,0,0,S,47100,2500,904364,872507,
000012.SZ,000012,20251209,93001170,908709,C,0, ,0,22500,0,872507,
000012.SZ,000012,20251209,93001240,915325,0,0,S,47100,300,915324,876099,
000012.SZ,000012,20251209,93001240,915635,0,0,S,47100,1000,915634,876099,
000012.SZ,000012,20251209,93001340,922651,0,0,S,47100,600,922650,876099,
000012.SZ,000012,20251209,93001710,955868,0,0,S,47100,1000,955867,876099,
000012.SZ,000012,20251209,93001730,957864,0,0,S,47100,2100,957863,876099,
000012.SZ,000012,20251209,93001800,963589,0,0,B,47200,100,317199,963588,
000012.SZ,000012,20251209,93001930,975143,0,0,B,47200,100,317199,975142,
000012.SZ,000012,20251209,93001930,975144,0,0,B,47200,1000,426081,975142,
000012.SZ,000012,20251209,93001930,975145,0,0,B,47200,900,441370,975142,
000012.SZ,000012,20251209,93002030,984749,0,0,S,47100,100,984748,915156,
000012.SZ,000012,20251209,93002210,998551,0,0,B,47100,1000,984748,998550,
000012.SZ,000012,20251209,93002210,998552,0,0,B,47100,1100,988591,998550,
000012.SZ,000012,20251209,93002230,999473,C,0, ,0,1000,170249,0,
000012.SZ,000012,20251209,93002470,1012407,C,0, ,0,200,866456,0,
000012.SZ,000012,20251209,93002750,1029584,0,0,B,47100,100,988591,1029583,
000012.SZ,000012,20251209,93002810,1033437,C,0, ,0,2000,0,971045,
000012.SZ,000012,20251209,93003150,1055223,0,0,S,47000,200,1055222,37696,
000012.SZ,000012,20251209,93003170,1056526,0,0,B,47100,500,988591,1056525,
000012.SZ,000012,20251209,93003920,1092808,C,0, ,0,1400,875026,0,
000012.SZ,000012,20251209,93004290,1110129,0,0,B,47100,100,988591,1110128,
000012.SZ,000012,20251209,93004410,1114751,0,0,B,47100,100,988591,1114750,
000012.SZ,000012,20251209,93004790,1130825,0,0,B,47100,100,988591,1130824,
000012.SZ,000012,20251209,93005300,1149465,0,0,B,47100,100,988591,1149464,
000012.SZ,000012,20251209,93005300,1149466,0,0,B,47100,100,988963,1149464,
000012.SZ,000012,20251209,93005300,1149467,0,0,B,47100,100,1007612,1149464,
000012.SZ,000012,20251209,93005300,1149468,0,0,B,47100,100,1009548,1149464,
000012.SZ,000012,20251209,93005300,1149469,0,0,B,47100,100,1009676,1149464,
000012.SZ,000012,20251209,93005300,1149470,0,0,B,47100,100,1012594,1149464,
000012.SZ,000012,20251209,93005300,1149471,0,0,B,47100,100,1048252,1149464,
000012.SZ,000012,20251209,93005300,1149472,0,0,B,47100,400,1055253,1149464,
000012.SZ,000012,20251209,93005300,1149473,0,0,B,47100,500,1055288,1149464,
000012.SZ,000012,20251209,93005300,1149474,0,0,B,47100,100,1055307,1149464,
000012.SZ,000012,20251209,93005300,1149475,0,0,B,47100,600,1069959,1149464,
000012.SZ,000012,20251209,93005300,1149476,0,0,B,47100,300,1071349,1149464,
000012.SZ,000012,20251209,93005300,1149477,0,0,B,47100,400,1099210,1149464,
000012.SZ,000012,20251209,93005690,1159299,0,0,S,47000,100,1159298,37696,
000012.SZ,000012,20251209,93005690,1159421,0,0,S,47000,100,1159420,37696,
000012.SZ,000012,20251209,93005690,1159447,0,0,S,47000,300,1159446,37696,
000012.SZ,000012,20251209,93005700,1159485,0,0,S,47000,100,1159484,37696,
000012.SZ,000012,20251209,93005700,1159629,0,0,S,47000,300,1159628,37696,
000012.SZ,000012,20251209,93005700,1159779,0,0,S,47000,100,1159778,37696,
000012.SZ,000012,20251209,93005710,1159842,0,0,S,47000,100,1159841,37696,
000012.SZ,000012,20251209,93005800,1161957,0,0,S,47000,400,1161956,37696,
000012.SZ,000012,20251209,93005820,1162183,0,0,S,47000,300,1162182,37696,
000012.SZ,000012,20251209,93005950,1165904,0,0,S,47000,200,1165903,37696,
000012.SZ,000012,20251209,93005970,1166520,0,0,S,47000,200,1166519,37696,
000012.SZ,000012,20251209,93006640,1187867,0,0,B,47100,100,1099210,1187866,
000012.SZ,000012,20251209,93006870,1194673,C,0, ,0,300,295643,0,
000012.SZ,000012,20251209,93008490,1230102,0,0,S,47000,500,1230101,37696,
000012.SZ,000012,20251209,93009260,1241699,0,0,S,47000,100,1241698,37696,
000012.SZ,000012,20251209,93009790,1253651,0,0,B,47100,100,1099210,1253650,
000012.SZ,000012,20251209,93011170,1277159,0,0,B,47100,1000,1099210,1277158,
000012.SZ,000012,20251209,93011410,1279739,0,0,S,47000,200,1279738,37696,
000012.SZ,000012,20251209,93011410,1279743,0,0,S,47000,200,1279742,37696,
000012.SZ,000012,20251209,93011410,1279792,0,0,S,47000,200,1279791,37696,
000012.SZ,000012,20251209,93012210,1288288,0,0,S,47000,100,1288287,37696,
000012.SZ,000012,20251209,93012400,1292119,C,0, ,0,100,734172,0,
000012.SZ,000012,20251209,93012900,1302136,0,0,S,47000,700,1302135,37696,
000012.SZ,000012,20251209,93015230,1332649,0,0,S,47000,400,1332648,37696,
000012.SZ,000012,20251209,93015300,1334501,0,0,B,47100,200,1099210,1334500,
000012.SZ,000012,20251209,93016600,1361340,C,0, ,0,1600,0,106143,
000012.SZ,000012,20251209,93018170,1379945,0,0,S,47000,800,1379944,37696,
000012.SZ,000012,20251209,93018170,1379946,0,0,S,47000,500,1379944,59076,
000012.SZ,000012,20251209,93018170,1379947,0,0,S,47000,700,1379944,62366,
000012.SZ,000012,20251209,93018170,1379948,0,0,S,47000,3000,1379944,99951,
000012.SZ,000012,20251209,93018190,1380178,0,0,S,47000,3100,1380177,99951,
000012.SZ,000012,20251209,93018200,1380261,0,0,S,47000,100,1380260,99951,
000012.SZ,000012,20251209,93018210,1380465,C,0, ,0,6100,1067274,0,
000012.SZ,000012,20251209,93018210,1380487,C,0, ,0,5200,1067345,0,
000012.SZ,000012,20251209,93018210,1380493,C,0, ,0,2000,1067331,0,
000012.SZ,000012,20251209,93018210,1380499,C,0, ,0,1800,1067347,0,
000012.SZ,000012,20251209,93018220,1380695,C,0, ,0,1600,1068970,0,
000012.SZ,000012,20251209,93018360,1383781,0,0,S,47000,5400,1383780,99951,
000012.SZ,000012,20251209,93018740,1391704,0,0,S,47000,100,1391703,99951,
000012.SZ,000012,20251209,93020050,1410845,0,0,S,47000,200,1410844,99951,
000012.SZ,000012,20251209,93020050,1410847,0,0,S,47000,100,1410846,99951,
000012.SZ,000012,20251209,93021180,1423666,0,0,S,47000,8000,1423665,99951,
000012.SZ,000012,20251209,93021180,1423667,0,0,S,47000,11000,1423665,145396,
000012.SZ,000012,20251209,93021180,1423668,0,0,S,47000,9300,1423665,192973,
000012.SZ,000012,20251209,93021180,1423669,0,0,S,47000,1000,1423665,216807,
000012.SZ,000012,20251209,93021180,1423670,0,0,S,47000,1000,1423665,254550,
000012.SZ,000012,20251209,93021180,1423671,0,0,S,47000,800,1423665,283120,
000012.SZ,000012,20251209,93021180,1423672,0,0,S,47000,300,1423665,286663,
000012.SZ,000012,20251209,93021180,1423673,0,0,S,47000,300,1423665,294649,
000012.SZ,000012,20251209,93021180,1423674,0,0,S,47000,200,1423665,300623,
000012.SZ,000012,20251209,93021180,1423675,0,0,S,47000,1000,1423665,409362,
000012.SZ,000012,20251209,93021180,1423676,0,0,S,47000,2000,1423665,471505,
000012.SZ,000012,20251209,93021180,1423677,0,0,S,47000,1000,1423665,702823,
000012.SZ,000012,20251209,93021180,1423678,0,0,S,47000,1000,1423665,804758,
000012.SZ,000012,20251209,93021180,1423679,0,0,S,47000,100,1423665,846484,
000012.SZ,000012,20251209,93021180,1423680,0,0,S,47000,22300,1423665,854334,
000012.SZ,000012,20251209,93021180,1423681,0,0,S,47000,100,1423665,859211,
000012.SZ,000012,20251209,93021180,1423682,0,0,S,47000,2000,1423665,861381,
000012.SZ,000012,20251209,93021180,1423683,0,0,S,47000,100,1423665,863181,
000012.SZ,000012,20251209,93021180,1423684,0,0,S,47000,2500,1423665,863538,
000012.SZ,000012,20251209,93021180,1423685,0,0,S,47000,100,1423665,864218,
000012.SZ,000012,20251209,93021180,1423686,0,0,S,47000,2000,1423665,888660,
000012.SZ,000012,20251209,93021180,1423687,0,0,S,47000,1000,1423665,985715,
000012.SZ,000012,20251209,93021180,1423688,0,0,S,47000,600,1423665,1002194,
000012.SZ,000012,20251209,93021190,1423690,0,0,S,47000,400,1423689,1002194,
000012.SZ,000012,20251209,93021190,1423691,0,0,S,47000,1100,1423689,1003199,
000012.SZ,000012,20251209,93021190,1423692,0,0,S,47000,100,1423689,1015915,
000012.SZ,000012,20251209,93021190,1423693,0,0,S,47000,200,1423689,1089369,
000012.SZ,000012,20251209,93021190,1423694,0,0,S,47000,900,1423689,1128347,
000012.SZ,000012,20251209,93021190,1423695,0,0,S,47000,1600,1423689,1128348,
000012.SZ,000012,20251209,93021190,1423696,0,0,S,47000,3000,1423689,1133195,
000012.SZ,000012,20251209,93021190,1423697,0,0,S,47000,400,1423689,1163825,
000012.SZ,000012,20251209,93021190,1423698,0,0,S,47000,800,1423689,1164265,
000012.SZ,000012,20251209,93021190,1423699,0,0,S,47000,100,1423689,1201627,
000012.SZ,000012,20251209,93021190,1423700,0,0,S,47000,100,1423689,1248260,
000012.SZ,000012,20251209,93021190,1423701,0,0,S,47000,100,1423689,1264811,
000012.SZ,000012,20251209,93021190,1423702,0,0,S,47000,200,1423689,1271975,
000012.SZ,000012,20251209,93021190,1423703,0,0,S,47000,500,1423689,1281956,
000012.SZ,000012,20251209,93021190,1423704,0,0,S,47000,1200,1423689,1330869,
000012.SZ,000012,20251209,93021190,1423705,0,0,S,47000,200,1423689,1386135,
000012.SZ,000012,20251209,93021190,1423706,0,0,S,47000,100,1423689,1405657,
000012.SZ,000012,20251209,93021190,1423707,0,0,S,47000,100,1423689,1412695,
000012.SZ,000012,20251209,93021190,1423708,0,0,S,47000,5000,1423689,1423574,
000012.SZ,000012,20251209,93021190,1423709,0,0,S,46900,1500,1423689,65058,
000012.SZ,000012,20251209,93021190,1423710,0,0,S,46900,5000,1423689,89460,
000012.SZ,000012,20251209,93021190,1423711,0,0,S,46900,1000,1423689,191450,
000012.SZ,000012,20251209,93021190,1423712,0,0,S,46900,1000,1423689,201398,
000012.SZ,000012,20251209,93021190,1423713,0,0,S,46900,10000,1423689,282309,
000012.SZ,000012,20251209,93021190,1423714,0,0,S,46900,3000,1423689,287342,
000012.SZ,000012,20251209,93021190,1423715,0,0,S,46900,2200,1423689,289046,
000012.SZ,000012,20251209,93021190,1423716,0,0,S,46900,2000,1423689,406730,
000012.SZ,000012,20251209,93021190,1423717,0,0,S,46900,5000,1423689,421539,
000012.SZ,000012,20251209,93021190,1423718,0,0,S,46900,4000,1423689,435869,
000012.SZ,000012,20251209,93021190,1423719,0,0,S,46900,1400,1423689,457006,
000012.SZ,000012,20251209,93021190,1423720,0,0,S,46900,1000,1423689,518072,
000012.SZ,000012,20251209,93021190,1423721,0,0,S,46900,1300,1423689,525233,
000012.SZ,000012,20251209,93021190,1423722,0,0,S,46900,3100,1423689,661968,
000012.SZ,000012,20251209,93021220,1424309,C,0, ,0,1900,1241392,0,
000012.SZ,000012,20251209,93021270,1426262,C,0, ,0,1200,1191601,0,
000012.SZ,000012,20251209,93021270,1426272,C,0, ,0,1100,1088328,0,
000012.SZ,000012,20251209,93021270,1426277,C,0, ,0,1400,1089575,0,
000012.SZ,000012,20251209,93021630,1433854,C,0, ,0,300,294648,0,
000012.SZ,000012,20251209,93021640,1434016,C,0, ,0,3000,287341,0,
000012.SZ,000012,20251209,93022030,1440110,0,0,B,47000,300,1423729,1440109,
000012.SZ,000012,20251209,93022030,1440111,0,0,B,47000,100,1423752,1440109,
000012.SZ,000012,20251209,93022030,1440112,0,0,B,47000,100,1423781,1440109,
000012.SZ,000012,20251209,93022030,1440113,0,0,B,47000,100,1423830,1440109,
000012.SZ,000012,20251209,93022030,1440114,0,0,B,47000,1400,1424541,1440109,
000012.SZ,000012,20251209,93022320,1445557,C,0, ,0,49000,1424541,0,
000012.SZ,000012,20251209,93022450,1447793,C,0, ,0,2100,1240949,0,
000012.SZ,000012,20251209,93024160,1467896,C,0, ,0,700,1288495,0,
000012.SZ,000012,20251209,93024160,1467910,C,0, ,0,700,1288506,0,
000012.SZ,000012,20251209,93024230,1469566,0,0,B,47000,300,1424884,1469565,
000012.SZ,000012,20251209,93024230,1469567,0,0,B,47000,100,1447366,1469565,
000012.SZ,000012,20251209,93024230,1469569,0,0,B,47000,100,1448168,1469568,
000012.SZ,000012,20251209,93024230,1469613,0,0,B,47000,100,1453458,1469612,
000012.SZ,000012,20251209,93024230,1469614,0,0,B,47100,300,1099210,1469612,
000012.SZ,000012,20251209,93024230,1469621,0,0,B,47100,100,1099210,1469620,
000012.SZ,000012,20251209,93024230,1469693,0,0,B,47100,100,1099210,1469692,
000012.SZ,000012,20251209,93024240,1469922,0,0,B,47100,100,1099210,1469921,
000012.SZ,000012,20251209,93024240,1470081,0,0,B,47100,100,1099210,1470080,
000012.SZ,000012,20251209,93024240,1470143,0,0,B,47100,200,1099210,1470142,
000012.SZ,000012,20251209,93024240,1470151,0,0,B,47100,100,1099210,1470150,
000012.SZ,000012,20251209,93024250,1470308,0,0,B,47100,200,1099210,1470307,
000012.SZ,000012,20251209,93024290,1471062,0,0,B,47100,1500,1099210,1471061,
000012.SZ,000012,20251209,93024310,1471532,0,0,B,47100,1500,1099210,1471531,
000012.SZ,000012,20251209,93024310,1471533,0,0,B,47100,100,1102785,1471531,
000012.SZ,000012,20251209,93024310,1471534,0,0,B,47100,1000,1112667,1471531,
000012.SZ,000012,20251209,93024310,1471535,0,0,B,47100,4900,1147367,1471531,
000012.SZ,000012,20251209,93024360,1472114,0,0,B,47100,200,1147367,1472113,
000012.SZ,000012,20251209,93024360,1472115,0,0,B,47100,500,1160699,1472113,
000012.SZ,000012,20251209,93024360,1472116,0,0,B,47100,300,1171885,1472113,
000012.SZ,000012,20251209,93024360,1472117,0,0,B,47100,100,1175141,1472113,
000012.SZ,000012,20251209,93024360,1472118,0,0,B,47100,100,1182917,1472113,
000012.SZ,000012,20251209,93024360,1472119,0,0,B,47100,100,1186032,1472113,
000012.SZ,000012,20251209,93024360,1472120,0,0,B,47100,700,1206299,1472113,
000012.SZ,000012,20251209,93024360,1472121,0,0,B,47100,200,1206314,1472113,
000012.SZ,000012,20251209,93024370,1472269,0,0,B,47100,500,1206314,1472268,
000012.SZ,000012,20251209,93024370,1472270,0,0,B,47100,400,1222332,1472268,
000012.SZ,000012,20251209,93024380,1472325,C,0, ,0,200,1384021,0,
000012.SZ,000012,20251209,93024380,1472349,C,0, ,0,3000,1384007,0,
000012.SZ,000012,20251209,93024430,1472905,C,0, ,0,100,1280099,0,
000012.SZ,000012,20251209,93024490,1473417,0,0,S,47000,100,1473416,1473089,
000012.SZ,000012,20251209,93024490,1473418,0,0,S,47000,200,1473416,1473090,
000012.SZ,000012,20251209,93024500,1473829,0,0,S,47000,300,1473828,1473115,
000012.SZ,000012,20251209,93024640,1476626,C,0, ,0,400,1417811,0,
000012.SZ,000012,20251209,93024640,1476627,C,0, ,0,2900,1450586,0,
000012.SZ,000012,20251209,93024770,1479685,C,0, ,0,1400,1452540,0,
000012.SZ,000012,20251209,93024770,1479688,C,0, ,0,100,1452547,0,
000012.SZ,000012,20251209,93025050,1483454,0,0,S,46900,300,1483453,661968,
000012.SZ,000012,20251209,93025130,1484637,C,0, ,0,100,716351,0,
000012.SZ,000012,20251209,93025520,1490656,0,0,S,46900,1600,1490655,661968,
000012.SZ,000012,20251209,93026740,1505055,C,0, ,0,400,1495139,0,
000012.SZ,000012,20251209,93027220,1511434,C,0, ,0,6100,1383633,0,
000012.SZ,000012,20251209,93027220,1511436,C,0, ,0,3900,1333245,0,
000012.SZ,000012,20251209,93027230,1511440,C,0, ,0,5200,1383708,0,
000012.SZ,000012,20251209,93027230,1511456,C,0, ,0,2000,1383711,0,
000012.SZ,000012,20251209,93027230,1511500,C,0, ,0,3400,1383859,0,
000012.SZ,000012,20251209,93027230,1511509,C,0, ,0,2100,1333932,0,
000012.SZ,000012,20251209,93027240,1511653,0,0,B,47000,200,1473828,1511652,
000012.SZ,000012,20251209,93027240,1511654,0,0,B,47000,100,1479082,1511652,
000012.SZ,000012,20251209,93027700,1519621,C,0, ,0,1500,1284391,0,
000012.SZ,000012,20251209,93027730,1519968,0,0,S,46900,1100,1519967,661968,
000012.SZ,000012,20251209,93030300,1557261,C,0, ,0,400,1428100,0,
000012.SZ,000012,20251209,93030300,1557262,C,0, ,0,1900,1428108,0,
000012.SZ,000012,20251209,93030300,1557263,C,0, ,0,200,1428117,0,
000012.SZ,000012,20251209,93030640,1564498,0,0,S,46900,100,1564497,661968,
000012.SZ,000012,20251209,93030650,1564596,0,0,S,46900,100,1564595,661968,
000012.SZ,000012,20251209,93030650,1564703,0,0,S,46900,100,1564702,661968,
000012.SZ,000012,20251209,93031230,1573474,C,0, ,0,800,1553716,0,
000012.SZ,000012,20251209,93033380,1603444,C,0, ,0,100,1540746,0,
000012.SZ,000012,20251209,93035580,1637628,0,0,S,46900,100,1637627,661968,
000012.SZ,000012,20251209,93036850,1659765,0,0,S,46900,200,1659764,661968,
000012.SZ,000012,20251209,93037480,1672166,0,0,S,46900,100,1672165,661968,
000012.SZ,000012,20251209,93037480,1672304,0,0,S,46900,300,1672303,661968,
000012.SZ,000012,20251209,93037510,1672731,0,0,S,46900,100,1672730,661968,
000012.SZ,000012,20251209,93037660,1674840,0,0,S,46900,7100,1674839,661968,
000012.SZ,000012,20251209,93038610,1687939,0,0,S,46900,900,1687938,661968,
000012.SZ,000012,20251209,93039150,1695870,0,0,S,46900,200,1695869,661968,
000012.SZ,000012,20251209,93039260,1698563,C,0, ,0,1200,1428083,0,
000012.SZ,000012,20251209,93040260,1718581,C,0, ,0,200,0,1695880,
000012.SZ,000012,20251209,93040260,1718587,C,0, ,0,200,0,1695876,
000012.SZ,000012,20251209,93043250,1772372,C,0, ,0,200,0,1750016,
000012.SZ,000012,20251209,93043250,1772385,C,0, ,0,200,0,1750023,
000012.SZ,000012,20251209,93043670,1780258,0,0,S,46900,1000,1780257,661968,
000012.SZ,000012,20251209,93043710,1781009,0,0,S,46900,800,1781008,661968,
000012.SZ,000012,20251209,93043790,1782378,0,0,S,46900,500,1782377,661968,
000012.SZ,000012,20251209,93044600,1796046,C,0, ,0,200,1230585,0,
000012.SZ,000012,20251209,93044650,1796819,0,0,B,47000,300,1479082,1796818,
000012.SZ,000012,20251209,93044650,1796820,0,0,B,47000,500,1484641,1796818,
000012.SZ,000012,20251209,93044650,1796821,0,0,B,47000,300,1486209,1796818,
000012.SZ,000012,20251209,93044650,1796822,0,0,B,47000,400,1486210,1796818,
000012.SZ,000012,20251209,93044650,1796823,0,0,B,47000,400,1486213,1796818,
000012.SZ,000012,20251209,93044650,1796824,0,0,B,47000,300,1486214,1796818,
000012.SZ,000012,20251209,93045150,1805211,0,0,S,46900,1500,1805210,661968,
000012.SZ,000012,20251209,93045380,1809276,C,0, ,0,600,0,1526061,
000012.SZ,000012,20251209,93045510,1811611,C,0, ,0,100,1292250,0,
000012.SZ,000012,20251209,93046750,1831803,0,0,B,47000,100,1486214,1831802,
000012.SZ,000012,20251209,93046750,1831804,0,0,B,47000,300,1486220,1831802,
000012.SZ,000012,20251209,93046750,1831805,0,0,B,47000,300,1486233,1831802,
000012.SZ,000012,20251209,93046750,1831806,0,0,B,47000,600,1486237,1831802,
000012.SZ,000012,20251209,93051150,1890633,0,0,B,47000,100,1486237,1890632,
000012.SZ,000012,20251209,93051150,1890634,0,0,B,47000,200,1486238,1890632,
000012.SZ,000012,20251209,93051330,1893237,C,0, ,0,2000,0,1747730,
000012.SZ,000012,20251209,93055910,1956068,C,0, ,0,5000,1427715,0,
000012.SZ,000012,20251209,93057410,1975336,C,0, ,0,100,1504774,0,
000012.SZ,000012,20251209,93102700,2058212,0,0,B,47000,100,1486238,2058211,
000012.SZ,000012,20251209,93103340,2069314,0,0,B,47000,100,1486238,2069313,
000012.SZ,000012,20251209,93104310,2086446,0,0,B,47000,100,1486239,2086445,
000012.SZ,000012,20251209,93104320,2086470,0,0,B,47000,100,1486239,2086469,
000012.SZ,000012,20251209,93104320,2086657,0,0,B,47000,100,1486239,2086656,
000012.SZ,000012,20251209,93105210,2100996,0,0,S,46900,800,2100995,661968,
000012.SZ,000012,20251209,93105210,2100997,0,0,S,46900,2600,2100995,677778,
000012.SZ,000012,20251209,93105210,2100998,0,0,S,46900,1600,2100995,696457,
000012.SZ,000012,20251209,93107220,2134814,0,0,B,47000,1400,1486239,2134813,
000012.SZ,000012,20251209,93107220,2134815,0,0,B,47000,700,1486244,2134813,
000012.SZ,000012,20251209,93107220,2134816,0,0,B,47000,900,1486410,2134813,
000012.SZ,000012,20251209,93107290,2135842,0,0,B,47000,100,1486410,2135841,
000012.SZ,000012,20251209,93107290,2135843,0,0,B,47000,100,1486648,2135841,
000012.SZ,000012,20251209,93107290,2135844,0,0,B,47000,1000,1486649,2135841,
000012.SZ,000012,20251209,93107290,2135845,0,0,B,47000,1000,1486650,2135841,
000012.SZ,000012,20251209,93107290,2135846,0,0,B,47000,400,1486657,2135841,
000012.SZ,000012,20251209,93107290,2135847,0,0,B,47000,700,1488512,2135841,
000012.SZ,000012,20251209,93107290,2135848,0,0,B,47000,300,1488518,2135841,
000012.SZ,000012,20251209,93107290,2135849,0,0,B,47000,1800,1488542,2135841,
000012.SZ,000012,20251209,93107290,2135850,0,0,B,47000,300,1488543,2135841,
000012.SZ,000012,20251209,93107290,2135851,0,0,B,47000,500,1488555,2135841,
000012.SZ,000012,20251209,93107290,2135852,0,0,B,47000,300,1488646,2135841,
000012.SZ,000012,20251209,93107290,2135853,0,0,B,47000,300,1488680,2135841,
000012.SZ,000012,20251209,93107290,2135854,0,0,B,47000,100,1490858,2135841,
000012.SZ,000012,20251209,93107290,2135855,0,0,B,47000,100,1498547,2135841,
000012.SZ,000012,20251209,93107290,2135856,0,0,B,47000,100,1498658,2135841,
000012.SZ,000012,20251209,93107290,2135857,0,0,B,47000,500,1498738,2135841,
000012.SZ,000012,20251209,93107290,2135858,0,0,B,47000,100,1498813,2135841,
000012.SZ,000012,20251209,93107290,2135859,0,0,B,47000,100,1499092,2135841,
000012.SZ,000012,20251209,93107290,2135860,0,0,B,47000,200,1503305,2135841,
000012.SZ,000012,20251209,93107290,2135861,0,0,B,47000,1000,1509553,2135841,
000012.SZ,000012,20251209,93109160,2163720,0,0,B,47000,1500,1509597,2163719,
000012.SZ,000012,20251209,93109160,2163721,0,0,B,47000,900,1513336,2163719,
000012.SZ,000012,20251209,93109160,2163723,0,0,B,47000,500,1513336,2163722,
000012.SZ,000012,20251209,93109160,2163725,0,0,B,47000,400,1513336,2163724,
000012.SZ,000012,20251209,93109160,2163727,0,0,B,47000,200,1513336,2163726,
000012.SZ,000012,20251209,93109160,2163729,0,0,B,47000,500,1513336,2163728,
000012.SZ,000012,20251209,93109160,2163735,0,0,B,47000,700,1513336,2163734,
000012.SZ,000012,20251209,93109160,2163737,0,0,B,47000,400,1513336,2163736,
000012.SZ,000012,20251209,93109160,2163740,0,0,B,47000,300,1513336,2163739,
000012.SZ,000012,20251209,93109160,2163748,0,0,B,47000,300,1513337,2163747,
000012.SZ,000012,20251209,93110810,2189128,0,0,S,46900,500,2189127,696457,
000012.SZ,000012,20251209,93110870,2189928,C,0, ,0,500,0,2077573,
000012.SZ,000012,20251209,93111140,2193275,0,0,S,46900,200,2193274,696457,
000012.SZ,000012,20251209,93111240,2194636,0,0,S,46900,100,2194635,696457,
000012.SZ,000012,20251209,93111290,2195329,C,0, ,0,7300,0,705193,
000012.SZ,000012,20251209,93111680,2199665,0,0,B,47000,100,1513337,2199664,
000012.SZ,000012,20251209,93113400,2224318,C,0, ,0,100,1222934,0,
000012.SZ,000012,20251209,93114500,2238676,0,0,B,47000,1300,1513337,2238675,
000012.SZ,000012,20251209,93114520,2238977,C,0, ,0,5900,2192110,0,
000012.SZ,000012,20251209,93115230,2246755,0,0,B,47000,400,1513337,2246754,
000012.SZ,000012,20251209,93115230,2246758,0,0,B,47000,200,1513337,2246757,
000012.SZ,000012,20251209,93115230,2246761,0,0,B,47000,200,1513337,2246760,
000012.SZ,000012,20251209,93116770,2268854,0,0,B,47000,1000,1513337,2268853,
000012.SZ,000012,20251209,93116790,2269088,0,0,S,46900,200,2269087,696457,
000012.SZ,000012,20251209,93118100,2283936,0,0,B,47000,100,1513337,2283935,
000012.SZ,000012,20251209,93118160,2284652,0,0,S,46900,1800,2284651,696457,
000012.SZ,000012,20251209,93118160,2284655,0,0,B,47000,200,1513337,2284654,
000012.SZ,000012,20251209,93118200,2285006,C,0, ,0,100,1530687,0,
000012.SZ,000012,20251209,93118620,2291291,C,0, ,0,400,361854,0,
000012.SZ,000012,20251209,93120210,2310974,C,0, ,0,400,1547393,0,
000012.SZ,000012,20251209,93120220,2311159,C,0, ,0,100,1544468,0,
000012.SZ,000012,20251209,93121300,2323280,0,0,B,47000,400,1513337,2323279,
000012.SZ,000012,20251209,93121300,2323282,0,0,B,47000,100,1513337,2323281,
000012.SZ,000012,20251209,93121300,2323283,0,0,B,47000,200,1513340,2323281,
000012.SZ,000012,20251209,93121300,2323285,0,0,B,47000,300,1513340,2323284,
000012.SZ,000012,20251209,93124160,2356832,0,0,B,47000,100,1513340,2356831,
000012.SZ,000012,20251209,93126250,2382274,0,0,B,47000,1200,1513340,2382273,
000012.SZ,000012,20251209,93126250,2382275,0,0,B,47000,600,1513357,2382273,
000012.SZ,000012,20251209,93127150,2392338,0,0,B,47000,100,1513357,2392337,
000012.SZ,000012,20251209,93127150,2392340,0,0,B,47000,100,1513357,2392339,
000012.SZ,000012,20251209,93127150,2392342,0,0,B,47000,100,1513357,2392341,
000012.SZ,000012,20251209,93127150,2392348,0,0,B,47000,100,1513357,2392347,
000012.SZ,000012,20251209,93127150,2392350,0,0,B,47000,100,1513357,2392349,
000012.SZ,000012,20251209,93129400,2418970,C,0, ,0,100,1544203,0,
000012.SZ,000012,20251209,93132420,2456129,C,0, ,0,100,1590283,0,
000012.SZ,000012,20251209,93133150,2464017,0,0,S,46900,700,2464016,696457,
000012.SZ,000012,20251209,93133150,2464125,0,0,S,46900,300,2464124,696457,
000012.SZ,000012,20251209,93138700,2531229,C,0, ,0,36800,844329,0,
000012.SZ,000012,20251209,93138970,2533758,0,0,S,46900,3000,2533757,696457,
000012.SZ,000012,20251209,93139900,2545564,0,0,S,46900,1000,2545563,696457,
000012.SZ,000012,20251209,93141660,2565496,0,0,S,46900,400,2565495,696457,
000012.SZ,000012,20251209,93142020,2569210,0,0,S,46900,800,2569209,696457,
000012.SZ,000012,20251209,93142020,2569219,0,0,S,46900,2700,2569218,696457,
000012.SZ,000012,20251209,93142200,2571373,0,0,S,46900,500,2571372,696457,
000012.SZ,000012,20251209,93142700,2578380,0,0,S,46900,400,2578379,696457,
000012.SZ,000012,20251209,93143280,2585786,0,0,S,46900,200,2585785,696457,
000012.SZ,000012,20251209,93143670,2591347,0,0,S,46900,1500,2591346,696457,
000012.SZ,000012,20251209,93144010,2595321,0,0,S,46900,2100,2595320,696457,
000012.SZ,000012,20251209,93144270,2598449,0,0,S,46900,100,2598448,696457,
000012.SZ,000012,20251209,93144350,2599490,0,0,S,46900,200,2599489,696457,
000012.SZ,000012,20251209,93146450,2625111,0,0,B,47000,1100,1513357,2625110,
000012.SZ,000012,20251209,93148090,2642706,0,0,B,47000,100,1513357,2642705,
000012.SZ,000012,20251209,93148460,2647041,0,0,S,46900,1700,2647040,696457,
000012.SZ,000012,20251209,93148460,2647042,0,0,S,46900,2000,2647040,868510,
000012.SZ,000012,20251209,93148460,2647043,0,0,S,46900,8200,2647040,884420,
000012.SZ,000012,20251209,93150230,2667609,0,0,S,46900,1100,2667608,884420,
000012.SZ,000012,20251209,93150230,2667610,0,0,S,46900,1900,2667608,1038072,
000012.SZ,000012,20251209,93150240,2667770,0,0,S,46900,100,2667769,1038072,
000012.SZ,000012,20251209,93150250,2667839,C,0, ,0,100,1544589,0,
000012.SZ,000012,20251209,93150250,2667853,C,0, ,0,100,1547942,0,
000012.SZ,000012,20251209,93150260,2667959,C,0, ,0,100,1544456,0,
000012.SZ,000012,20251209,93150270,2668025,C,0, ,0,100,1547572,0,
000012.SZ,000012,20251209,93150270,2668028,0,0,S,46900,100,2668027,1080357,
000012.SZ,000012,20251209,93150520,2670840,C,0, ,0,300,0,2430594,
000012.SZ,000012,20251209,93151330,2679561,0,0,S,46900,100,2679560,1080357,
000012.SZ,000012,20251209,93151330,2679567,0,0,S,46900,100,2679566,1080357,
000012.SZ,000012,20251209,93151330,2679591,0,0,S,46900,100,2679590,1080357,
000012.SZ,000012,20251209,93152330,2691943,0,0,S,46900,100,2691942,1080357,
000012.SZ,000012,20251209,93152330,2691983,0,0,S,46900,100,2691982,1080357,
000012.SZ,000012,20251209,93152330,2691992,0,0,S,46900,100,2691991,1080357,
000012.SZ,000012,20251209,93152420,2693435,0,0,S,46900,1300,2693434,1080357,
000012.SZ,000012,20251209,93152420,2693436,0,0,S,46900,900,2693434,1158749,
000012.SZ,000012,20251209,93153500,2705409,0,0,S,46900,1800,2705408,1158749,
000012.SZ,000012,20251209,93154150,2711572,0,0,S,46900,300,2711571,1158749,
000012.SZ,000012,20251209,93154150,2711573,0,0,S,46900,900,2711571,1453500,
000012.SZ,000012,20251209,93155560,2729587,0,0,S,46900,1000,2729586,1453500,
000012.SZ,000012,20251209,93155890,2733737,0,0,B,47000,300,1513357,2733736,
000012.SZ,000012,20251209,93200310,2784607,0,0,B,47000,400,1513357,2784606,
000012.SZ,000012,20251209,93200340,2785018,0,0,S,46900,100,2785017,1453500,
000012.SZ,000012,20251209,93202880,2817732,0,0,B,47000,1000,1513357,2817731,
000012.SZ,000012,20251209,93203750,2828629,0,0,B,47000,1200,1513357,2828628,
000012.SZ,000012,20251209,93203750,2828630,0,0,B,47000,2000,1513359,2828628,
000012.SZ,000012,20251209,93203750,2828631,0,0,B,47000,3400,1513399,2828628,
000012.SZ,000012,20251209,93203750,2828632,0,0,B,47000,2100,1513500,2828628,
000012.SZ,000012,20251209,93203750,2828633,0,0,B,47000,100,1544283,2828628,
000012.SZ,000012,20251209,93203750,2828634,0,0,B,47000,100,1550196,2828628,
000012.SZ,000012,20251209,93203750,2828635,0,0,B,47000,2000,1560139,2828628,
000012.SZ,000012,20251209,93203750,2828636,0,0,B,47000,200,1560144,2828628,
000012.SZ,000012,20251209,93203750,2828637,0,0,B,47000,300,1560151,2828628,
000012.SZ,000012,20251209,93203750,2828638,0,0,B,47000,600,1564247,2828628,
000012.SZ,000012,20251209,93203750,2828639,0,0,B,47000,100,1573460,2828628,
000012.SZ,000012,20251209,93203750,2828640,0,0,B,47000,4000,1589902,2828628,
000012.SZ,000012,20251209,93203750,2828641,0,0,B,47000,400,1592538,2828628,
000012.SZ,000012,20251209,93203750,2828642,0,0,B,47000,100,1604508,2828628,
000012.SZ,000012,20251209,93203750,2828643,0,0,B,47000,300,1608405,2828628,
000012.SZ,000012,20251209,93203750,2828644,0,0,B,47000,2200,1608406,2828628,
000012.SZ,000012,20251209,93205410,2848926,0,0,S,46900,100,2848925,1453500,
000012.SZ,000012,20251209,93205410,2848932,0,0,S,46900,200,2848931,1453500,
000012.SZ,000012,20251209,93205410,2848956,0,0,S,46900,100,2848955,1453500,
000012.SZ,000012,20251209,93205420,2848977,0,0,S,46900,100,2848976,1453500,
000012.SZ,000012,20251209,93205420,2848986,0,0,S,46900,200,2848985,1453500,
000012.SZ,000012,20251209,93205420,2849003,0,0,S,46900,100,2849002,1453500,
000012.SZ,000012,20251209,93205420,2849007,0,0,S,46900,100,2849006,1453500,
000012.SZ,000012,20251209,93205420,2849011,0,0,S,46900,200,2849010,1453500,
000012.SZ,000012,20251209,93205420,2849036,0,0,S,46900,100,2849035,1453500,
000012.SZ,000012,20251209,93205420,2849060,0,0,S,46900,100,2849059,1453500,
000012.SZ,000012,20251209,93205430,2849128,0,0,S,46900,400,2849127,1453500,
000012.SZ,000012,20251209,93205430,2849165,0,0,S,46900,100,2849164,1453500,
000012.SZ,000012,20251209,93205430,2849174,0,0,S,46900,200,2849173,1453500,
000012.SZ,000012,20251209,93210700,2907871,C,0, ,0,56300,448528,0,
000012.SZ,000012,20251209,93212340,2924050,C,0, ,0,200,0,2882857,
000012.SZ,000012,20251209,93215160,2962497,0,0,S,46900,900,2962496,1453500,
000012.SZ,000012,20251209,93215530,2967861,0,0,S,46900,1800,2967860,1453500,
000012.SZ,000012,20251209,93216330,2978418,0,0,S,46900,1800,2978417,1453500,
000012.SZ,000012,20251209,93218120,2999615,0,0,B,47000,100,1608406,2999614,
000012.SZ,000012,20251209,93219620,3018958,C,0, ,0,100,1504772,0,
000012.SZ,000012,20251209,93221140,3032901,C,0, ,0,6400,155226,0,
000012.SZ,000012,20251209,93229300,3111702,C,0, ,0,100,2358646,0,
000012.SZ,000012,20251209,93234420,3161286,0,0,B,47000,600,1608406,3161285,
000012.SZ,000012,20251209,93234420,3161287,0,0,B,47000,1400,1610590,3161285,
000012.SZ,000012,20251209,93234420,3161288,0,0,B,47000,1000,1611658,3161285,
000012.SZ,000012,20251209,93234420,3161289,0,0,B,47000,100,1611659,3161285,
000012.SZ,000012,20251209,93234420,3161290,0,0,B,47000,100,1613242,3161285,
000012.SZ,000012,20251209,93234420,3161291,0,0,B,47000,1400,1613317,3161285,
000012.SZ,000012,20251209,93234420,3161292,0,0,B,47000,600,1613332,3161285,
000012.SZ,000012,20251209,93234420,3161293,0,0,B,47000,3700,1614620,3161285,
000012.SZ,000012,20251209,93234420,3161294,0,0,B,47000,100,1615073,3161285,
000012.SZ,000012,20251209,93234420,3161295,0,0,B,47000,100,1615424,3161285,
000012.SZ,000012,20251209,93234420,3161296,0,0,B,47000,100,1615436,3161285,
000012.SZ,000012,20251209,93234420,3161297,0,0,B,47000,200,1620042,3161285,
000012.SZ,000012,20251209,93234420,3161298,0,0,B,47000,400,1622654,3161285,
000012.SZ,000012,20251209,93234420,3161299,0,0,B,47000,200,1622657,3161285,
000012.SZ,000012,20251209,93234480,3161873,0,0,B,47000,100,1622657,3161872,
000012.SZ,000012,20251209,93236080,3176290,C,0, ,0,1700,2872148,0,
000012.SZ,000012,20251209,93236350,3178873,C,0, ,0,1100,0,38200,
000012.SZ,000012,20251209,93240460,3219556,C,0, ,0,800,283119,0,
000012.SZ,000012,20251209,93241590,3231190,C,0, ,0,5900,2582739,0,
000012.SZ,000012,20251209,93243950,3252600,C,0, ,0,200,0,2594598,
000012.SZ,000012,20251209,93244880,3260772,C,0, ,0,300,0,3150845,
000012.SZ,000012,20251209,93244950,3261450,0,0,B,47000,100,1658878,3261449,
000012.SZ,000012,20251209,93244950,3261451,0,0,B,47000,100,1669684,3261449,
000012.SZ,000012,20251209,93246430,3276063,0,0,S,46900,11500,3276062,1453500,
000012.SZ,000012,20251209,93246430,3276064,0,0,S,46900,100,3276062,1496789,
000012.SZ,000012,20251209,93246430,3276065,0,0,S,46900,400,3276062,1500405,
000012.SZ,000012,20251209,93246430,3276066,0,0,S,46900,2000,3276062,1585183,
000012.SZ,000012,20251209,93246430,3276067,0,0,S,46900,100,3276062,1663281,
000012.SZ,000012,20251209,93246430,3276068,0,0,S,46900,100,3276062,1672554,
000012.SZ,000012,20251209,93246430,3276069,0,0,S,46900,200,3276062,1689735,
000012.SZ,000012,20251209,93246430,3276070,0,0,S,46900,600,3276062,1756809,
000012.SZ,000012,20251209,93246690,3278513,0,0,B,47000,500,1669684,3278512,
000012.SZ,000012,20251209,93248120,3290285,0,0,B,47000,100,1669684,3290284,
000012.SZ,000012,20251209,93248430,3293520,0,0,S,46900,100,3293519,1756809,
000012.SZ,000012,20251209,93248700,3296363,0,0,B,47000,300,1669684,3296362,
000012.SZ,000012,20251209,93249300,3302329,0,0,S,46900,100,3302328,1756809,
000012.SZ,000012,20251209,93249640,3305938,C,0, ,0,100,2375499,0,
000012.SZ,000012,20251209,93250630,3314628,0,0,S,46900,100,3314627,1756809,
000012.SZ,000012,20251209,93251210,3319460,0,0,B,47000,200,1669684,3319459,
000012.SZ,000012,20251209,93251210,3319461,0,0,B,47000,900,1669808,3319459,
000012.SZ,000012,20251209,93254340,3348160,C,0, ,0,6000,2904181,0,
000012.SZ,000012,20251209,93259770,3397791,0,0,B,47000,300,1669808,3397790,
000012.SZ,000012,20251209,93259770,3397792,0,0,B,47000,1200,1670968,3397790,
000012.SZ,000012,20251209,93259770,3397793,0,0,B,47000,300,1672195,3397790,
000012.SZ,000012,20251209,93259770,3397833,C,0, ,0,600,3319492,0,
000012.SZ,000012,20251209,93300290,3402968,0,0,S,46900,200,3402967,1756809,
000012.SZ,000012,20251209,93302310,3424588,0,0,B,47000,100,1672195,3424587,
000012.SZ,000012,20251209,93311760,3517933,0,0,B,47000,1300,1672195,3517932,
000012.SZ,000012,20251209,93311760,3517934,0,0,B,47000,200,1675454,3517932,
000012.SZ,000012,20251209,93312900,3530331,0,0,B,47000,100,1675454,3530330,
000012.SZ,000012,20251209,93313190,3533369,0,0,S,46900,300,3533368,1756809,
000012.SZ,000012,20251209,93315510,3555295,C,0, ,0,200,0,1809516,
000012.SZ,000012,20251209,93318030,3579416,C,0, ,0,100,0,3292891,
000012.SZ,000012,20251209,93318080,3579810,0,0,B,47000,200,1675454,3579809,
000012.SZ,000012,20251209,93318430,3582796,C,0, ,0,300,3554180,0,
000012.SZ,000012,20251209,93319380,3592803,0,0,B,47000,1700,1675454,3592802,
000012.SZ,000012,20251209,93319380,3592804,0,0,B,47000,100,1701069,3592802,
000012.SZ,000012,20251209,93320730,3604964,0,0,B,47000,300,1701069,3604963,
000012.SZ,000012,20251209,93321330,3609917,0,0,S,46900,100,3609916,1756809,
000012.SZ,000012,20251209,93322210,3619623,0,0,S,46900,400,3619622,1756809,
000012.SZ,000012,20251209,93322510,3622698,C,0, ,0,200,3525833,0,
000012.SZ,000012,20251209,93330920,3692837,0,0,S,46900,400,3692836,1756809,
000012.SZ,000012,20251209,93330920,3692838,0,0,S,46900,700,3692836,1796346,
000012.SZ,000012,20251209,93330920,3692839,0,0,S,46900,700,3692836,1837055,
000012.SZ,000012,20251209,93333120,3711180,C,0, ,0,100,3183865,0,
000012.SZ,000012,20251209,93333120,3711337,0,0,B,47000,800,1701069,3711336,
000012.SZ,000012,20251209,93333120,3711338,0,0,B,47000,1500,1715540,3711336,
000012.SZ,000012,20251209,93333120,3711339,0,0,B,47000,100,1716970,3711336,
000012.SZ,000012,20251209,93333120,3711340,0,0,B,47000,600,1719372,3711336,
000012.SZ,000012,20251209,93333290,3712831,0,0,S,46900,100,3712830,1837055,
000012.SZ,000012,20251209,93333970,3719026,0,0,B,47000,300,1719372,3719025,
000012.SZ,000012,20251209,93334220,3721129,0,0,S,46900,900,3721128,1837055,
000012.SZ,000012,20251209,93335040,3728361,C,0, ,0,100,1367879,0,
000012.SZ,000012,20251209,93337170,3746681,0,0,S,46900,100,3746680,1837055,
000012.SZ,000012,20251209,93338460,3757708,0,0,S,46900,1800,3757707,1837055,
000012.SZ,000012,20251209,93339790,3768744,C,0, ,0,700,3692693,0,
000012.SZ,000012,20251209,93340170,3772438,0,0,S,46900,300,3772437,1837055,
000012.SZ,000012,20251209,93340380,3774815,C,0, ,0,3000,0,2849465,
000012.SZ,000012,20251209,93341680,3787412,0,0,S,46900,700,3787411,1837055,
000012.SZ,000012,20251209,93343180,3801625,0,0,S,46900,100,3801624,1837055,
000012.SZ,000012,20251209,93343240,3802315,0,0,S,46900,1700,3802314,1837055,
000012.SZ,000012,20251209,93343240,3802316,0,0,S,46900,400,3802314,1843921,
000012.SZ,000012,20251209,93343240,3802317,0,0,S,46900,100,3802314,1847467,
000012.SZ,000012,20251209,93343390,3804207,0,0,S,46900,100,3804206,1847467,
000012.SZ,000012,20251209,93343390,3804208,0,0,S,46900,200,3804206,1869846,
000012.SZ,000012,20251209,93343390,3804209,0,0,S,46900,1500,3804206,1873119,
000012.SZ,000012,20251209,93345550,3823372,0,0,B,47000,300,1719372,3823371,
000012.SZ,000012,20251209,93345550,3823373,0,0,B,47000,1200,1720660,3823371,
000012.SZ,000012,20251209,93345550,3823374,0,0,B,47000,200,1720748,3823371,
000012.SZ,000012,20251209,93346220,3830073,0,0,S,46900,700,3830072,1873119,
000012.SZ,000012,20251209,93347380,3841052,0,0,S,46900,3600,3841051,1873119,
000012.SZ,000012,20251209,93348270,3848679,0,0,B,47000,100,1720748,3848678,
000012.SZ,000012,20251209,93348870,3854368,0,0,B,47000,900,1720748,3854367,
000012.SZ,000012,20251209,93349180,3857142,0,0,S,46900,900,3857141,1873119,
000012.SZ,000012,20251209,93349850,3863593,C,0, ,0,100,0,3737390,
000012.SZ,000012,20251209,93350160,3866141,0,0,B,47000,100,1722368,3866140,
000012.SZ,000012,20251209,93350160,3866142,0,0,B,47000,1100,1722463,3866140,
000012.SZ,000012,20251209,93350160,3866143,0,0,B,47000,1100,1723285,3866140,
000012.SZ,000012,20251209,93350160,3866144,0,0,B,47000,400,1726860,3866140,
000012.SZ,000012,20251209,93350160,3866145,0,0,B,47000,100,1727227,3866140,
000012.SZ,000012,20251209,93350160,3866146,0,0,B,47000,3000,1730815,3866140,
000012.SZ,000012,20251209,93350160,3866147,0,0,B,47000,100,1739868,3866140,
000012.SZ,000012,20251209,93350160,3866148,0,0,B,47000,2100,1740984,3866140,
000012.SZ,000012,20251209,93350160,3866149,0,0,B,47000,400,1742080,3866140,
000012.SZ,000012,20251209,93351970,3881764,0,0,B,47000,100,1742080,3881763,
000012.SZ,000012,20251209,93352180,3883819,0,0,S,46900,1700,3883818,1873119,
000012.SZ,000012,20251209,93352240,3884457,0,0,B,47000,700,1742080,3884456,
000012.SZ,000012,20251209,93352240,3884458,0,0,B,47000,300,1747083,3884456,
000012.SZ,000012,20251209,93354150,3899392,0,0,S,46900,100,3899391,1873119,
000012.SZ,000012,20251209,93354160,3899549,C,0, ,0,1100,3424840,0,
000012.SZ,000012,20251209,93354190,3899850,C,0, ,0,5100,3423605,0,
000012.SZ,000012,20251209,93355190,3909395,0,0,S,46900,200,3909394,1873119,
000012.SZ,000012,20251209,93355530,3912994,0,0,B,47000,300,1747083,3912993,
000012.SZ,000012,20251209,93357190,3925508,0,0,S,46900,1100,3925507,1873119,
000012.SZ,000012,20251209,93357200,3925553,0,0,S,46900,200,3925552,1873119,
000012.SZ,000012,20251209,93357200,3925554,0,0,S,46900,400,3925552,1889856,
000012.SZ,000012,20251209,93357200,3925555,0,0,S,46900,2000,3925552,1935541,
000012.SZ,000012,20251209,93357200,3925556,0,0,S,46900,1900,3925552,1937564,
000012.SZ,000012,20251209,93358180,3935167,0,0,S,46900,100,3935166,1937564,
000012.SZ,000012,20251209,93359710,3948616,0,0,B,47000,500,1747083,3948615,
000012.SZ,000012,20251209,93359990,3950653,C,0, ,0,20000,936800,0,
000012.SZ,000012,20251209,93400420,3955572,0,0,S,46900,1000,3955571,1937564,
000012.SZ,000012,20251209,93400420,3955573,0,0,S,46900,500,3955571,1937989,
000012.SZ,000012,20251209,93400420,3955574,0,0,S,46900,200,3955571,1950949,
000012.SZ,000012,20251209,93400440,3955971,0,0,S,46900,800,3955970,1950949,
000012.SZ,000012,20251209,93400440,3955972,0,0,S,46900,200,3955970,1978132,
000012.SZ,000012,20251209,93400440,3955973,0,0,S,46900,300,3955970,1984442,
000012.SZ,000012,20251209,93400440,3955974,0,0,S,46900,100,3955970,2006131,
000012.SZ,000012,20251209,93401200,3965360,0,0,S,46900,1100,3965359,2006131,
000012.SZ,000012,20251209,93402590,3978761,C,0, ,0,100,0,3517987,
000012.SZ,000012,20251209,93402600,3978861,C,0, ,0,100,0,3633398,
000012.SZ,000012,20251209,93402650,3979203,C,0, ,0,200,0,3460825,
000012.SZ,000012,20251209,93402680,3979389,C,0, ,0,100,0,3578195,
000012.SZ,000012,20251209,93404170,3992701,0,0,S,46900,500,3992700,2006131,
000012.SZ,000012,20251209,93409270,4036497,0,0,B,47000,100,1747083,4036496,
000012.SZ,000012,20251209,93409570,4039968,0,0,B,47000,100,1747083,4039967,
000012.SZ,000012,20251209,93409570,4039969,0,0,B,47000,100,1747496,4039967,
000012.SZ,000012,20251209,93409570,4039970,0,0,B,47000,300,1751869,4039967,
000012.SZ,000012,20251209,93412080,4062001,0,0,S,46900,300,4062000,2006131,
000012.SZ,000012,20251209,93412080,4062002,0,0,S,46900,300,4062000,2043400,
000012.SZ,000012,20251209,93412080,4062003,0,0,S,46900,1000,4062000,2101181,
000012.SZ,000012,20251209,93412090,4062045,C,0, ,0,4900,0,2101181,
000012.SZ,000012,20251209,93413200,4072134,0,0,S,46900,100,4072133,2118785,
000012.SZ,000012,20251209,93413200,4072135,0,0,S,46900,300,4072133,2134107,
000012.SZ,000012,20251209,93418350,4114345,0,0,S,46900,800,4114344,2134107,
000012.SZ,000012,20251209,93418350,4114346,0,0,S,46900,500,4114344,2134174,
000012.SZ,000012,20251209,93418350,4114347,0,0,S,46900,2200,4114344,2134278,
000012.SZ,000012,20251209,93418350,4114348,0,0,S,46900,700,4114344,2134411,
000012.SZ,000012,20251209,93418350,4114349,0,0,S,46900,200,4114344,2149392,
000012.SZ,000012,20251209,93419010,4119485,0,0,S,46900,100,4119484,2149932,
000012.SZ,000012,20251209,93419010,4119486,0,0,S,46900,100,4119484,2163655,
000012.SZ,000012,20251209,93419010,4119487,0,0,S,46900,100,4119484,2163682,
000012.SZ,000012,20251209,93419010,4119488,0,0,S,46900,100,4119484,2170146,
000012.SZ,000012,20251209,93419010,4119489,0,0,S,46900,500,4119484,2176816,
000012.SZ,000012,20251209,93419010,4119490,0,0,S,46900,100,4119484,2179112,
000012.SZ,000012,20251209,93419010,4119491,0,0,S,46900,100,4119484,2179193,
000012.SZ,000012,20251209,93419010,4119492,0,0,S,46900,500,4119484,2192395,
000012.SZ,000012,20251209,93419010,4119493,0,0,S,46900,100,4119484,2206232,
000012.SZ,000012,20251209,93419010,4119494,0,0,S,46900,100,4119484,2206245,
000012.SZ,000012,20251209,93422170,4144268,0,0,S,46900,100,4144267,2216083,
000012.SZ,000012,20251209,93422170,4144269,0,0,S,46900,200,4144267,2216098,
000012.SZ,000012,20251209,93422170,4144270,0,0,S,46900,700,4144267,2223993,
000012.SZ,000012,20251209,93422210,4144618,C,0, ,0,200,2101014,0,
000012.SZ,000012,20251209,93423360,4153191,0,0,S,46900,100,4153190,2223993,
000012.SZ,000012,20251209,93430630,4207304,C,0, ,0,100,1374426,0,
000012.SZ,000012,20251209,93430640,4207342,C,0, ,0,2300,1272758,0,
000012.SZ,000012,20251209,93431010,4210004,C,0, ,0,100,3556378,0,
000012.SZ,000012,20251209,93431160,4211266,0,0,S,46900,100,4211265,2223993,
000012.SZ,000012,20251209,93431200,4211617,0,0,S,46900,100,4211616,2223993,
000012.SZ,000012,20251209,93432630,4223083,0,0,S,46900,100,4223082,2223993,
000012.SZ,000012,20251209,93432640,4223146,0,0,S,46900,700,4223145,2223993,
000012.SZ,000012,20251209,93432640,4223147,0,0,S,46900,100,4223145,2238815,
000012.SZ,000012,20251209,93432640,4223148,0,0,S,46900,100,4223145,2238831,
000012.SZ,000012,20251209,93432640,4223149,0,0,S,46900,500,4223145,2238895,
000012.SZ,000012,20251209,93432640,4223150,0,0,S,46900,900,4223145,2254880,
000012.SZ,000012,20251209,93432870,4224799,C,0, ,0,200,0,3336437,
000012.SZ,000012,20251209,93433570,4230256,0,0,B,47000,200,1751869,4230255,
000012.SZ,000012,20251209,93433590,4230451,0,0,S,46900,100,4230450,2254880,
000012.SZ,000012,20251209,93433590,4230478,0,0,S,46900,300,4230477,2254880,
000012.SZ,000012,20251209,93434180,4235321,0,0,S,46900,600,4235320,2254880,
000012.SZ,000012,20251209,93434230,4235579,0,0,S,46900,100,4235578,2254880,
000012.SZ,000012,20251209,93434230,4235615,0,0,S,46900,100,4235614,2254880,
000012.SZ,000012,20251209,93434300,4236405,0,0,S,46900,100,4236404,2254880,
000012.SZ,000012,20251209,93434560,4238776,0,0,B,47000,1400,1751869,4238775,
000012.SZ,000012,20251209,93434560,4238777,0,0,B,47000,200,1762556,4238775,
000012.SZ,000012,20251209,93434560,4238778,0,0,B,47000,500,1763086,4238775,
000012.SZ,000012,20251209,93434560,4238779,0,0,B,47000,800,1797846,4238775,
000012.SZ,000012,20251209,93434560,4238780,0,0,B,47000,100,1811736,4238775,
000012.SZ,000012,20251209,93434560,4238781,0,0,B,47000,200,1813120,4238775,
000012.SZ,000012,20251209,93434560,4238782,0,0,B,47000,1600,1847271,4238775,
000012.SZ,000012,20251209,93434560,4238783,0,0,B,47000,200,1872883,4238775,
000012.SZ,000012,20251209,93434680,4239670,0,0,S,46900,100,4239669,2254880,
000012.SZ,000012,20251209,93435220,4243475,0,0,S,46900,400,4243474,2254880,
000012.SZ,000012,20251209,93437300,4258622,0,0,S,46900,100,4258621,2254880,
000012.SZ,000012,20251209,93437360,4259224,0,0,S,46900,100,4259223,2254880,
000012.SZ,000012,20251209,93438220,4265408,0,0,S,46900,200,4265407,2254880,
000012.SZ,000012,20251209,93438250,4265673,0,0,S,46900,100,4265672,2254880,
000012.SZ,000012,20251209,93439370,4273619,0,0,S,46900,100,4273618,2254880,
000012.SZ,000012,20251209,93443910,4307570,C,0, ,0,800,0,4245555,
000012.SZ,000012,20251209,93445050,4314680,0,0,S,46900,100,4314679,2254880,
000012.SZ,000012,20251209,93446060,4322699,0,0,S,46900,100,4322698,2254880,
000012.SZ,000012,20251209,93446330,4324692,0,0,S,46900,400,4324691,2254880,
000012.SZ,000012,20251209,93446700,4327652,0,0,S,46900,400,4327651,2254880,
000012.SZ,000012,20251209,93446700,4327663,0,0,S,46900,100,4327662,2254880,
000012.SZ,000012,20251209,93447360,4332151,0,0,S,46900,100,4332150,2254880,
000012.SZ,000012,20251209,93447940,4335704,C,0, ,0,100,0,4150016,
000012.SZ,000012,20251209,93448090,4336706,0,0,B,47000,200,1872883,4336705,
000012.SZ,000012,20251209,93448090,4336707,C,0, ,0,200,0,4133120,
000012.SZ,000012,20251209,93448140,4337248,0,0,S,46900,100,4337247,2254880,
000012.SZ,000012,20251209,93448340,4338858,0,0,S,46900,100,4338857,2254880,
000012.SZ,000012,20251209,93448470,4339916,0,0,S,46900,500,4339915,2254880,
000012.SZ,000012,20251209,93449260,4345739,0,0,S,46900,100,4345738,2254880,
000012.SZ,000012,20251209,93449260,4345758,0,0,S,46900,100,4345757,2254880,
000012.SZ,000012,20251209,93449260,4345767,0,0,S,46900,100,4345766,2254880,
000012.SZ,000012,20251209,93449300,4346288,0,0,S,46900,100,4346287,2254880,
000012.SZ,000012,20251209,93449720,4349603,0,0,S,46900,100,4349602,2254880,
000012.SZ,000012,20251209,93450300,4353457,0,0,S,46900,100,4353456,2254880,
000012.SZ,000012,20251209,93450320,4353611,0,0,S,46900,100,4353610,2254880,
000012.SZ,000012,20251209,93450330,4353690,0,0,S,46900,100,4353689,2254880,
000012.SZ,000012,20251209,93450330,4353695,0,0,S,46900,100,4353694,2254880,
000012.SZ,000012,20251209,93450340,4353726,0,0,S,46900,300,4353725,2254880,
000012.SZ,000012,20251209,93450370,4353904,0,0,S,46900,100,4353903,2254880,
000012.SZ,000012,20251209,93450390,4354008,0,0,S,46900,100,4354007,2254880,
000012.SZ,000012,20251209,93450390,4354044,0,0,S,46900,100,4354043,2254880,
000012.SZ,000012,20251209,93450400,4354056,0,0,S,46900,100,4354055,2254880,
000012.SZ,000012,20251209,93450770,4356440,0,0,S,46900,300,4356439,2254880,
000012.SZ,000012,20251209,93450770,4356457,0,0,S,46900,100,4356456,2254880,
000012.SZ,000012,20251209,93450770,4356458,0,0,S,46900,100,4356456,2261085,
000012.SZ,000012,20251209,93450770,4356459,0,0,S,46900,100,4356456,2271732,
000012.SZ,000012,20251209,93450770,4356483,0,0,S,46900,300,4356482,2271732,
000012.SZ,000012,20251209,93450770,4356487,0,0,S,46900,100,4356486,2279554,
000012.SZ,000012,20251209,93450770,4356493,0,0,S,46900,200,4356492,2280413,
000012.SZ,000012,20251209,93450770,4356498,0,0,S,46900,200,4356497,2280829,
000012.SZ,000012,20251209,93450770,4356507,0,0,S,46900,200,4356506,2282896,
000012.SZ,000012,20251209,93451160,4359436,C,0, ,0,500,3925610,0,
000012.SZ,000012,20251209,93451160,4359480,0,0,S,46900,100,4359479,2282896,
000012.SZ,000012,20251209,93451350,4361079,0,0,S,46900,100,4361078,2282896,
000012.SZ,000012,20251209,93451350,4361108,0,0,S,46900,100,4361107,2282896,
000012.SZ,000012,20251209,93451390,4361331,0,0,S,46900,100,4361330,2282896,
000012.SZ,000012,20251209,93451400,4361382,0,0,S,46900,100,4361381,2282896,
000012.SZ,000012,20251209,93452330,4368029,0,0,S,46900,400,4368028,2282896,
000012.SZ,000012,20251209,93452370,4368383,0,0,S,46900,100,4368382,2282896,
000012.SZ,000012,20251209,93452380,4368459,0,0,S,46900,100,4368458,2282896,
000012.SZ,000012,20251209,93452380,4368483,0,0,S,46900,100,4368482,2282896,
000012.SZ,000012,20251209,93454220,4381154,0,0,S,46900,500,4381153,2282896,
000012.SZ,000012,20251209,93454420,4382586,0,0,S,46900,300,4382585,2282896,
000012.SZ,000012,20251209,93454470,4382849,C,0, ,0,100,1977188,0,
000012.SZ,000012,20251209,93455190,4388262,0,0,S,46900,100,4388261,2282896,
000012.SZ,000012,20251209,93455210,4388427,0,0,S,46900,100,4388426,2282896,
000012.SZ,000012,20251209,93459840,4422723,0,0,S,46900,300,4422722,2282896,
000012.SZ,000012,20251209,93459870,4422930,C,0, ,0,100,1332756,0,
000012.SZ,000012,20251209,93501200,4436682,0,0,S,46900,200,4436681,2282896,
000012.SZ,000012,20251209,93501220,4436902,0,0,S,46900,100,4436901,2282896,
000012.SZ,000012,20251209,93501220,4436904,0,0,S,46900,100,4436903,2282896,
000012.SZ,000012,20251209,93501220,4436917,0,0,S,46900,200,4436916,2282896,
000012.SZ,000012,20251209,93501220,4436920,0,0,S,46900,100,4436919,2282896,
000012.SZ,000012,20251209,93501220,4436924,0,0,S,46900,100,4436923,2282896,
000012.SZ,000012,20251209,93501240,4437213,0,0,S,46900,100,4437212,2282896,
000012.SZ,000012,20251209,93501900,4444333,0,0,B,47000,3000,1872883,4444332,
000012.SZ,000012,20251209,93502220,4447072,C,0, ,0,300,1504771,0,
000012.SZ,000012,20251209,93502870,4452581,0,0,B,47000,100,1872883,4452580,
000012.SZ,000012,20251209,93503010,4453728,0,0,S,46900,500,4453727,2282896,
000012.SZ,000012,20251209,93505260,4476142,C,0, ,0,2000,0,3031900,
000012.SZ,000012,20251209,93509210,4514290,C,0, ,0,300,1333061,0,
000012.SZ,000012,20251209,93509250,4514751,C,0, ,0,100,1333593,0,
000012.SZ,000012,20251209,93510460,4529102,0,0,B,47000,1500,1872883,4529101,
000012.SZ,000012,20251209,93510460,4529103,0,0,B,47000,800,1914734,4529101,
000012.SZ,000012,20251209,93510470,4529248,C,0, ,0,6800,4128011,0,
000012.SZ,000012,20251209,93515180,4576571,0,0,S,46900,300,4576570,2282896,
000012.SZ,000012,20251209,93515210,4577081,0,0,S,46900,100,4577080,2282896,
000012.SZ,000012,20251209,93515230,4577257,C,0, ,0,100,1332550,0,
000012.SZ,000012,20251209,93515930,4585807,0,0,B,47000,100,1914734,4585806,
000012.SZ,000012,20251209,93518070,4603703,0,0,B,47000,100,1914734,4603702,
000012.SZ,000012,20251209,93518270,4605520,C,0, ,0,2000,0,435721,
000012.SZ,000012,20251209,93521210,4627728,0,0,S,46900,200,4627727,2282896,
000012.SZ,000012,20251209,93523570,4646056,0,0,S,46900,1800,4646055,2282896,
000012.SZ,000012,20251209,93526040,4664347,C,0, ,0,5100,4479217,0,
000012.SZ,000012,20251209,93532000,4711358,0,0,B,47000,100,1914734,4711357,
000012.SZ,000012,20251209,93534610,4733064,0,0,B,47000,100,1914734,4733063,
000012.SZ,000012,20251209,93544030,4820387,0,0,S,46900,700,4820386,2282896,
000012.SZ,000012,20251209,93544030,4820388,0,0,S,46900,4300,4820386,2310766,
000012.SZ,000012,20251209,93544420,4823092,0,0,S,46900,1800,4823091,2310766,
000012.SZ,000012,20251209,93545770,4834893,C,0, ,0,300,3640844,0,
000012.SZ,000012,20251209,93546770,4843757,0,0,S,46900,300,4843756,2310766,
000012.SZ,000012,20251209,93547650,4850995,C,0, ,0,1000,0,1021889,
000012.SZ,000012,20251209,93548080,4854268,0,0,B,47000,100,1914734,4854267,
000012.SZ,000012,20251209,93548170,4855092,0,0,B,47000,200,1914734,4855091,
000012.SZ,000012,20251209,93548170,4855093,0,0,B,47000,100,2197193,4855091,
000012.SZ,000012,20251209,93548170,4855094,0,0,B,47000,100,2224193,4855091,
000012.SZ,000012,20251209,93548170,4855095,0,0,B,47000,100,2224487,4855091,
000012.SZ,000012,20251209,93548170,4855096,0,0,B,47000,500,2409163,4855091,
000012.SZ,000012,20251209,93549220,4869369,C,0, ,0,2900,0,4671061,
000012.SZ,000012,20251209,93554370,4916367,C,0, ,0,400,4399499,0,
000012.SZ,000012,20251209,93555520,4926843,C,0, ,0,10000,1970397,0,
000012.SZ,000012,20251209,93559020,4955258,0,0,B,47000,200,2409163,4955257,
000012.SZ,000012,20251209,93600170,4964363,0,0,S,46900,29,4964362,2310766,
000012.SZ,000012,20251209,93600210,4964808,0,0,B,47000,100,2409163,4964807,
000012.SZ,000012,20251209,93601430,4983433,0,0,S,46900,200,4983432,2310766,
000012.SZ,000012,20251209,93601440,4983586,0,0,S,46900,100,4983585,2310766,
000012.SZ,000012,20251209,93601440,4983602,0,0,S,46900,200,4983601,2310766,
000012.SZ,000012,20251209,93601450,4983769,0,0,S,46900,100,4983768,2310766,
000012.SZ,000012,20251209,93601450,4983789,0,0,S,46900,100,4983788,2310766,
000012.SZ,000012,20251209,93601970,4989214,C,0, ,0,100,0,3071203,
000012.SZ,000012,20251209,93602650,4996037,C,0, ,0,100,3161753,0,
000012.SZ,000012,20251209,93603150,4999767,0,0,S,46900,100,4999766,2310766,
000012.SZ,000012,20251209,93603190,5000247,C,0, ,0,1000,409847,0,
000012.SZ,000012,20251209,93604430,5013204,0,0,S,46900,71,5013203,2310766,
000012.SZ,000012,20251209,93604430,5013205,0,0,S,46900,700,5013203,2311604,
000012.SZ,000012,20251209,93604430,5013206,0,0,S,46900,400,5013203,2318203,
000012.SZ,000012,20251209,93604430,5013207,0,0,S,46900,200,5013203,2319758,
000012.SZ,000012,20251209,93604430,5013208,0,0,S,46900,429,5013203,2347772,
000012.SZ,000012,20251209,93606220,5028937,0,0,B,47000,100,2409163,5028936,
000012.SZ,000012,20251209,93606230,5029143,0,0,S,46900,100,5029142,2347772,
000012.SZ,000012,20251209,93607050,5037296,0,0,S,46900,100,5037295,2347772,
000012.SZ,000012,20251209,93607650,5043374,C,0, ,0,1000,0,1077932,
000012.SZ,000012,20251209,93608020,5046253,0,0,B,47000,100,2409163,5046252,
000012.SZ,000012,20251209,93609070,5055235,0,0,S,46900,971,5055234,2347772,
000012.SZ,000012,20251209,93609070,5055236,0,0,S,46900,229,5055234,2347776,
000012.SZ,000012,20251209,93609570,5061694,0,0,S,46900,400,5061693,2347776,
000012.SZ,000012,20251209,93611110,5078847,0,0,B,47000,300,2409163,5078846,
000012.SZ,000012,20251209,93611110,5078848,0,0,B,47000,200,2434520,5078846,
000012.SZ,000012,20251209,93611110,5078849,0,0,B,47000,200,2498890,5078846,
000012.SZ,000012,20251209,93611110,5078850,0,0,B,47000,200,2566683,5078846,
000012.SZ,000012,20251209,93611490,5082203,0,0,S,46900,471,5082202,2347776,
000012.SZ,000012,20251209,93611490,5082204,0,0,S,46900,1100,5082202,2347778,
000012.SZ,000012,20251209,93611490,5082205,0,0,S,46900,100,5082202,2349855,
000012.SZ,000012,20251209,93611490,5082206,0,0,S,46900,200,5082202,2349881,
000012.SZ,000012,20251209,93611490,5082207,0,0,S,46900,200,5082202,2349882,
000012.SZ,000012,20251209,93611490,5082208,0,0,S,46900,200,5082202,2355702,
000012.SZ,000012,20251209,93611490,5082209,0,0,S,46900,1700,5082202,2384491,
000012.SZ,000012,20251209,93611490,5082210,0,0,S,46900,400,5082202,2398202,
000012.SZ,000012,20251209,93611490,5082211,0,0,S,46900,200,5082202,2401819,
000012.SZ,000012,20251209,93611490,5082212,0,0,S,46900,400,5082202,2499667,
000012.SZ,000012,20251209,93611490,5082213,0,0,S,46900,300,5082202,2499668,
000012.SZ,000012,20251209,93611490,5082214,0,0,S,46900,500,5082202,2499669,
000012.SZ,000012,20251209,93611490,5082215,0,0,S,46900,500,5082202,2499670,
000012.SZ,000012,20251209,93611490,5082216,0,0,S,46900,500,5082202,2499699,
000012.SZ,000012,20251209,93611490,5082217,0,0,S,46900,500,5082202,2499701,
000012.SZ,000012,20251209,93611490,5082218,0,0,S,46900,400,5082202,2499719,
000012.SZ,000012,20251209,93611490,5082219,0,0,S,46900,300,5082202,2499778,
000012.SZ,000012,20251209,93611490,5082220,0,0,S,46900,400,5082202,2499780,
000012.SZ,000012,20251209,93611490,5082221,0,0,S,46900,300,5082202,2499781,
000012.SZ,000012,20251209,93611490,5082222,0,0,S,46900,400,5082202,2499802,
000012.SZ,000012,20251209,93611490,5082223,0,0,S,46900,300,5082202,2499811,
000012.SZ,000012,20251209,93611490,5082224,0,0,S,46900,500,5082202,2499877,
000012.SZ,000012,20251209,93611490,5082225,0,0,S,46900,700,5082202,2499970,
000012.SZ,000012,20251209,93611490,5082226,0,0,S,46900,6200,5082202,2500044,
000012.SZ,000012,20251209,93611490,5082227,0,0,S,46900,1600,5082202,2500282,
000012.SZ,000012,20251209,93611490,5082228,0,0,S,46900,6400,5082202,2500731,
000012.SZ,000012,20251209,93611490,5082229,0,0,S,46900,1200,5082202,2501715,
000012.SZ,000012,20251209,93611490,5082230,0,0,S,46900,2200,5082202,2510350,
000012.SZ,000012,20251209,93611490,5082231,0,0,S,46900,100,5082202,2516480,
000012.SZ,000012,20251209,93611490,5082232,0,0,S,46900,200,5082202,2522640,
000012.SZ,000012,20251209,93611490,5082233,0,0,S,46900,100,5082202,2701653,
000012.SZ,000012,20251209,93611490,5082234,0,0,S,46900,5000,5082202,2727540,
000012.SZ,000012,20251209,93611490,5082235,0,0,S,46900,3229,5082202,2784289,
000012.SZ,000012,20251209,93611670,5083948,0,0,S,46900,900,5083947,2784289,
000012.SZ,000012,20251209,93611680,5084011,0,0,S,46900,100,5084010,2784289,
000012.SZ,000012,20251209,93611700,5084306,0,0,S,46900,400,5084305,2784289,
000012.SZ,000012,20251209,93612150,5087808,0,0,S,46900,900,5087807,2784289,
000012.SZ,000012,20251209,93612150,5087811,0,0,S,46900,100,5087810,2784289,
000012.SZ,000012,20251209,93612150,5087813,0,0,S,46900,300,5087812,2784289,
000012.SZ,000012,20251209,93612150,5087816,0,0,S,46900,300,5087815,2784289,
000012.SZ,000012,20251209,93612150,5087822,0,0,S,46900,300,5087821,2784289,
000012.SZ,000012,20251209,93612160,5087883,0,0,S,46900,100,5087882,2784289,
000012.SZ,000012,20251209,93612180,5088065,0,0,S,46900,2800,5088064,2784289,
000012.SZ,000012,20251209,93612190,5088099,0,0,S,46900,100,5088098,2784289,
000012.SZ,000012,20251209,93612200,5088165,0,0,S,46900,3100,5088164,2784289,
000012.SZ,000012,20251209,93615190,5115078,0,0,S,46900,100,5115077,2784289,
000012.SZ,000012,20251209,93615190,5115085,0,0,S,46900,800,5115084,2784289,
000012.SZ,000012,20251209,93615190,5115087,0,0,S,46900,200,5115086,2784289,
000012.SZ,000012,20251209,93615190,5115089,0,0,S,46900,400,5115088,2784289,
000012.SZ,000012,20251209,93615190,5115091,0,0,S,46900,400,5115090,2784289,
000012.SZ,000012,20251209,93615190,5115093,0,0,S,46900,300,5115092,2784289,
000012.SZ,000012,20251209,93615190,5115097,0,0,S,46900,200,5115096,2784289,
000012.SZ,000012,20251209,93615190,5115101,0,0,S,46900,400,5115100,2784289,
000012.SZ,000012,20251209,93618060,5139398,C,0, ,0,100,0,4876458,
000012.SZ,000012,20251209,93618060,5139400,0,0,B,47000,200,2566684,5139399,
000012.SZ,000012,20251209,93621150,5165554,C,0, ,0,500,4119576,0,
000012.SZ,000012,20251209,93625400,5205539,0,0,B,47000,100,2566684,5205538,
000012.SZ,000012,20251209,93626840,5216667,C,0, ,0,600,4906965,0,
000012.SZ,000012,20251209,93626910,5217221,0,0,S,46900,600,5217220,2784289,
000012.SZ,000012,20251209,93631140,5251621,C,0, ,0,100,0,5028220,
000012.SZ,000012,20251209,93632810,5264457,0,0,S,46900,600,5264456,2784289,
000012.SZ,000012,20251209,93633510,5269998,0,0,S,46900,800,5269997,2784289,
000012.SZ,000012,20251209,93635330,5284438,0,0,S,46900,300,5284437,2784289,
000012.SZ,000012,20251209,93638960,5310859,C,0, ,0,900,0,4434223,
000012.SZ,000012,20251209,93639150,5312023,0,0,S,46900,900,5312022,2784289,
000012.SZ,000012,20251209,93641150,5326803,0,0,B,47000,100,2566688,5326802,
000012.SZ,000012,20251209,93644680,5352738,0,0,B,47000,200,2566688,5352737,
000012.SZ,000012,20251209,93644680,5352739,0,0,B,47000,300,2566694,5352737,
000012.SZ,000012,20251209,93644680,5352740,0,0,B,47000,200,2566699,5352737,
000012.SZ,000012,20251209,93644680,5352741,0,0,B,47000,200,2566703,5352737,
000012.SZ,000012,20251209,93644680,5352742,0,0,B,47000,500,2566704,5352737,
000012.SZ,000012,20251209,93644680,5352743,0,0,B,47000,1300,2566705,5352737,
000012.SZ,000012,20251209,93644680,5352744,0,0,B,47000,300,2566710,5352737,
000012.SZ,000012,20251209,93644680,5352745,0,0,B,47000,500,2566711,5352737,
000012.SZ,000012,20251209,93644680,5352746,0,0,B,47000,300,2566748,5352737,
000012.SZ,000012,20251209,93644680,5352747,0,0,B,47000,800,2566772,5352737,
000012.SZ,000012,20251209,93644680,5352748,0,0,B,47000,800,2566895,5352737,
000012.SZ,000012,20251209,93644680,5352749,0,0,B,47000,1200,2566898,5352737,
000012.SZ,000012,20251209,93644680,5352750,0,0,B,47000,100,2566899,5352737,
000012.SZ,000012,20251209,93644680,5352751,0,0,B,47000,200,2566900,5352737,
000012.SZ,000012,20251209,93645330,5357116,C,0, ,0,56300,3050987,0,
000012.SZ,000012,20251209,93646160,5364007,0,0,B,47000,600,2566900,5364006,
000012.SZ,000012,20251209,93646160,5364008,0,0,B,47000,200,2566901,5364006,
000012.SZ,000012,20251209,93646160,5364009,0,0,B,47000,200,2566927,5364006,
000012.SZ,000012,20251209,93647150,5370925,0,0,B,47000,500,2566927,5370924,
000012.SZ,000012,20251209,93647150,5370926,0,0,B,47000,200,2566929,5370924,
000012.SZ,000012,20251209,93647150,5370927,0,0,B,47000,200,2566930,5370924,
000012.SZ,000012,20251209,93647150,5370928,0,0,B,47000,100,2566931,5370924,
000012.SZ,000012,20251209,93648100,5377890,0,0,B,47000,100,2566931,5377889,
000012.SZ,000012,20251209,93653020,5412687,0,0,B,47000,100,2566931,5412686,
000012.SZ,000012,20251209,93653020,5412688,0,0,B,47000,200,2566994,5412686,
000012.SZ,000012,20251209,93653020,5412689,0,0,B,47000,700,2571165,5412686,
000012.SZ,000012,20251209,93655400,5430761,0,0,B,47000,100,2571165,5430760,
000012.SZ,000012,20251209,93655460,5431346,C,0, ,0,900,0,5373006,
000012.SZ,000012,20251209,93656840,5441198,0,0,S,46900,1371,5441197,2784289,
000012.SZ,000012,20251209,93656840,5441199,0,0,S,46900,100,5441197,2856667,
000012.SZ,000012,20251209,93656840,5441200,0,0,S,46900,100,5441197,2856668,
000012.SZ,000012,20251209,93656840,5441201,0,0,S,46900,2100,5441197,2945718,
000012.SZ,000012,20251209,93656840,5441202,0,0,S,46900,329,5441197,2952092,
000012.SZ,000012,20251209,93657340,5445001,0,0,S,46900,2671,5445000,2952092,
000012.SZ,000012,20251209,93657340,5445002,0,0,S,46900,400,5445000,2966034,
000012.SZ,000012,20251209,93657340,5445003,0,0,S,46900,400,5445000,2977487,
000012.SZ,000012,20251209,93657340,5445004,0,0,S,46900,400,5445000,2977488,
000012.SZ,000012,20251209,93657340,5445005,0,0,S,46900,300,5445000,2977562,
000012.SZ,000012,20251209,93657340,5445006,0,0,S,46900,100,5445000,3033815,
000012.SZ,000012,20251209,93657340,5445007,0,0,S,46900,900,5445000,3105986,
000012.SZ,000012,20251209,93657340,5445008,0,0,S,46900,4000,5445000,3120217,
000012.SZ,000012,20251209,93657340,5445009,0,0,S,46900,1000,5445000,3145369,
000012.SZ,000012,20251209,93657340,5445010,0,0,S,46900,200,5445000,3161327,
000012.SZ,000012,20251209,93657340,5445011,0,0,S,46900,100,5445000,3161385,
000012.SZ,000012,20251209,93657340,5445012,0,0,S,46900,100,5445000,3168523,
000012.SZ,000012,20251209,93657340,5445013,0,0,S,46900,100,5445000,3200195,
000012.SZ,000012,20251209,93657340,5445014,0,0,S,46900,200,5445000,3209696,
000012.SZ,000012,20251209,93657340,5445015,0,0,S,46900,100,5445000,3236892,
000012.SZ,000012,20251209,93657340,5445016,0,0,S,46900,300,5445000,3268713,
000012.SZ,000012,20251209,93657340,5445017,0,0,S,46900,2729,5445000,3294158,
000012.SZ,000012,20251209,93659590,5464454,0,0,S,46900,271,5464453,3294158,
000012.SZ,000012,20251209,93659590,5464455,0,0,S,46900,100,5464453,3300071,
000012.SZ,000012,20251209,93659590,5464456,0,0,S,46900,2229,5464453,3312517,
000012.SZ,000012,20251209,93700150,5468470,C,0, ,0,100,2782114,0,
000012.SZ,000012,20251209,93700180,5468832,0,0,S,46900,900,5468831,3312517,
000012.SZ,000012,20251209,93702050,5488936,C,0, ,0,10000,0,5381634,
000012.SZ,000012,20251209,93702720,5495886,0,0,S,46900,1800,5495885,3312517,
000012.SZ,000012,20251209,93702740,5496041,0,0,S,46900,71,5496040,3312517,
000012.SZ,000012,20251209,93702740,5496042,0,0,S,46900,129,5496040,3337530,
000012.SZ,000012,20251209,93703160,5499567,0,0,S,46900,300,5499566,3337530,
000012.SZ,000012,20251209,93703870,5506996,C,0, ,0,600,1429159,0,
000012.SZ,000012,20251209,93704180,5510410,0,0,S,46900,100,5510409,3337530,
000012.SZ,000012,20251209,93706250,5527446,0,0,S,46900,471,5527445,3337530,
000012.SZ,000012,20251209,93706250,5527447,0,0,S,46900,229,5527445,3383927,
000012.SZ,000012,20251209,93706260,5527586,0,0,S,46900,271,5527585,3383927,
000012.SZ,000012,20251209,93706260,5527587,0,0,S,46900,900,5527585,3383928,
000012.SZ,000012,20251209,93706260,5527588,0,0,S,46900,629,5527585,3383964,
000012.SZ,000012,20251209,93706270,5527683,0,0,S,46900,500,5527682,3383964,
000012.SZ,000012,20251209,93707870,5540629,0,0,S,46900,100,5540628,3383964,
000012.SZ,000012,20251209,93709150,5549108,0,0,S,46900,100,5549107,3383964,
000012.SZ,000012,20251209,93715020,5598087,0,0,S,46900,100,5598086,3383964,
000012.SZ,000012,20251209,93715290,5600739,0,0,S,46900,71,5600738,3383964,
000012.SZ,000012,20251209,93715290,5600740,0,0,S,46900,629,5600738,3383965,
000012.SZ,000012,20251209,93717850,5620640,C,0, ,0,5000,4682547,0,
000012.SZ,000012,20251209,93718140,5622394,0,0,B,47000,100,2571165,5622393,
000012.SZ,000012,20251209,93722370,5653031,0,0,B,47000,1000,2571165,5653030,
000012.SZ,000012,20251209,93725080,5671936,0,0,S,46900,71,5671935,3383965,
000012.SZ,000012,20251209,93725080,5671937,0,0,S,46900,1100,5671935,3383966,
000012.SZ,000012,20251209,93725080,5671938,0,0,S,46900,3829,5671935,3383985,
000012.SZ,000012,20251209,93725090,5672026,0,0,S,46900,171,5672025,3383985,
000012.SZ,000012,20251209,93725090,5672027,0,0,S,46900,529,5672025,3383987,
000012.SZ,000012,20251209,93725110,5672160,0,0,S,46900,6871,5672159,3383987,
000012.SZ,000012,20251209,93725110,5672161,0,0,S,46900,300,5672159,3384018,
000012.SZ,000012,20251209,93725110,5672162,0,0,S,46900,3400,5672159,3384023,
000012.SZ,000012,20251209,93725110,5672163,0,0,S,46900,2500,5672159,3384024,
000012.SZ,000012,20251209,93725110,5672164,0,0,S,46900,300,5672159,3384025,
000012.SZ,000012,20251209,93725110,5672165,0,0,S,46900,100,5672159,3384062,
000012.SZ,000012,20251209,93725110,5672166,0,0,S,46900,529,5672159,3384070,
000012.SZ,000012,20251209,93725400,5674377,0,0,B,47000,100,2571165,5674376,
000012.SZ,000012,20251209,93727990,5692631,C,0, ,0,800,5472402,0,
000012.SZ,000012,20251209,93728110,5693478,0,0,S,46900,1300,5693477,3384070,
000012.SZ,000012,20251209,93729890,5705708,0,0,S,46900,871,5705707,3384070,
000012.SZ,000012,20251209,93729890,5705709,0,0,S,46900,200,5705707,3384096,
000012.SZ,000012,20251209,93729890,5705710,0,0,S,46900,700,5705707,3384104,
000012.SZ,000012,20251209,93729890,5705711,0,0,S,46900,300,5705707,3384105,
000012.SZ,000012,20251209,93729890,5705712,0,0,S,46900,400,5705707,3384107,
000012.SZ,000012,20251209,93729890,5705713,0,0,S,46900,1600,5705707,3384122,
000012.SZ,000012,20251209,93729890,5705714,0,0,S,46900,529,5705707,3384188,
000012.SZ,000012,20251209,93730230,5708028,0,0,B,47000,700,2571165,5708027,
000012.SZ,000012,20251209,93730230,5708029,0,0,B,47000,1900,2571228,5708027,
000012.SZ,000012,20251209,93730230,5708030,0,0,B,47000,1700,2621866,5708027,
000012.SZ,000012,20251209,93730230,5708031,0,0,B,47000,400,2624921,5708027,
000012.SZ,000012,20251209,93730230,5708032,0,0,B,47000,300,2624924,5708027,
000012.SZ,000012,20251209,93730230,5708033,0,0,B,47000,1200,2634323,5708027,
000012.SZ,000012,20251209,93730230,5708034,0,0,B,47000,300,2689649,5708027,
000012.SZ,000012,20251209,93730230,5708035,0,0,B,47000,200,2690672,5708027,
000012.SZ,000012,20251209,93730230,5708036,0,0,B,47000,400,2690938,5708027,
000012.SZ,000012,20251209,93730230,5708037,0,0,B,47000,200,2691996,5708027,
000012.SZ,000012,20251209,93730230,5708038,0,0,B,47000,600,2694375,5708027,
000012.SZ,000012,20251209,93730230,5708039,0,0,B,47000,300,2703617,5708027,
000012.SZ,000012,20251209,93730230,5708040,0,0,B,47000,400,2703708,5708027,
000012.SZ,000012,20251209,93730230,5708041,0,0,B,47000,1000,2712571,5708027,
000012.SZ,000012,20251209,93730230,5708042,0,0,B,47000,400,2714546,5708027,
000012.SZ,000012,20251209,93730230,5708043,0,0,B,47000,100,3003721,5708027,
000012.SZ,000012,20251209,93730230,5708044,0,0,B,47000,100,3038787,5708027,
000012.SZ,000012,20251209,93730230,5708045,0,0,B,47000,2200,3078639,5708027,
000012.SZ,000012,20251209,93730230,5708046,0,0,B,47000,1100,3223051,5708027,
000012.SZ,000012,20251209,93730230,5708047,0,0,B,47000,300,3254422,5708027,
000012.SZ,000012,20251209,93730230,5708048,0,0,B,47000,100,3256353,5708027,
000012.SZ,000012,20251209,93730230,5708049,0,0,B,47000,100,3308547,5708027,
000012.SZ,000012,20251209,93730230,5708050,0,0,B,47000,200,3328717,5708027,
000012.SZ,000012,20251209,93730230,5708051,0,0,B,47000,1800,3377899,5708027,
000012.SZ,000012,20251209,93730230,5708052,0,0,B,47000,100,3473242,5708027,
000012.SZ,000012,20251209,93730230,5708053,0,0,B,47000,1000,3520859,5708027,
000012.SZ,000012,20251209,93730230,5708054,0,0,B,47000,100,3606881,5708027,
000012.SZ,000012,20251209,93730230,5708055,0,0,B,47000,300,3611289,5708027,
000012.SZ,000012,20251209,93730230,5708056,0,0,B,47000,2000,3621480,5708027,
000012.SZ,000012,20251209,93730230,5708057,0,0,B,47000,100,3633326,5708027,
000012.SZ,000012,20251209,93730230,5708058,0,0,B,47000,4000,3640763,5708027,
000012.SZ,000012,20251209,93730230,5708059,0,0,B,47000,5000,3657528,5708027,
000012.SZ,000012,20251209,93730230,5708060,0,0,B,47000,2900,3682037,5708027,
000012.SZ,000012,20251209,93730230,5708061,0,0,B,47000,900,3736480,5708027,
000012.SZ,000012,20251209,93730230,5708062,0,0,B,47000,1000,3953803,5708027,
000012.SZ,000012,20251209,93730230,5708063,0,0,B,47000,100,3968911,5708027,
000012.SZ,000012,20251209,93730230,5708064,0,0,B,47000,100,3994174,5708027,
000012.SZ,000012,20251209,93730230,5708065,0,0,B,47000,2900,4081017,5708027,
000012.SZ,000012,20251209,93730230,5708066,0,0,B,47000,1800,4089597,5708027,
000012.SZ,000012,20251209,93730230,5708067,0,0,B,47000,1500,4089843,5708027,
000012.SZ,000012,20251209,93730230,5708068,0,0,B,47000,100,4101013,5708027,
000012.SZ,000012,20251209,93730230,5708069,0,0,B,47000,1100,4102241,5708027,
000012.SZ,000012,20251209,93730230,5708070,0,0,B,47000,2900,4124285,5708027,
000012.SZ,000012,20251209,93730230,5708071,0,0,B,47000,1900,4174163,5708027,
000012.SZ,000012,20251209,93730230,5708072,0,0,B,47000,500,4189361,5708027,
000012.SZ,000012,20251209,93730230,5708073,0,0,B,47000,800,4205485,5708027,
000012.SZ,000012,20251209,93730230,5708074,0,0,B,47000,800,4207022,5708027,
000012.SZ,000012,20251209,93730230,5708075,0,0,B,47000,900,4239289,5708027,
000012.SZ,000012,20251209,93730230,5708076,0,0,B,47000,600,4246959,5708027,
000012.SZ,000012,20251209,93730230,5708077,0,0,B,47000,300,4331177,5708027,
000012.SZ,000012,20251209,93730230,5708078,0,0,B,47000,800,4428445,5708027,
000012.SZ,000012,20251209,93730230,5708079,0,0,B,47000,100,4436079,5708027,
000012.SZ,000012,20251209,93730230,5708080,0,0,B,47000,100,4447949,5708027,
000012.SZ,000012,20251209,93730230,5708081,0,0,B,47000,800,4459751,5708027,
000012.SZ,000012,20251209,93730230,5708082,0,0,B,47000,3000,4480766,5708027,
000012.SZ,000012,20251209,93730230,5708083,0,0,B,47000,1500,4549113,5708027,
000012.SZ,000012,20251209,93730230,5708084,0,0,B,47000,6800,4634476,5708027,
000012.SZ,000012,20251209,93730230,5708085,0,0,B,47000,4700,4649467,5708027,
000012.SZ,000012,20251209,93730230,5708086,0,0,B,47000,2900,4671968,5708027,
000012.SZ,000012,20251209,93730230,5708087,0,0,B,47000,800,4722672,5708027,
000012.SZ,000012,20251209,93730230,5708088,0,0,B,47000,1800,4725470,5708027,
000012.SZ,000012,20251209,93730230,5708089,0,0,B,47000,5000,4741308,5708027,
000012.SZ,000012,20251209,93730230,5708090,0,0,B,47000,100,4780746,5708027,
000012.SZ,000012,20251209,93730230,5708091,0,0,B,47000,2900,4789105,5708027,
000012.SZ,000012,20251209,93730230,5708092,0,0,B,47000,4500,4877276,5708027,
000012.SZ,000012,20251209,93730230,5708093,0,0,B,47000,200,4883729,5708027,
000012.SZ,000012,20251209,93730230,5708094,0,0,B,47000,100,4896223,5708027,
000012.SZ,000012,20251209,93730230,5708095,0,0,B,47000,100,4896224,5708027,
000012.SZ,000012,20251209,93730230,5708096,0,0,B,47000,400,4896640,5708027,
000012.SZ,000012,20251209,93730230,5708097,0,0,B,47000,200,4907844,5708027,
000012.SZ,000012,20251209,93730230,5708098,0,0,B,47000,500,4911373,5708027,
000012.SZ,000012,20251209,93730230,5708099,0,0,B,47000,100,4950927,5708027,
000012.SZ,000012,20251209,93730230,5708100,0,0,B,47000,800,4967572,5708027,
000012.SZ,000012,20251209,93730230,5708101,0,0,B,47000,800,4968611,5708027,
000012.SZ,000012,20251209,93730230,5708102,0,0,B,47000,1300,5070197,5708027,
000012.SZ,000012,20251209,93730300,5708764,C,0, ,0,10000,0,5185866,
000012.SZ,000012,20251209,93730540,5710651,0,0,S,46900,71,5710650,3384188,
000012.SZ,000012,20251209,93730540,5710652,0,0,S,46900,629,5710650,3384189,
000012.SZ,000012,20251209,93732460,5726626,0,0,B,47000,100,5070197,5726625,
000012.SZ,000012,20251209,93732790,5728647,0,0,B,47000,800,5070197,5728646,
000012.SZ,000012,20251209,93739150,5777409,0,0,B,47000,100,5070197,5777408,
000012.SZ,000012,20251209,93740190,5784776,0,0,B,47000,700,5078420,5784775,
000012.SZ,000012,20251209,93740190,5784777,0,0,B,47000,1600,5078969,5784775,
000012.SZ,000012,20251209,93740200,5784845,C,0, ,0,300,5631453,0,
000012.SZ,000012,20251209,93742090,5798328,0,0,B,47000,100,5078969,5798327,
000012.SZ,000012,20251209,93742350,5800901,0,0,B,47000,100,5078969,5800900,
000012.SZ,000012,20251209,93743250,5806898,C,0, ,0,100,0,5127160,
000012.SZ,000012,20251209,93747370,5839445,0,0,S,46900,1771,5839444,3384189,
000012.SZ,000012,20251209,93747370,5839446,0,0,S,46900,29,5839444,3384218,
000012.SZ,000012,20251209,93748080,5843496,0,0,B,47000,200,5079308,5843495,
000012.SZ,000012,20251209,93748090,5843554,C,0, ,0,100,0,5635261,
000012.SZ,000012,20251209,93748340,5845305,0,0,B,47000,1000,5079308,5845304,
000012.SZ,000012,20251209,93749640,5855182,0,0,S,46900,471,5855181,3384218,
000012.SZ,000012,20251209,93749640,5855183,0,0,S,46900,1200,5855181,3384221,
000012.SZ,000012,20251209,93749640,5855184,0,0,S,46900,129,5855181,3384229,
000012.SZ,000012,20251209,93754550,5889394,C,0, ,0,3000,0,3895202,
000012.SZ,000012,20251209,93755400,5895229,0,0,B,47000,100,5079308,5895228,
000012.SZ,000012,20251209,93800080,5927954,0,0,B,47000,500,5079308,5927953,
000012.SZ,000012,20251209,93800080,5927955,0,0,B,47000,500,5079313,5927953,
000012.SZ,000012,20251209,93800110,5928142,0,0,S,46900,171,5928141,3384229,
000012.SZ,000012,20251209,93800110,5928143,0,0,S,46900,429,5928141,3384356,
000012.SZ,000012,20251209,93800870,5937705,0,0,B,47000,1000,5079313,5937704,
000012.SZ,000012,20251209,93802580,5955014,0,0,B,47000,500,5079313,5955013,
000012.SZ,000012,20251209,93802580,5955015,0,0,B,47000,500,5082294,5955013,
000012.SZ,000012,20251209,93802840,5956868,0,0,B,47000,1000,5082294,5956867,
000012.SZ,000012,20251209,93803400,5961799,0,0,B,47000,2700,5082294,5961798,
000012.SZ,000012,20251209,93803400,5961800,0,0,B,47000,300,5082433,5961798,
000012.SZ,000012,20251209,93813970,6043822,C,0, ,0,100,4100945,0,
000012.SZ,000012,20251209,93815230,6051932,C,0, ,0,21300,0,5340181,
000012.SZ,000012,20251209,93815930,6057238,C,0, ,0,4000,5188899,0,
000012.SZ,000012,20251209,93817390,6068977,0,0,S,46900,100,6068976,3384356,
000012.SZ,000012,20251209,93818080,6073543,0,0,B,47000,100,5082433,6073542,
000012.SZ,000012,20251209,93820080,6089722,0,0,B,47000,1700,5082433,6089721,
000012.SZ,000012,20251209,93820080,6089723,0,0,B,47000,1300,5084799,6089721,
000012.SZ,000012,20251209,93820160,6090232,0,0,B,47000,1000,5084799,6090231,
000012.SZ,000012,20251209,93820260,6091130,0,0,B,47000,1000,5084799,6091129,
000012.SZ,000012,20251209,93820900,6096256,0,0,B,47000,100,5084799,6096255,
000012.SZ,000012,20251209,93824150,6121084,0,0,S,46900,900,6121083,3384356,
000012.SZ,000012,20251209,93825410,6130657,0,0,B,47000,100,5084799,6130656,
000012.SZ,000012,20251209,93832400,6180308,C,0, ,0,2200,0,5923853,
000012.SZ,000012,20251209,93833170,6185439,0,0,B,47000,100,5084799,6185438,
000012.SZ,000012,20251209,93833170,6185440,0,0,B,47000,100,5087840,6185438,
000012.SZ,000012,20251209,93833170,6185441,0,0,B,47000,100,5087841,6185438,
000012.SZ,000012,20251209,93833170,6185442,0,0,B,47000,200,5087843,6185438,
000012.SZ,000012,20251209,93833170,6185443,0,0,B,47000,500,5088148,6185438,
000012.SZ,000012,20251209,93833220,6185771,0,0,B,47000,100,5088148,6185770,
000012.SZ,000012,20251209,93833240,6186028,0,0,B,47000,100,5088148,6186027,
000012.SZ,000012,20251209,93835100,6200166,0,0,B,47000,1700,5088148,6200165,
000012.SZ,000012,20251209,93835100,6200167,0,0,B,47000,200,5095886,6200165,
000012.SZ,000012,20251209,93835200,6200915,0,0,B,47000,100,5095886,6200914,
000012.SZ,000012,20251209,93836950,6212828,0,0,B,47000,1000,5095886,6212827,
000012.SZ,000012,20251209,93839090,6226728,C,0, ,0,100,0,5575069,
000012.SZ,000012,20251209,93839460,6229504,C,0, ,0,900,0,5779990,
000012.SZ,000012,20251209,93842050,6245327,0,0,B,47000,1000,5095886,6245326,
000012.SZ,000012,20251209,93842120,6245809,0,0,B,47000,100,5095886,6245808,
000012.SZ,000012,20251209,93842800,6250588,0,0,S,46900,2171,6250587,3384356,
000012.SZ,000012,20251209,93842800,6250589,0,0,S,46900,2100,6250587,3384385,
000012.SZ,000012,20251209,93842800,6250590,0,0,S,46900,29,6250587,3384386,
000012.SZ,000012,20251209,93842860,6251127,0,0,B,47000,1900,5095886,6251126,
000012.SZ,000012,20251209,93843790,6258112,0,0,B,47000,200,5095886,6258111,
000012.SZ,000012,20251209,93844740,6263553,C,0, ,0,7500,0,6026964,
000012.SZ,000012,20251209,93846890,6277562,0,0,B,47000,1000,5095886,6277561,
000012.SZ,000012,20251209,93847580,6281607,0,0,B,47000,1000,5095886,6281606,
000012.SZ,000012,20251209,93848200,6284444,0,0,B,47000,100,5095886,6284443,
000012.SZ,000012,20251209,93855400,6333128,0,0,B,47000,100,5095886,6333127,
000012.SZ,000012,20251209,93855680,6334789,0,0,B,47000,1900,5095886,6334788,
000012.SZ,000012,20251209,93858950,6357945,0,0,B,47000,400,5095886,6357944,
000012.SZ,000012,20251209,93858950,6357946,0,0,B,47000,100,5104918,6357944,
000012.SZ,000012,20251209,93900600,6370339,0,0,B,47000,1900,5104918,6370338,
000012.SZ,000012,20251209,93901720,6378421,0,0,S,46900,371,6378420,3384386,
000012.SZ,000012,20251209,93901720,6378422,0,0,S,46900,1100,6378420,3384387,
000012.SZ,000012,20251209,93901720,6378423,0,0,S,46900,300,6378420,3384392,
000012.SZ,000012,20251209,93901720,6378424,0,0,S,46900,29,6378420,3384394,
000012.SZ,000012,20251209,93903080,6387423,0,0,S,46900,371,6387422,3384394,
000012.SZ,000012,20251209,93903080,6387424,0,0,S,46900,129,6387422,3384397,
000012.SZ,000012,20251209,93904180,6396026,0,0,S,46900,200,6396025,3384397,
000012.SZ,000012,20251209,93905250,6403914,0,0,B,47000,200,5104918,6403913,
000012.SZ,000012,20251209,93905250,6403915,0,0,B,47000,700,5114471,6403913,
000012.SZ,000012,20251209,93908530,6427157,0,0,B,47000,100,5114471,6427156,
000012.SZ,000012,20251209,93913180,6456646,0,0,S,46900,400,6456645,3384397,
000012.SZ,000012,20251209,93914940,6467938,0,0,S,46900,300,6467937,3384397,
000012.SZ,000012,20251209,93916000,6474395,0,0,B,47000,1000,5114471,6474394,
000012.SZ,000012,20251209,93916000,6474415,0,0,S,46900,100,6474414,3384397,
000012.SZ,000012,20251209,93917470,6483864,C,0, ,0,200,5727686,0,
000012.SZ,000012,20251209,93917470,6483865,C,0, ,0,200,6123624,0,
000012.SZ,000012,20251209,93917790,6485611,C,0, ,0,100,1452434,0,
000012.SZ,000012,20251209,93917960,6486415,C,0, ,0,200,5947821,0,
000012.SZ,000012,20251209,93918060,6486932,0,0,B,47000,100,5114471,6486931,
000012.SZ,000012,20251209,93920790,6504016,0,0,S,46900,100,6504015,3384397,
000012.SZ,000012,20251209,93920960,6504728,0,0,S,46900,200,6504727,3384397,
000012.SZ,000012,20251209,93921150,6505647,0,0,S,46900,171,6505646,3384397,
000012.SZ,000012,20251209,93921150,6505648,0,0,S,46900,829,6505646,3384414,
000012.SZ,000012,20251209,93921150,6505655,0,0,S,46900,100,6505654,3384414,
000012.SZ,000012,20251209,93921200,6506002,0,0,S,46900,300,6506001,3384414,
000012.SZ,000012,20251209,93922110,6511394,0,0,S,46900,300,6511393,3384414,
000012.SZ,000012,20251209,93922450,6513679,C,0, ,0,100,5861339,0,
000012.SZ,000012,20251209,93922450,6513680,C,0, ,0,100,5861342,0,
000012.SZ,000012,20251209,93922450,6513681,C,0, ,0,100,5861343,0,
000012.SZ,000012,20251209,93922450,6513682,C,0, ,0,100,5861340,0,
000012.SZ,000012,20251209,93922450,6513683,C,0, ,0,100,5861341,0,
000012.SZ,000012,20251209,93923260,6518742,0,0,S,46900,200,6518741,3384414,
000012.SZ,000012,20251209,93923270,6518783,0,0,S,46900,200,6518782,3384414,
000012.SZ,000012,20251209,93923450,6519939,0,0,S,46900,100,6519938,3384414,
000012.SZ,000012,20251209,93923450,6519941,0,0,S,46900,100,6519940,3384414,
000012.SZ,000012,20251209,93923450,6519943,0,0,S,46900,100,6519942,3384414,
000012.SZ,000012,20251209,93923450,6519945,0,0,S,46900,100,6519944,3384414,
000012.SZ,000012,20251209,93924150,6523125,0,0,S,46900,100,6523124,3384414,
000012.SZ,000012,20251209,93924290,6524041,0,0,S,46900,200,6524040,3384414,
000012.SZ,000012,20251209,93924290,6524090,0,0,S,46900,71,6524089,3384414,
000012.SZ,000012,20251209,93924290,6524091,0,0,S,46900,29,6524089,3384419,
000012.SZ,000012,20251209,93924290,6524102,0,0,S,46900,100,6524101,3384419,
000012.SZ,000012,20251209,93924300,6524122,0,0,S,46900,200,6524121,3384419,
000012.SZ,000012,20251209,93924590,6525853,0,0,S,46900,400,6525852,3384419,
000012.SZ,000012,20251209,93925270,6529797,0,0,S,46900,200,6529796,3384419,
000012.SZ,000012,20251209,93925270,6529847,0,0,S,46900,100,6529846,3384419,
000012.SZ,000012,20251209,93925270,6529849,0,0,S,46900,400,6529848,3384419,
000012.SZ,000012,20251209,93925270,6529854,0,0,S,46900,300,6529853,3384419,
000012.SZ,000012,20251209,93925270,6529860,0,0,S,46900,200,6529859,3384419,
000012.SZ,000012,20251209,93925270,6529871,0,0,S,46900,200,6529870,3384419,
000012.SZ,000012,20251209,93925280,6529901,0,0,S,46900,200,6529900,3384419,
000012.SZ,000012,20251209,93925280,6529911,0,0,S,46900,100,6529910,3384419,
000012.SZ,000012,20251209,93925280,6529923,0,0,S,46900,100,6529922,3384419,
000012.SZ,000012,20251209,93925400,6530672,0,0,B,47000,100,5114471,6530671,
000012.SZ,000012,20251209,93925450,6530909,0,0,S,46900,100,6530908,3384419,
000012.SZ,000012,20251209,93925540,6531614,0,0,S,46900,100,6531613,3384419,
000012.SZ,000012,20251209,93926270,6535955,0,0,S,46900,100,6535954,3384419,
000012.SZ,000012,20251209,93926270,6535957,0,0,S,46900,200,6535956,3384419,
000012.SZ,000012,20251209,93926270,6535969,0,0,S,46900,300,6535968,3384419,
000012.SZ,000012,20251209,93926300,6536118,0,0,S,46900,300,6536117,3384419,
000012.SZ,000012,20251209,93926300,6536127,0,0,S,46900,100,6536126,3384419,
000012.SZ,000012,20251209,93926320,6536177,0,0,S,46900,71,6536176,3384419,
000012.SZ,000012,20251209,93926320,6536178,0,0,S,46900,29,6536176,3384429,
000012.SZ,000012,20251209,93926450,6536898,0,0,S,46900,100,6536897,3384429,
000012.SZ,000012,20251209,93926560,6537496,0,0,S,46900,71,6537495,3384429,
000012.SZ,000012,20251209,93926560,6537497,0,0,S,46900,329,6537495,3384453,
000012.SZ,000012,20251209,93926690,6538054,0,0,S,46900,100,6538053,3384453,
000012.SZ,000012,20251209,93926770,6538335,0,0,S,46900,100,6538334,3384453,
000012.SZ,000012,20251209,93927110,6540056,0,0,S,46900,100,6540055,3384453,
000012.SZ,000012,20251209,93927120,6540093,0,0,S,46900,700,6540092,3384453,
000012.SZ,000012,20251209,93927120,6540115,0,0,S,46900,171,6540114,3384453,
000012.SZ,000012,20251209,93927120,6540116,0,0,S,46900,129,6540114,3384460,
000012.SZ,000012,20251209,93927120,6540118,0,0,S,46900,371,6540117,3384460,
000012.SZ,000012,20251209,93927120,6540119,0,0,S,46900,29,6540117,3384461,
000012.SZ,000012,20251209,93927120,6540121,0,0,S,46900,400,6540120,3384461,
000012.SZ,000012,20251209,93927150,6540202,0,0,S,46900,100,6540201,3384461,
000012.SZ,000012,20251209,93927190,6540398,0,0,S,46900,100,6540397,3384461,
000012.SZ,000012,20251209,93927220,6540596,0,0,S,46900,100,6540595,3384461,
000012.SZ,000012,20251209,93927280,6540991,0,0,S,46900,71,6540990,3384461,
000012.SZ,000012,20251209,93927280,6540992,0,0,S,46900,29,6540990,3384463,
000012.SZ,000012,20251209,93927280,6540994,0,0,S,46900,300,6540993,3384463,
000012.SZ,000012,20251209,93927280,6541060,0,0,S,46900,100,6541059,3384463,
000012.SZ,000012,20251209,93927290,6541202,0,0,S,46900,100,6541201,3384463,
000012.SZ,000012,20251209,93927290,6541204,0,0,S,46900,100,6541203,3384463,
000012.SZ,000012,20251209,93927400,6541867,0,0,S,46900,400,6541866,3384463,
000012.SZ,000012,20251209,93927410,6541906,0,0,S,46900,300,6541905,3384463,
000012.SZ,000012,20251209,93927410,6541946,0,0,S,46900,100,6541945,3384463,
000012.SZ,000012,20251209,93927430,6542006,0,0,S,46900,100,6542005,3384463,
000012.SZ,000012,20251209,93933230,6575535,C,0, ,0,400,5938856,0,
000012.SZ,000012,20251209,93933380,6576782,0,0,S,46900,1471,6576781,3384463,
000012.SZ,000012,20251209,93933380,6576783,0,0,S,46900,329,6576781,3384479,
000012.SZ,000012,20251209,93933430,6577092,0,0,S,46900,400,6577091,3384479,
000012.SZ,000012,20251209,93934240,6582321,0,0,S,46900,1000,6582320,3384479,
000012.SZ,000012,20251209,93934360,6582957,0,0,S,46900,100,6582956,3384479,
000012.SZ,000012,20251209,93935490,6590158,0,0,S,46900,200,6590157,3384479,
000012.SZ,000012,20251209,93935590,6590717,0,0,S,46900,400,6590716,3384479,
000012.SZ,000012,20251209,93935590,6590728,0,0,S,46900,1071,6590727,3384479,
000012.SZ,000012,20251209,93935590,6590729,0,0,S,46900,229,6590727,3384485,
000012.SZ,000012,20251209,93936300,6595024,0,0,S,46900,100,6595023,3384485,
000012.SZ,000012,20251209,93936360,6595841,0,0,S,46900,100,6595840,3384485,
000012.SZ,000012,20251209,93936360,6595844,0,0,S,46900,100,6595843,3384485,
000012.SZ,000012,20251209,93936360,6595846,0,0,S,46900,100,6595845,3384485,
000012.SZ,000012,20251209,93938590,6609819,0,0,S,46900,500,6609818,3384485,
000012.SZ,000012,20251209,93939080,6612141,0,0,S,46900,371,6612140,3384485,
000012.SZ,000012,20251209,93939080,6612142,0,0,S,46900,529,6612140,3384489,
000012.SZ,000012,20251209,93939090,6612169,0,0,S,46900,671,6612168,3384489,
000012.SZ,000012,20251209,93939090,6612170,0,0,S,46900,929,6612168,3384497,
000012.SZ,000012,20251209,93939150,6612486,C,0, ,0,200,6431480,0,
000012.SZ,000012,20251209,93939150,6612487,C,0, ,0,200,6227197,0,
000012.SZ,000012,20251209,93939150,6612488,C,0, ,0,200,6007673,0,
000012.SZ,000012,20251209,93939150,6612489,C,0, ,0,100,5777366,0,
000012.SZ,000012,20251209,93939150,6612518,0,0,S,46900,71,6612517,3384497,
000012.SZ,000012,20251209,93939150,6612519,0,0,S,46900,400,6612517,3384507,
000012.SZ,000012,20251209,93939150,6612520,0,0,S,46900,829,6612517,3384508,
000012.SZ,000012,20251209,93940150,6620526,C,0, ,0,100,5549105,0,
000012.SZ,000012,20251209,93941370,6628627,0,0,S,46900,471,6628626,3384508,
000012.SZ,000012,20251209,93941370,6628628,0,0,S,46900,500,6628626,3384587,
000012.SZ,000012,20251209,93941370,6628629,0,0,S,46900,900,6628626,3384602,
000012.SZ,000012,20251209,93941370,6628630,0,0,S,46900,1700,6628626,3384679,
000012.SZ,000012,20251209,93941370,6628631,0,0,S,46900,1600,6628626,3384681,
000012.SZ,000012,20251209,93941370,6628632,0,0,S,46900,1800,6628626,3384766,
000012.SZ,000012,20251209,93941370,6628633,0,0,S,46900,3900,6628626,3384768,
000012.SZ,000012,20251209,93941370,6628634,0,0,S,46900,200,6628626,3410323,
000012.SZ,000012,20251209,93941370,6628635,0,0,S,46900,700,6628626,3414822,
000012.SZ,000012,20251209,93941370,6628636,0,0,S,46900,4300,6628626,3415346,
000012.SZ,000012,20251209,93941370,6628637,0,0,S,46900,4200,6628626,3416097,
000012.SZ,000012,20251209,93941370,6628638,0,0,S,46900,100,6628626,3433757,
000012.SZ,000012,20251209,93941370,6628639,0,0,S,46900,2200,6628626,3477336,
000012.SZ,000012,20251209,93941370,6628640,0,0,S,46900,500,6628626,3483191,
000012.SZ,000012,20251209,93941370,6628641,0,0,S,46900,100,6628626,3495013,
000012.SZ,000012,20251209,93941370,6628642,0,0,S,46900,200,6628626,3525176,
000012.SZ,000012,20251209,93941370,6628643,0,0,S,46900,200,6628626,3578173,
000012.SZ,000012,20251209,93941370,6628644,0,0,S,46900,400,6628626,3634564,
000012.SZ,000012,20251209,93941370,6628645,0,0,S,46900,5000,6628626,3683757,
000012.SZ,000012,20251209,93941370,6628646,0,0,S,46900,100,6628626,3686588,
000012.SZ,000012,20251209,93941370,6628647,0,0,S,46900,1000,6628626,3721108,
000012.SZ,000012,20251209,93941370,6628648,0,0,S,46900,2400,6628626,3766087,
000012.SZ,000012,20251209,93941370,6628649,0,0,S,46900,1000,6628626,3771640,
000012.SZ,000012,20251209,93941370,6628650,0,0,S,46900,800,6628626,3807747,
000012.SZ,000012,20251209,93941370,6628651,0,0,S,46900,100,6628626,3848636,
000012.SZ,000012,20251209,93941370,6628652,0,0,S,46900,300,6628626,3893127,
000012.SZ,000012,20251209,93941370,6628653,0,0,S,46900,500,6628626,3893136,
000012.SZ,000012,20251209,93941370,6628654,0,0,S,46900,500,6628626,3893138,
000012.SZ,000012,20251209,93941370,6628655,0,0,S,46900,1500,6628626,3893141,
000012.SZ,000012,20251209,93941370,6628656,0,0,S,46900,800,6628626,3893144,
000012.SZ,000012,20251209,93941370,6628657,0,0,S,46900,729,6628626,3893145,
000012.SZ,000012,20251209,93941370,6628661,0,0,S,46900,271,6628660,3893145,
000012.SZ,000012,20251209,93941370,6628662,0,0,S,46900,400,6628660,3893146,
000012.SZ,000012,20251209,93941370,6628663,0,0,S,46900,300,6628660,3893147,
000012.SZ,000012,20251209,93941370,6628664,0,0,S,46900,400,6628660,3893148,
000012.SZ,000012,20251209,93941370,6628665,0,0,S,46900,600,6628660,3893149,
000012.SZ,000012,20251209,93941370,6628666,0,0,S,46900,700,6628660,3893150,
000012.SZ,000012,20251209,93941370,6628667,0,0,S,46900,100,6628660,3893162,
000012.SZ,000012,20251209,93941370,6628668,0,0,S,46900,100,6628660,3893166,
000012.SZ,000012,20251209,93941370,6628669,0,0,S,46900,300,6628660,3893168,
000012.SZ,000012,20251209,93941370,6628670,0,0,S,46900,1600,6628660,3893172,
000012.SZ,000012,20251209,93941370,6628671,0,0,S,46900,1700,6628660,3893173,
000012.SZ,000012,20251209,93941370,6628672,0,0,S,46900,600,6628660,3893174,
000012.SZ,000012,20251209,93941370,6628673,0,0,S,46900,500,6628660,3893176,
000012.SZ,000012,20251209,93941370,6628674,0,0,S,46900,1700,6628660,3893191,
000012.SZ,000012,20251209,93941370,6628675,0,0,S,46900,2400,6628660,3893200,
000012.SZ,000012,20251209,93941370,6628676,0,0,S,46900,400,6628660,3893211,
000012.SZ,000012,20251209,93941370,6628677,0,0,S,46900,500,6628660,3893213,
000012.SZ,000012,20251209,93941370,6628678,0,0,S,46900,300,6628660,3893214,
000012.SZ,000012,20251209,93941370,6628679,0,0,S,46900,800,6628660,3893215,
000012.SZ,000012,20251209,93941370,6628680,0,0,S,46900,300,6628660,3893217,
000012.SZ,000012,20251209,93941370,6628681,0,0,S,46900,700,6628660,3893223,
000012.SZ,000012,20251209,93941370,6628682,0,0,S,46900,700,6628660,3893235,
000012.SZ,000012,20251209,93941370,6628683,0,0,S,46900,700,6628660,3893239,
000012.SZ,000012,20251209,93941370,6628684,0,0,S,46900,400,6628660,3893243,
000012.SZ,000012,20251209,93941370,6628685,0,0,S,46900,600,6628660,3893246,
000012.SZ,000012,20251209,93941370,6628686,0,0,S,46900,1200,6628660,3893248,
000012.SZ,000012,20251209,93941370,6628687,0,0,S,46900,300,6628660,3893249,
000012.SZ,000012,20251209,93941370,6628688,0,0,S,46900,1400,6628660,3893250,
000012.SZ,000012,20251209,93941370,6628689,0,0,S,46900,400,6628660,3893255,
000012.SZ,000012,20251209,93941370,6628690,0,0,S,46900,300,6628660,3893257,
000012.SZ,000012,20251209,93941370,6628691,0,0,S,46900,400,6628660,3893258,
000012.SZ,000012,20251209,93941370,6628692,0,0,S,46900,300,6628660,3893261,
000012.SZ,000012,20251209,93941370,6628693,0,0,S,46900,2700,6628660,3893266,
000012.SZ,000012,20251209,93941370,6628694,0,0,S,46900,500,6628660,3893267,
000012.SZ,000012,20251209,93941370,6628695,0,0,S,46900,1800,6628660,3893268,
000012.SZ,000012,20251209,93941370,6628696,0,0,S,46900,300,6628660,3893269,
000012.SZ,000012,20251209,93941370,6628697,0,0,S,46900,300,6628660,3893271,
000012.SZ,000012,20251209,93941370,6628698,0,0,S,46900,500,6628660,3893277,
000012.SZ,000012,20251209,93941370,6628699,0,0,S,46900,500,6628660,3893278,
000012.SZ,000012,20251209,93941370,6628700,0,0,S,46900,4800,6628660,3893293,
000012.SZ,000012,20251209,93941370,6628701,0,0,S,46900,400,6628660,3893403,
000012.SZ,000012,20251209,93941370,6628702,0,0,S,46900,800,6628660,3893433,
000012.SZ,000012,20251209,93941370,6628703,0,0,S,46900,400,6628660,3893436,
000012.SZ,000012,20251209,93941370,6628704,0,0,S,46900,300,6628660,3893474,
000012.SZ,000012,20251209,93941370,6628705,0,0,S,46900,3300,6628660,3893477,
000012.SZ,000012,20251209,93941370,6628706,0,0,S,46900,400,6628660,3893521,
000012.SZ,000012,20251209,93941370,6628707,0,0,S,46900,200,6628660,3893533,
000012.SZ,000012,20251209,93941370,6628708,0,0,S,46900,400,6628660,3893565,
000012.SZ,000012,20251209,93941370,6628709,0,0,S,46900,4500,6628660,3893566,
000012.SZ,000012,20251209,93941370,6628710,0,0,S,46900,2700,6628660,3893567,
000012.SZ,000012,20251209,93941370,6628711,0,0,S,46900,700,6628660,3893614,
000012.SZ,000012,20251209,93941370,6628712,0,0,S,46900,900,6628660,3893622,
000012.SZ,000012,20251209,93941370,6628713,0,0,S,46900,1400,6628660,3893623,
000012.SZ,000012,20251209,93941370,6628714,0,0,S,46900,500,6628660,3893677,
000012.SZ,000012,20251209,93941370,6628715,0,0,S,46900,100,6628660,3955966,
000012.SZ,000012,20251209,93941370,6628716,0,0,S,46900,100,6628660,3956018,
000012.SZ,000012,20251209,93941370,6628717,0,0,S,46900,1000,6628660,3968330,
000012.SZ,000012,20251209,93941370,6628718,0,0,S,46900,100,6628660,4035512,
000012.SZ,000012,20251209,93941370,6628719,0,0,S,46900,100,6628660,4062041,
000012.SZ,000012,20251209,93941370,6628720,0,0,S,46900,2329,6628660,4119663,
000012.SZ,000012,20251209,93941380,6628735,0,0,S,46900,1171,6628734,4119663,
000012.SZ,000012,20251209,93941380,6628736,0,0,S,46900,100,6628734,4128067,
000012.SZ,000012,20251209,93941380,6628737,0,0,S,46900,800,6628734,4128083,
000012.SZ,000012,20251209,93941380,6628738,0,0,S,46900,1700,6628734,4128088,
000012.SZ,000012,20251209,93941380,6628739,0,0,S,46900,600,6628734,4128096,
000012.SZ,000012,20251209,93941380,6628740,0,0,S,46900,700,6628734,4128128,
000012.SZ,000012,20251209,93941380,6628741,0,0,S,46900,1000,6628734,4136454,
000012.SZ,000012,20251209,93941380,6628742,0,0,S,46900,500,6628734,4164764,
000012.SZ,000012,20251209,93941380,6628743,0,0,S,46900,100,6628734,4174193,
000012.SZ,000012,20251209,93941380,6628744,0,0,S,46900,100,6628734,4185747,
000012.SZ,000012,20251209,93941380,6628745,0,0,S,46900,1000,6628734,4242869,
000012.SZ,000012,20251209,93941380,6628746,0,0,S,46900,1300,6628734,4258422,
000012.SZ,000012,20251209,93941380,6628747,0,0,S,46900,700,6628734,4258465,
000012.SZ,000012,20251209,93941380,6628748,0,0,S,46900,100,6628734,4318801,
000012.SZ,000012,20251209,93941380,6628749,0,0,S,46900,100,6628734,4356715,
000012.SZ,000012,20251209,93941380,6628750,0,0,S,46900,300,6628734,4402255,
000012.SZ,000012,20251209,93941380,6628751,0,0,S,46900,400,6628734,4402256,
