万得代码,交易所代码,自然日,时间,委托编号,交易所委托号,委托类型,委托代码,委托价格,委托数量,
000012.SZ,000012,20251209,91500050,0,961,0,S,51000,1400,
000012.SZ,000012,20251209,91500060,0,3419,0,S,51000,5000,
000012.SZ,000012,20251209,91500060,0,3450,0,S,48000,500,
000012.SZ,000012,20251209,91500060,0,3519,0,S,48700,3000,
000012.SZ,000012,20251209,91500060,0,4649,0,S,49900,4000,
000012.SZ,000012,20251209,91500070,0,5351,0,S,49800,1300,
000012.SZ,000012,20251209,91500070,0,5948,0,S,47800,10000,
000012.SZ,000012,20251209,91500070,0,5949,0,S,47700,10000,
000012.SZ,000012,20251209,91500070,0,5950,0,S,47900,10000,
000012.SZ,000012,20251209,91500070,0,5951,0,S,48000,10000,
000012.SZ,000012,20251209,91500070,0,5952,0,S,48100,10000,
000012.SZ,000012,20251209,91500070,0,5953,0,S,48200,10000,
000012.SZ,000012,20251209,91500070,0,5954,0,S,48300,10000,
000012.SZ,000012,20251209,91500070,0,5955,0,S,48400,10000,
000012.SZ,000012,20251209,91500070,0,5956,0,S,48500,10000,
000012.SZ,000012,20251209,91500070,0,5957,0,S,48600,10000,
000012.SZ,000012,20251209,91500070,0,5958,0,S,48800,10000,
000012.SZ,000012,20251209,91500070,0,5959,0,S,49000,10000,
000012.SZ,000012,20251209,91500070,0,5960,0,S,49100,10000,
000012.SZ,000012,20251209,91500070,0,5961,0,S,49200,10000,
000012.SZ,000012,20251209,91500070,0,6182,0,B,45000,2000,
000012.SZ,000012,20251209,91500070,0,6259,0,S,49500,2000,
000012.SZ,000012,20251209,91500070,0,6260,0,S,51900,3000,
000012.SZ,000012,20251209,91500070,0,6445,0,S,48800,1000,
000012.SZ,000012,20251209,91500070,0,6446,0,S,49800,5000,
000012.SZ,000012,20251209,91500070,0,6839,0,S,51900,1400,
000012.SZ,000012,20251209,91500070,0,7635,0,S,51200,400,
000012.SZ,000012,20251209,91500070,0,7900,0,S,51900,2000,
000012.SZ,000012,20251209,91500070,0,7902,0,S,51800,2000,
000012.SZ,000012,20251209,91500070,0,7903,0,S,51500,2000,
000012.SZ,000012,20251209,91500070,0,7904,0,S,51000,2000,
000012.SZ,000012,20251209,91500070,0,8772,0,B,46800,3000,
000012.SZ,000012,20251209,91500070,0,8773,0,B,46500,3000,
000012.SZ,000012,20251209,91500080,0,9212,0,B,46200,3000,
000012.SZ,000012,20251209,91500080,0,9823,0,B,45900,3000,
000012.SZ,000012,20251209,91500080,0,9824,0,B,45600,3000,
000012.SZ,000012,20251209,91500080,0,9825,0,S,48200,3000,
000012.SZ,000012,20251209,91500080,0,9826,0,S,48500,3000,
000012.SZ,000012,20251209,91500080,0,9827,0,S,48800,3000,
000012.SZ,000012,20251209,91500080,0,9829,0,S,49100,3000,
000012.SZ,000012,20251209,91500080,0,9830,0,S,49400,3000,
000012.SZ,000012,20251209,91500080,0,9832,0,S,49700,3000,
000012.SZ,000012,20251209,91500080,0,9833,0,S,50000,3000,
000012.SZ,000012,20251209,91500080,0,9835,0,S,50300,3000,
000012.SZ,000012,20251209,91500080,0,9838,0,S,50600,3000,
000012.SZ,000012,20251209,91500080,0,9840,0,S,50900,3000,
000012.SZ,000012,20251209,91500080,0,9842,0,S,51200,3000,
000012.SZ,000012,20251209,91500080,0,9862,0,S,51500,3000,
000012.SZ,000012,20251209,91500080,0,9864,0,S,51800,3000,
000012.SZ,000012,20251209,91500080,0,9865,0,S,51900,6000,
000012.SZ,000012,20251209,91500080,0,10086,0,S,48600,2500,
000012.SZ,000012,20251209,91500080,0,10465,0,S,47500,2000,
000012.SZ,000012,20251209,91500080,0,11027,0,S,51500,800,
000012.SZ,000012,20251209,91500080,0,12183,0,S,48000,10000,
000012.SZ,000012,20251209,91500080,0,12184,0,S,48100,10000,
000012.SZ,000012,20251209,91500080,0,12185,0,S,48200,10000,
000012.SZ,000012,20251209,91500080,0,12186,0,S,48300,10000,
000012.SZ,000012,20251209,91500080,0,12187,0,S,48400,10000,
000012.SZ,000012,20251209,91500080,0,12188,0,S,48500,10000,
000012.SZ,000012,20251209,91500080,0,12189,0,S,48600,10000,
000012.SZ,000012,20251209,91500080,0,12190,0,S,48700,10000,
000012.SZ,000012,20251209,91500080,0,12191,0,S,48800,10000,
000012.SZ,000012,20251209,91500080,0,12195,0,S,48900,10000,
000012.SZ,000012,20251209,91500080,0,12197,0,S,49000,10000,
000012.SZ,000012,20251209,91500080,0,12201,0,S,49100,10000,
000012.SZ,000012,20251209,91500080,0,12252,0,S,49200,10000,
000012.SZ,000012,20251209,91500080,0,12276,0,B,44600,700,
000012.SZ,000012,20251209,91500080,0,12365,0,S,49400,10000,
000012.SZ,000012,20251209,91500080,0,12542,0,S,49300,10000,
000012.SZ,000012,20251209,91500080,0,12543,0,S,49500,10000,
000012.SZ,000012,20251209,91500080,0,12545,0,S,49600,10000,
000012.SZ,000012,20251209,91500080,0,12546,0,S,49700,10000,
000012.SZ,000012,20251209,91500080,0,12547,0,S,49800,10000,
000012.SZ,000012,20251209,91500080,0,12549,0,S,49900,10000,
000012.SZ,000012,20251209,91500080,0,12550,0,S,50000,10000,
000012.SZ,000012,20251209,91500090,0,13014,0,S,51800,500,
000012.SZ,000012,20251209,91500090,0,13515,0,S,48100,5000,
000012.SZ,000012,20251209,91500090,0,13926,0,S,51800,500,
000012.SZ,000012,20251209,91500090,0,13937,0,S,51700,2000,
000012.SZ,000012,20251209,91500090,0,14086,0,B,46200,300,
000012.SZ,000012,20251209,91500090,0,14180,0,S,48400,400,
000012.SZ,000012,20251209,91500090,0,14181,0,S,49100,600,
000012.SZ,000012,20251209,91500090,0,14182,0,S,50000,1000,
000012.SZ,000012,20251209,91500090,0,14187,0,S,51700,1000,
000012.SZ,000012,20251209,91500090,0,14191,0,B,45800,1200,
000012.SZ,000012,20251209,91500090,0,14192,0,B,45000,600,
000012.SZ,000012,20251209,91500090,0,14193,0,B,43100,2400,
000012.SZ,000012,20251209,91500090,0,14194,0,B,42500,600,
000012.SZ,000012,20251209,91500090,0,14394,0,S,51900,200,
000012.SZ,000012,20251209,91500090,0,14658,0,B,47000,1000,
000012.SZ,000012,20251209,91500090,0,14659,0,B,46800,1000,
000012.SZ,000012,20251209,91500090,0,14660,0,S,47700,1000,
000012.SZ,000012,20251209,91500090,0,14661,0,S,48000,1000,
000012.SZ,000012,20251209,91500090,0,15299,0,B,44600,7000,
000012.SZ,000012,20251209,91500090,0,15418,0,S,48400,700,
000012.SZ,000012,20251209,91500090,0,15504,0,S,48200,5000,
000012.SZ,000012,20251209,91500090,0,15566,0,S,51500,600,
000012.SZ,000012,20251209,91500090,0,15935,0,S,49700,10000,
000012.SZ,000012,20251209,91500090,0,16277,0,S,51900,2000,
000012.SZ,000012,20251209,91500090,0,16655,0,B,46300,2500,
000012.SZ,000012,20251209,91500100,0,16923,0,S,51900,800,
000012.SZ,000012,20251209,91500100,0,16987,0,S,51900,553600,
000012.SZ,000012,20251209,91500100,0,17066,0,S,49800,10000,
000012.SZ,000012,20251209,91500100,0,17587,0,S,51800,500,
000012.SZ,000012,20251209,91500100,0,17751,0,B,42500,2000,
000012.SZ,000012,20251209,91500100,0,17772,0,S,51900,500,
000012.SZ,000012,20251209,91500100,0,17882,0,S,51900,2000,
000012.SZ,000012,20251209,91500100,0,18284,0,S,51800,500,
000012.SZ,000012,20251209,91500100,0,18327,0,S,51300,300,
000012.SZ,000012,20251209,91500100,0,18364,0,S,51900,2400,
000012.SZ,000012,20251209,91500100,0,19114,0,B,46200,6000,
000012.SZ,000012,20251209,91500110,0,22118,0,S,48000,1600,
000012.SZ,000012,20251209,91500110,0,22119,0,S,48900,1600,
000012.SZ,000012,20251209,91500110,0,22121,0,S,49800,1600,
000012.SZ,000012,20251209,91500110,0,22365,0,S,48600,500,
000012.SZ,000012,20251209,91500110,0,22467,0,S,47700,33100,
000012.SZ,000012,20251209,91500120,0,23303,0,S,51800,500,
000012.SZ,000012,20251209,91500120,0,24032,0,B,45700,7000,
000012.SZ,000012,20251209,91500120,0,24684,0,B,45700,7000,
000012.SZ,000012,20251209,91500120,0,25474,0,S,51800,100,
000012.SZ,000012,20251209,91500120,0,25576,0,B,45000,100,
000012.SZ,000012,20251209,91500130,0,26376,0,S,47500,56300,
000012.SZ,000012,20251209,91500130,0,26455,0,S,51900,100,
000012.SZ,000012,20251209,91500130,0,26576,0,S,51900,10000,
000012.SZ,000012,20251209,91500130,0,27101,0,S,50000,500,
000012.SZ,000012,20251209,91500130,0,27179,0,B,43100,400,
000012.SZ,000012,20251209,91500130,0,27931,0,S,50000,1000,
000012.SZ,000012,20251209,91500130,0,28788,0,B,46000,1000,
000012.SZ,000012,20251209,91500140,0,30496,0,S,51900,100,
000012.SZ,000012,20251209,91500140,0,30613,0,S,51900,800,
000012.SZ,000012,20251209,91500140,0,31847,0,S,51800,500,
000012.SZ,000012,20251209,91500140,0,32173,0,B,44200,100,
000012.SZ,000012,20251209,91500140,0,32175,0,B,42700,100,
000012.SZ,000012,20251209,91500140,0,32991,0,S,51900,5000,
000012.SZ,000012,20251209,91500140,0,32993,0,S,51900,1500,
000012.SZ,000012,20251209,91500140,0,32994,0,B,45000,5000,
000012.SZ,000012,20251209,91500150,0,34950,0,S,48000,3500,
000012.SZ,000012,20251209,91500150,0,34977,0,S,49900,2000,
000012.SZ,000012,20251209,91500150,0,35046,0,S,51900,2000,
000012.SZ,000012,20251209,91500150,0,35152,0,B,45700,700,
000012.SZ,000012,20251209,91500150,0,35749,0,S,49500,400,
000012.SZ,000012,20251209,91500150,0,35750,0,S,51200,400,
000012.SZ,000012,20251209,91500160,0,37485,0,S,51900,1900,
000012.SZ,000012,20251209,91500160,0,37628,0,S,47400,10000,
000012.SZ,000012,20251209,91500160,0,37696,0,B,47000,10000,
000012.SZ,000012,20251209,91500160,0,38200,0,B,46800,1100,
000012.SZ,000012,20251209,91500160,0,39697,0,S,51900,3992,
000012.SZ,000012,20251209,91500170,0,40358,0,S,49400,2500,
000012.SZ,000012,20251209,91500180,0,42700,0,S,51800,500,
000012.SZ,000012,20251209,91500180,0,42923,0,S,51900,5000,
000012.SZ,000012,20251209,91500180,0,42924,0,S,48800,2000,
000012.SZ,000012,20251209,91500180,0,42975,0,S,50000,2200,
000012.SZ,000012,20251209,91500180,0,43129,0,S,51900,1000,
000012.SZ,000012,20251209,91500180,0,45303,0,S,50300,500,
000012.SZ,000012,20251209,91500190,0,46511,0,S,51900,800,
000012.SZ,000012,20251209,91500190,0,47954,0,B,46800,1000,
000012.SZ,000012,20251209,91500200,0,49586,0,B,46400,4200,
000012.SZ,000012,20251209,91500200,0,50110,0,S,48600,1000,
000012.SZ,000012,20251209,91500210,0,51351,0,B,46100,2500,
000012.SZ,000012,20251209,91500210,0,51731,0,S,50000,2900,
000012.SZ,000012,20251209,91500210,0,51937,0,S,51800,600,
000012.SZ,000012,20251209,91500220,0,54871,0,S,51900,3000,
000012.SZ,000012,20251209,91500230,0,56355,0,S,48500,2200,
000012.SZ,000012,20251209,91500230,0,56356,0,S,49900,2800,
000012.SZ,000012,20251209,91500230,0,56363,0,S,51800,2000,
000012.SZ,000012,20251209,91500240,0,57345,0,S,51900,5000,
000012.SZ,000012,20251209,91500240,0,58124,0,B,44800,1000,
000012.SZ,000012,20251209,91500240,0,58125,0,S,49400,1000,
000012.SZ,000012,20251209,91500240,0,58286,0,S,48000,100,
000012.SZ,000012,20251209,91500250,0,59076,0,B,47000,500,
000012.SZ,000012,20251209,91500250,0,59594,0,B,42500,500,
000012.SZ,000012,20251209,91500260,0,60515,0,S,48200,10000,
000012.SZ,000012,20251209,91500260,0,60516,0,S,48300,10000,
000012.SZ,000012,20251209,91500260,0,60517,0,S,48400,10000,
000012.SZ,000012,20251209,91500260,0,60518,0,S,48500,10000,
000012.SZ,000012,20251209,91500260,0,60519,0,S,48600,10000,
000012.SZ,000012,20251209,91500260,0,60520,0,S,48700,10000,
000012.SZ,000012,20251209,91500260,0,60521,0,S,48800,10000,
000012.SZ,000012,20251209,91500260,0,60522,0,S,48900,10000,
000012.SZ,000012,20251209,91500260,0,60523,0,S,49000,10000,
000012.SZ,000012,20251209,91500260,0,60524,0,B,46800,10000,
000012.SZ,000012,20251209,91500260,0,60525,0,B,46700,10000,
000012.SZ,000012,20251209,91500260,0,60526,0,B,46600,10000,
000012.SZ,000012,20251209,91500260,0,60527,0,B,46500,20000,
000012.SZ,000012,20251209,91500260,0,60548,0,S,51900,200,
000012.SZ,000012,20251209,91500260,0,60549,0,S,50900,200,
000012.SZ,000012,20251209,91500260,0,61562,0,S,51900,2000,
000012.SZ,000012,20251209,91500270,0,62275,0,S,51900,900,
000012.SZ,000012,20251209,91500270,0,62366,0,B,47000,700,
000012.SZ,000012,20251209,91500270,0,63099,0,S,51900,100,
000012.SZ,000012,20251209,91500280,0,63170,0,B,46500,1000,
000012.SZ,000012,20251209,91500280,0,63730,0,S,48600,2000,
000012.SZ,000012,20251209,91500280,0,64494,0,B,46600,2000,
000012.SZ,000012,20251209,91500290,0,65058,0,B,46900,1500,
000012.SZ,000012,20251209,91500290,0,66190,0,B,46500,4000,
000012.SZ,000012,20251209,91500290,0,66192,0,B,46500,2000,
000012.SZ,000012,20251209,91500300,0,66657,0,B,46100,5000,
000012.SZ,000012,20251209,91500300,0,67275,0,S,51900,10000,
000012.SZ,000012,20251209,91500300,0,67501,0,S,51000,3200,
000012.SZ,000012,20251209,91500340,0,74255,0,B,46200,10000,
000012.SZ,000012,20251209,91500340,0,74256,0,B,45300,10000,
000012.SZ,000012,20251209,91500350,0,74903,0,S,47900,900,
000012.SZ,000012,20251209,91500350,0,75707,0,S,48000,2000,
000012.SZ,000012,20251209,91500350,0,75708,0,S,49000,2000,
000012.SZ,000012,20251209,91500350,0,75709,0,S,50000,2000,
000012.SZ,000012,20251209,91500350,0,75710,0,S,51000,2000,
000012.SZ,000012,20251209,91500350,0,75791,0,B,46800,500,
000012.SZ,000012,20251209,91500360,0,76207,0,S,49800,3000,
000012.SZ,000012,20251209,91500360,0,76209,0,S,49800,4000,
000012.SZ,000012,20251209,91500370,0,77531,0,S,51900,1000,
000012.SZ,000012,20251209,91500370,0,77759,0,S,49800,1000,
000012.SZ,000012,20251209,91500370,0,77760,0,S,50600,1000,
000012.SZ,000012,20251209,91500370,0,77761,0,S,51000,1000,
000012.SZ,000012,20251209,91500370,0,77917,0,S,48500,3000,
000012.SZ,000012,20251209,91500370,0,77919,0,S,49900,3000,
000012.SZ,000012,20251209,91500370,0,77921,0,S,51200,2000,
000012.SZ,000012,20251209,91500370,0,77987,0,B,43900,3000,
000012.SZ,000012,20251209,91500380,0,78520,0,S,50000,800,
000012.SZ,000012,20251209,91500390,0,79680,0,S,47700,5000,
000012.SZ,000012,20251209,91500390,0,79681,0,S,47500,5000,
000012.SZ,000012,20251209,91500390,0,79682,0,S,47900,5000,
000012.SZ,000012,20251209,91500390,0,79683,0,S,48400,5000,
000012.SZ,000012,20251209,91500390,0,79684,0,B,46300,10000,
000012.SZ,000012,20251209,91500390,0,79686,0,B,46200,10000,
000012.SZ,000012,20251209,91500390,0,79688,0,B,46100,10000,
000012.SZ,000012,20251209,91500390,0,79689,0,B,46000,10000,
000012.SZ,000012,20251209,91500390,0,79690,0,B,45900,10000,
000012.SZ,000012,20251209,91500390,0,79694,0,B,45700,10000,
000012.SZ,000012,20251209,91500390,0,79695,0,B,45600,10000,
000012.SZ,000012,20251209,91500390,0,79697,0,B,45500,10000,
000012.SZ,000012,20251209,91500390,0,79699,0,B,45400,20000,
000012.SZ,000012,20251209,91500390,0,79700,0,B,45300,20000,
000012.SZ,000012,20251209,91500390,0,79701,0,B,45500,10000,
000012.SZ,000012,20251209,91500390,0,79895,0,B,46200,500,
000012.SZ,000012,20251209,91500390,0,80117,0,B,46100,200,
000012.SZ,000012,20251209,91500390,0,80274,0,S,51800,13000,
000012.SZ,000012,20251209,91500400,0,81599,0,B,45000,800,
000012.SZ,000012,20251209,91500400,0,81600,0,B,42500,700,
000012.SZ,000012,20251209,91500410,0,82225,0,B,45800,1100,
000012.SZ,000012,20251209,91500410,0,82479,0,B,44000,2500,
000012.SZ,000012,20251209,91500410,0,83088,0,S,51900,76300,
000012.SZ,000012,20251209,91500410,0,83090,0,S,51900,9400,
000012.SZ,000012,20251209,91500420,0,83627,0,S,50000,2500,
000012.SZ,000012,20251209,91500420,0,83630,0,S,50900,3000,
000012.SZ,000012,20251209,91500420,0,83711,0,S,51000,1500,
000012.SZ,000012,20251209,91500420,0,84347,0,S,51800,1000,
000012.SZ,000012,20251209,91500420,0,84372,0,S,51900,3100,
000012.SZ,000012,20251209,91500430,0,84547,0,S,49500,3000,
000012.SZ,000012,20251209,91500430,0,84787,0,S,51100,5000,
000012.SZ,000012,20251209,91500430,0,85329,0,B,45700,700,
000012.SZ,000012,20251209,91500460,0,88029,0,S,51900,600,
000012.SZ,000012,20251209,91500470,0,89460,0,B,46900,5000,
000012.SZ,000012,20251209,91500470,0,89462,0,S,47400,5000,
000012.SZ,000012,20251209,91500470,0,89913,0,S,48800,500,
000012.SZ,000012,20251209,91500490,0,91526,0,B,42800,1000,
000012.SZ,000012,20251209,91500490,0,91605,0,B,45000,4400,
000012.SZ,000012,20251209,91500490,0,91606,0,S,49900,4300,
000012.SZ,000012,20251209,91500500,0,92430,0,S,51000,5000,
000012.SZ,000012,20251209,91500510,0,93743,0,S,51300,5500,
000012.SZ,000012,20251209,91500510,0,94372,0,S,47600,10000,
000012.SZ,000012,20251209,91500510,0,94880,0,S,51000,3100,
000012.SZ,000012,20251209,91500530,0,96438,0,S,49800,500,
000012.SZ,000012,20251209,91500530,0,96440,0,S,50800,500,
000012.SZ,000012,20251209,91500530,0,96493,0,B,46000,2000,
000012.SZ,000012,20251209,91500540,0,97387,0,S,48200,2000,
000012.SZ,000012,20251209,91500550,0,97921,0,S,49900,400,
000012.SZ,000012,20251209,91500550,0,97922,0,S,50300,400,
000012.SZ,000012,20251209,91500560,0,98738,0,S,49200,1000,
000012.SZ,000012,20251209,91500560,0,98747,0,S,51900,1000,
000012.SZ,000012,20251209,91500560,0,99089,0,S,51900,700,
000012.SZ,000012,20251209,91500560,0,99191,0,S,47900,900,
000012.SZ,000012,20251209,91500560,0,99951,0,B,47000,20000,
000012.SZ,000012,20251209,91500580,0,101381,0,S,51000,1000,
000012.SZ,000012,20251209,91500580,0,101541,0,S,48300,1200,
000012.SZ,000012,20251209,91500580,0,101887,0,S,48300,700,
000012.SZ,000012,20251209,91500580,0,101891,0,S,48000,15000,
000012.SZ,000012,20251209,91500590,0,102160,0,S,48100,400,
000012.SZ,000012,20251209,91500590,0,102166,0,B,46400,200,
000012.SZ,000012,20251209,91500600,0,103680,0,S,50500,7000,
000012.SZ,000012,20251209,91500620,0,105149,0,B,44000,200000,
000012.SZ,000012,20251209,91500630,0,106143,0,B,43700,1600,
000012.SZ,000012,20251209,91500630,0,106418,0,S,47500,4900,
000012.SZ,000012,20251209,91500630,0,106929,0,B,47200,2100,
000012.SZ,000012,20251209,91500640,0,107249,0,B,46800,2000,
000012.SZ,000012,20251209,91500640,0,107255,0,B,46400,4000,
000012.SZ,000012,20251209,91500640,0,107367,0,S,47800,4000,
000012.SZ,000012,20251209,91500650,0,108361,0,S,49500,1100,
000012.SZ,000012,20251209,91500650,0,108362,0,S,51500,1000,
000012.SZ,000012,20251209,91500650,0,108458,0,S,47900,500,
000012.SZ,000012,20251209,91500660,0,109179,0,B,45300,11000,
000012.SZ,000012,20251209,91500660,0,109737,0,B,45500,500,
000012.SZ,000012,20251209,91500670,0,110502,0,S,49500,10000,
000012.SZ,000012,20251209,91500670,0,111085,0,S,51900,12000,
000012.SZ,000012,20251209,91500680,0,111534,0,S,48900,300,
000012.SZ,000012,20251209,91500700,0,112813,0,B,46000,5000,
000012.SZ,000012,20251209,91500700,0,112814,0,B,45800,5000,
000012.SZ,000012,20251209,91500700,0,112815,0,B,45400,5000,
000012.SZ,000012,20251209,91500700,0,112816,0,B,44800,5000,
000012.SZ,000012,20251209,91500700,0,112909,0,S,51500,140000,
000012.SZ,000012,20251209,91500700,0,112992,0,S,47200,400,
000012.SZ,000012,20251209,91500700,0,113291,0,B,46600,2500,
000012.SZ,000012,20251209,91500700,0,113292,0,B,46000,2500,
000012.SZ,000012,20251209,91500710,0,113804,0,S,49200,400,
000012.SZ,000012,20251209,91500710,0,113809,0,B,45200,400,
000012.SZ,000012,20251209,91500710,0,114035,0,B,42600,1500,
000012.SZ,000012,20251209,91500720,0,115141,0,S,47200,400,
000012.SZ,000012,20251209,91500720,0,115143,0,S,51900,56600,
000012.SZ,000012,20251209,91500720,0,115147,0,S,51900,22400,
000012.SZ,000012,20251209,91500720,0,115217,0,S,48300,5000,
000012.SZ,000012,20251209,91500730,0,115624,0,B,46200,5000,
000012.SZ,000012,20251209,91500730,0,115796,0,B,46100,5000,
000012.SZ,000012,20251209,91500730,0,116049,0,B,46000,5000,
000012.SZ,000012,20251209,91500740,0,116405,0,S,51500,500,
000012.SZ,000012,20251209,91500740,0,116548,0,S,51900,10000,
000012.SZ,000012,20251209,91500750,0,117688,0,S,51300,200,
000012.SZ,000012,20251209,91500770,0,118821,0,B,47200,1200,
000012.SZ,000012,20251209,91500770,0,118979,0,S,51700,100,
000012.SZ,000012,20251209,91500770,0,119030,0,S,49800,1500,
000012.SZ,000012,20251209,91500780,0,119250,0,S,50000,1900,
000012.SZ,000012,20251209,91500780,0,119482,0,S,50200,1000,
000012.SZ,000012,20251209,91500780,0,119483,0,S,51500,1000,
000012.SZ,000012,20251209,91500780,0,119484,0,S,51900,1000,
000012.SZ,000012,20251209,91500790,0,120399,0,S,51900,5000,
000012.SZ,000012,20251209,91500810,0,121820,0,S,51400,1000,
000012.SZ,000012,20251209,91500810,0,121821,0,S,51800,1000,
000012.SZ,000012,20251209,91500820,0,122512,0,S,47500,100,
000012.SZ,000012,20251209,91500830,0,123120,0,B,46400,400,
000012.SZ,000012,20251209,91500830,0,123122,0,S,48100,400,
000012.SZ,000012,20251209,91500830,0,123547,0,S,51900,2000,
000012.SZ,000012,20251209,91500840,0,124166,0,S,48300,900,
000012.SZ,000012,20251209,91500840,0,124167,0,S,48800,900,
000012.SZ,000012,20251209,91500840,0,124168,0,S,49300,900,
000012.SZ,000012,20251209,91500840,0,124394,0,B,45600,1400,
000012.SZ,000012,20251209,91500840,0,124395,0,B,45100,1400,
000012.SZ,000012,20251209,91500840,0,124396,0,B,44600,1300,
000012.SZ,000012,20251209,91500840,0,124397,0,B,44100,1300,
000012.SZ,000012,20251209,91500840,0,124398,0,S,48900,600,
000012.SZ,000012,20251209,91500840,0,124400,0,S,49400,700,
000012.SZ,000012,20251209,91500840,0,124401,0,S,49900,700,
000012.SZ,000012,20251209,91500840,0,124402,0,S,50400,800,
000012.SZ,000012,20251209,91500860,0,125700,0,S,47600,20000,
000012.SZ,000012,20251209,91500860,0,125708,0,S,47900,20000,
000012.SZ,000012,20251209,91500860,0,125710,0,B,46600,10000,
000012.SZ,000012,20251209,91500860,0,125804,0,S,51900,405500,
000012.SZ,000012,20251209,91500870,0,126706,0,S,51500,10000,
000012.SZ,000012,20251209,91500880,0,126761,0,S,51800,500,
000012.SZ,000012,20251209,91500890,0,127851,0,B,45600,100,
000012.SZ,000012,20251209,91500890,0,128004,0,S,51900,4200,
000012.SZ,000012,20251209,91500950,0,131531,0,S,47300,69900,
000012.SZ,000012,20251209,91500950,0,131565,0,S,49900,500,
000012.SZ,000012,20251209,91500960,0,132285,0,S,49300,200,
000012.SZ,000012,20251209,91500960,0,132470,0,S,47700,2000,
000012.SZ,000012,20251209,91501000,0,134942,0,B,46500,30000,
000012.SZ,000012,20251209,91501010,0,135943,0,S,51500,1000,
000012.SZ,000012,20251209,91501010,0,136220,0,S,51900,5000,
000012.SZ,000012,20251209,91501040,0,137686,0,B,46000,100,
000012.SZ,000012,20251209,91501050,0,138600,0,S,51900,300,
000012.SZ,000012,20251209,91501070,0,139431,0,S,51900,2000,
000012.SZ,000012,20251209,91501080,0,140519,0,S,47600,13200,
000012.SZ,000012,20251209,91501080,0,140685,0,S,48300,1200,
000012.SZ,000012,20251209,91501090,0,141291,0,S,48300,10000,
000012.SZ,000012,20251209,91501090,0,141331,0,S,49500,10000,
000012.SZ,000012,20251209,91501100,0,141582,0,S,48800,1200,
000012.SZ,000012,20251209,91501100,0,141584,0,B,46200,1300,
000012.SZ,000012,20251209,91501130,0,143872,0,S,51900,4000,
000012.SZ,000012,20251209,91501150,0,145183,0,B,47200,300,
000012.SZ,000012,20251209,91501150,0,145396,0,B,47000,11000,
000012.SZ,000012,20251209,91501150,0,145397,0,B,46800,11000,
000012.SZ,000012,20251209,91501150,0,145398,0,B,46600,11000,
000012.SZ,000012,20251209,91501160,0,145882,0,S,51200,4000,
000012.SZ,000012,20251209,91501190,0,148228,0,S,49400,500,
000012.SZ,000012,20251209,91501190,0,148351,0,S,51800,500,
000012.SZ,000012,20251209,91501190,0,148589,0,S,48200,400,
000012.SZ,000012,20251209,91501190,0,148591,0,B,45000,400,
000012.SZ,000012,20251209,91501190,0,148779,0,S,47200,300,
000012.SZ,000012,20251209,91501210,0,149725,0,S,51600,2000,
000012.SZ,000012,20251209,91501230,0,150979,0,S,51900,8700,
000012.SZ,000012,20251209,91501270,0,152774,0,B,46200,5000,
000012.SZ,000012,20251209,91501270,0,152776,0,B,46200,5000,
000012.SZ,000012,20251209,91501290,0,153914,0,S,48000,3500,
000012.SZ,000012,20251209,91501300,0,154104,0,S,49200,500,
000012.SZ,000012,20251209,91501320,0,155226,0,S,47500,6400,
000012.SZ,000012,20251209,91501360,0,157726,0,S,49000,200,
000012.SZ,000012,20251209,91501360,0,157727,0,S,49500,200,
000012.SZ,000012,20251209,91501380,0,158480,0,B,45700,900,
000012.SZ,000012,20251209,91501380,0,158481,0,B,45200,900,
000012.SZ,000012,20251209,91501390,0,159656,0,B,45400,1200,
000012.SZ,000012,20251209,91501400,0,160246,0,S,49900,2000,
000012.SZ,000012,20251209,91501400,0,160267,0,S,51800,3000,
000012.SZ,000012,20251209,91501420,0,161186,0,S,51900,7000,
000012.SZ,000012,20251209,91501420,0,161641,0,S,48100,2400,
000012.SZ,000012,20251209,91501430,0,162029,0,S,49800,2000,
000012.SZ,000012,20251209,91501430,0,162249,0,S,51900,4400,
000012.SZ,000012,20251209,91501430,0,162360,0,S,51800,2000,
000012.SZ,000012,20251209,91501460,0,163600,0,S,49000,200,
000012.SZ,000012,20251209,91501490,0,165648,0,B,46700,600,
000012.SZ,000012,20251209,91501500,0,166643,0,B,43000,700,
000012.SZ,000012,20251209,91501500,0,166647,0,S,49000,700,
000012.SZ,000012,20251209,91501510,0,167659,0,S,51900,500,
000012.SZ,000012,20251209,91501530,0,169110,0,S,51700,30000,
000012.SZ,000012,20251209,91501540,0,170063,0,S,51900,1000,
000012.SZ,000012,20251209,91501540,0,170249,0,S,47500,1000,
000012.SZ,000012,20251209,91501550,0,170515,0,S,51900,1000,
000012.SZ,000012,20251209,91501550,0,170928,0,S,50000,1200,
000012.SZ,000012,20251209,91501550,0,171013,0,S,49800,10000,
000012.SZ,000012,20251209,91501550,0,171025,0,S,44400,100,
000012.SZ,000012,20251209,91501560,0,171253,0,S,47900,2000,
000012.SZ,000012,20251209,91501560,0,171341,0,S,47900,900,
000012.SZ,000012,20251209,91501590,0,173405,0,S,49500,2000,
000012.SZ,000012,20251209,91501590,0,173428,0,S,50800,5000,
000012.SZ,000012,20251209,91501640,0,176158,0,S,51900,2000,
000012.SZ,000012,20251209,91501660,0,177783,0,S,48000,100,
000012.SZ,000012,20251209,91501660,0,177787,0,S,47700,100,
000012.SZ,000012,20251209,91501680,0,179572,0,S,51900,3000,
000012.SZ,000012,20251209,91501690,0,179775,0,S,49200,300,
000012.SZ,000012,20251209,91501690,0,179777,0,S,49600,200,
000012.SZ,000012,20251209,91501740,0,181524,0,B,44600,300,
000012.SZ,000012,20251209,91501840,0,186234,0,S,51800,2000,
000012.SZ,000012,20251209,91501900,0,188694,0,S,50800,500,
000012.SZ,000012,20251209,91501900,0,188819,0,S,48000,800,
000012.SZ,000012,20251209,91501910,0,188941,0,S,51900,2400,
000012.SZ,000012,20251209,91501970,0,191398,0,B,45700,200,
000012.SZ,000012,20251209,91501970,0,191415,0,S,48600,10000,
000012.SZ,000012,20251209,91501970,0,191449,0,S,47500,2000,
000012.SZ,000012,20251209,91501970,0,191450,0,B,46900,1000,
000012.SZ,000012,20251209,91501970,0,191451,0,B,46600,1000,
000012.SZ,000012,20251209,91501970,0,191452,0,S,47900,1000,
000012.SZ,000012,20251209,91501970,0,191453,0,S,47700,1000,
000012.SZ,000012,20251209,91501970,0,191456,0,S,48200,1000,
000012.SZ,000012,20251209,91501970,0,191457,0,S,48500,1000,
000012.SZ,000012,20251209,91501970,0,191465,0,S,49400,1000,
000012.SZ,000012,20251209,91501970,0,191466,0,S,49800,1000,
000012.SZ,000012,20251209,91501980,0,192174,0,S,48400,200,
000012.SZ,000012,20251209,91501980,0,192175,0,S,49100,400,
000012.SZ,000012,20251209,91501980,0,192177,0,S,50000,600,
000012.SZ,000012,20251209,91501980,0,192180,0,S,51700,1600,
000012.SZ,000012,20251209,91501980,0,192181,0,B,45800,600,
000012.SZ,000012,20251209,91501980,0,192183,0,B,45000,300,
000012.SZ,000012,20251209,91501980,0,192184,0,B,43100,1200,
000012.SZ,000012,20251209,91501980,0,192185,0,B,42500,300,
000012.SZ,000012,20251209,91502000,0,192971,0,S,47600,8600,
000012.SZ,000012,20251209,91502000,0,192973,0,B,47000,9300,
000012.SZ,000012,20251209,91502010,0,193322,0,B,45900,1000,
000012.SZ,000012,20251209,91502010,0,193442,0,S,47500,3000,
000012.SZ,000012,20251209,91502040,0,195444,0,S,48000,100,
000012.SZ,000012,20251209,91502050,0,195736,0,S,48200,2000,
000012.SZ,000012,20251209,91502050,0,195738,0,S,51900,10000,
000012.SZ,000012,20251209,91502060,0,196263,0,S,47900,3700,
000012.SZ,000012,20251209,91502090,0,197250,0,S,49600,1000,
000012.SZ,000012,20251209,91502090,0,197457,0,S,50600,100,
000012.SZ,000012,20251209,91502130,0,198666,0,B,44000,2300,
000012.SZ,000012,20251209,91502130,0,198667,0,S,48800,2200,
000012.SZ,000012,20251209,91502160,0,199749,0,B,46200,10000,
000012.SZ,000012,20251209,91502160,0,199829,0,S,51900,11000,
000012.SZ,000012,20251209,91502160,0,199831,0,S,51900,12000,
000012.SZ,000012,20251209,91502160,0,200027,0,B,47100,600,
000012.SZ,000012,20251209,91502160,0,200220,0,B,46200,15000,
000012.SZ,000012,20251209,91502170,0,200283,0,S,50400,400,
000012.SZ,000012,20251209,91502170,0,200284,0,S,51500,200,
000012.SZ,000012,20251209,91502170,0,200285,0,B,43700,500,
000012.SZ,000012,20251209,91502170,0,200328,0,S,49800,2600,
000012.SZ,000012,20251209,91502170,0,200580,0,S,50200,2000,
000012.SZ,000012,20251209,91502170,0,200594,0,S,49400,300,
000012.SZ,000012,20251209,91502170,0,200595,0,S,51800,500,
000012.SZ,000012,20251209,91502180,0,201398,0,B,46900,1000,
000012.SZ,000012,20251209,91502180,0,201399,0,B,45100,1000,
000012.SZ,000012,20251209,91502190,0,201687,0,S,51900,4000,
000012.SZ,000012,20251209,91502220,0,202976,0,S,47900,1000,
000012.SZ,000012,20251209,91502220,0,203234,0,B,44700,500,
000012.SZ,000012,20251209,91502230,0,203322,0,S,51500,1200,
000012.SZ,000012,20251209,91502230,0,203526,0,S,51900,200,
000012.SZ,000012,20251209,91502230,0,203537,0,S,51800,200,
000012.SZ,000012,20251209,91502230,0,203604,0,S,50000,2000,
000012.SZ,000012,20251209,91502240,0,203854,0,S,51900,400,
000012.SZ,000012,20251209,91502240,0,203911,0,S,48200,300,
000012.SZ,000012,20251209,91502250,0,204142,0,S,49800,500,
000012.SZ,000012,20251209,91502280,0,205259,0,B,46000,1500,
000012.SZ,000012,20251209,91502280,0,205271,0,S,51900,600,
000012.SZ,000012,20251209,91502300,0,205777,0,S,51900,1000,
000012.SZ,000012,20251209,91502300,0,205778,0,B,45800,1000,
000012.SZ,000012,20251209,91502300,0,205779,0,B,42500,3000,
000012.SZ,000012,20251209,91502300,0,205780,0,S,50300,7000,
000012.SZ,000012,20251209,91502300,0,205781,0,S,51900,6900,
000012.SZ,000012,20251209,91502300,0,205782,0,B,45700,6000,
000012.SZ,000012,20251209,91502300,0,205783,0,B,44600,7000,
000012.SZ,000012,20251209,91502300,0,205784,0,B,42500,4000,
000012.SZ,000012,20251209,91502300,0,205785,0,B,43500,1000,
000012.SZ,000012,20251209,91502310,0,206294,0,B,43300,500,
000012.SZ,000012,20251209,91502350,0,207776,0,S,50900,700,
000012.SZ,000012,20251209,91502350,0,207810,0,B,44200,500,
000012.SZ,000012,20251209,91502360,0,207978,0,S,51100,2100,
000012.SZ,000012,20251209,91502360,0,207979,0,B,45000,2300,
000012.SZ,000012,20251209,91502380,0,208454,0,B,46300,2000,
000012.SZ,000012,20251209,91502390,0,208897,0,S,49800,10100,
000012.SZ,000012,20251209,91502410,0,209693,0,S,48700,5500,
000012.SZ,000012,20251209,91502410,0,209694,0,S,49000,5500,
000012.SZ,000012,20251209,91502410,0,209701,0,S,48500,5600,
000012.SZ,000012,20251209,91502450,0,211309,0,S,47700,1500,
000012.SZ,000012,20251209,91502470,0,212016,0,S,51900,1500,
000012.SZ,000012,20251209,91502470,0,212077,0,S,48000,200,
000012.SZ,000012,20251209,91502470,0,212078,0,B,46700,200,
000012.SZ,000012,20251209,91502480,0,212676,0,S,51800,6400,
000012.SZ,000012,20251209,91502480,0,212823,0,S,48500,200,
000012.SZ,000012,20251209,91502520,0,214504,0,S,47900,7900,
000012.SZ,000012,20251209,91502540,0,215737,0,S,50900,1300,
000012.SZ,000012,20251209,91502540,0,215762,0,S,51000,500,
000012.SZ,000012,20251209,91502540,0,215795,0,S,47900,14800,
000012.SZ,000012,20251209,91502540,0,215802,0,S,48000,4400,
000012.SZ,000012,20251209,91502560,0,216757,0,B,46600,5800,
000012.SZ,000012,20251209,91502560,0,216807,0,B,47000,1000,
000012.SZ,000012,20251209,91502590,0,218186,0,B,46300,3800,
000012.SZ,000012,20251209,91502590,0,218188,0,S,51900,500,
000012.SZ,000012,20251209,91502640,0,220057,0,S,50500,700,
000012.SZ,000012,20251209,91502640,0,220123,0,B,42500,100,
000012.SZ,000012,20251209,91502670,0,221195,0,B,43500,500,
000012.SZ,000012,20251209,91502670,0,221205,0,B,44000,300,
000012.SZ,000012,20251209,91502730,0,223192,0,S,51800,1000,
000012.SZ,000012,20251209,91502880,0,226263,0,S,48400,2000,
000012.SZ,000012,20251209,91502880,0,226264,0,S,50700,2000,
000012.SZ,000012,20251209,91502880,0,226268,0,S,47700,500,
000012.SZ,000012,20251209,91502890,0,226353,0,B,46100,3000,
000012.SZ,000012,20251209,91502930,0,227213,0,B,45000,100,
000012.SZ,000012,20251209,91502940,0,227652,0,S,51900,300,
000012.SZ,000012,20251209,91503020,0,230732,0,S,51900,16100,
000012.SZ,000012,20251209,91503020,0,230736,0,S,50400,16100,
000012.SZ,000012,20251209,91503030,0,230891,0,S,47900,300,
000012.SZ,000012,20251209,91503030,0,230892,0,S,48800,300,
000012.SZ,000012,20251209,91503030,0,230893,0,S,49800,300,
000012.SZ,000012,20251209,91503030,0,230894,0,S,51800,300,
000012.SZ,000012,20251209,91503030,0,230980,0,B,46000,400,
000012.SZ,000012,20251209,91503030,0,230985,0,S,51900,500,
000012.SZ,000012,20251209,91503030,0,231047,0,B,46400,300,
000012.SZ,000012,20251209,91503030,0,231049,0,B,46100,500,
000012.SZ,000012,20251209,91503050,0,231328,0,B,45500,600,
000012.SZ,000012,20251209,91503060,0,231651,0,B,46000,500,
000012.SZ,000012,20251209,91503110,0,233091,0,S,51100,300,
000012.SZ,000012,20251209,91503110,0,233093,0,S,51900,300,
000012.SZ,000012,20251209,91503190,0,235429,0,S,49300,1500,
000012.SZ,000012,20251209,91503210,0,235810,0,S,50300,9300,
000012.SZ,000012,20251209,91503210,0,235812,0,S,51900,9600,
000012.SZ,000012,20251209,91503250,0,236535,0,S,49300,1400,
000012.SZ,000012,20251209,91503250,0,236537,0,S,51800,1400,
000012.SZ,000012,20251209,91503340,0,238254,0,S,51900,100,
000012.SZ,000012,20251209,91503350,0,238506,0,B,44500,500,
000012.SZ,000012,20251209,91503350,0,238507,0,B,43500,500,
000012.SZ,000012,20251209,91503350,0,238512,0,B,42500,500,
000012.SZ,000012,20251209,91503360,0,238549,0,S,51800,600,
000012.SZ,000012,20251209,91503400,0,239322,0,B,44400,1000,
000012.SZ,000012,20251209,91503400,0,239349,0,S,51800,400,
000012.SZ,000012,20251209,91503420,0,239954,0,B,46800,5000,
000012.SZ,000012,20251209,91503420,0,240154,0,S,47800,5000,
000012.SZ,000012,20251209,91503470,0,241209,0,S,49600,5000,
000012.SZ,000012,20251209,91503490,0,241591,0,S,48100,1000,
000012.SZ,000012,20251209,91503490,0,241916,0,S,51900,10300,
000012.SZ,000012,20251209,91503500,0,242135,0,S,51800,2000,
000012.SZ,000012,20251209,91503530,0,243340,0,S,47900,2000,
000012.SZ,000012,20251209,91503530,0,243388,0,S,51100,4200,
000012.SZ,000012,20251209,91503540,0,243565,0,S,49600,300,
000012.SZ,000012,20251209,91503540,0,243567,0,S,51400,400,
000012.SZ,000012,20251209,91503550,0,243792,0,S,51900,1900,
000012.SZ,000012,20251209,91503570,0,244645,0,S,48900,5000,
000012.SZ,000012,20251209,91503570,0,244647,0,B,46600,5000,
000012.SZ,000012,20251209,91503590,0,245269,0,B,46300,1000,
000012.SZ,000012,20251209,91503670,0,247347,0,B,42800,500,
000012.SZ,000012,20251209,91503670,0,247526,0,S,49600,500,
000012.SZ,000012,20251209,91503700,0,248446,0,S,50900,1300,
000012.SZ,000012,20251209,91503730,0,249009,0,S,48100,1000,
000012.SZ,000012,20251209,91503730,0,249108,0,B,42600,2000,
000012.SZ,000012,20251209,91503820,0,250061,0,S,50300,5000,
000012.SZ,000012,20251209,91503900,0,251030,0,S,49800,3000,
000012.SZ,000012,20251209,91503960,0,252351,0,S,50500,200,
000012.SZ,000012,20251209,91503960,0,252352,0,S,49500,200,
000012.SZ,000012,20251209,91504140,0,254550,0,B,47000,1000,
000012.SZ,000012,20251209,91504160,0,254756,0,S,48900,2900,
000012.SZ,000012,20251209,91504200,0,255559,0,S,51700,2600,
000012.SZ,000012,20251209,91504260,0,256159,0,S,51900,600,
000012.SZ,000012,20251209,91504260,0,256163,0,B,45900,600,
000012.SZ,000012,20251209,91504260,0,256278,0,B,45300,2000,
000012.SZ,000012,20251209,91504460,0,258594,0,S,49800,4000,
000012.SZ,000012,20251209,91504490,0,259151,0,B,46500,700,
000012.SZ,000012,20251209,91504490,0,259197,0,S,51900,500,
000012.SZ,000012,20251209,91504600,0,261313,0,B,46800,2500,
000012.SZ,000012,20251209,91504600,0,261369,0,S,48000,500,
000012.SZ,000012,20251209,91504620,0,261631,0,S,48800,500,
000012.SZ,000012,20251209,91504710,0,262900,0,B,45900,1000,
000012.SZ,000012,20251209,91504860,0,263361,0,B,46600,2500,
000012.SZ,000012,20251209,91504950,0,264136,0,S,50300,100,
000012.SZ,000012,20251209,91504970,0,264228,0,B,46700,100,
000012.SZ,000012,20251209,91505180,0,265588,0,S,49800,700,
000012.SZ,000012,20251209,91505180,0,265602,0,B,45600,500,
000012.SZ,000012,20251209,91505260,0,266348,0,S,47900,5000,
000012.SZ,000012,20251209,91505270,0,266378,0,S,51900,200,
000012.SZ,000012,20251209,91505270,0,266379,0,S,49900,300,
000012.SZ,000012,20251209,91505270,0,266381,0,B,46500,300,
000012.SZ,000012,20251209,91505270,0,266382,0,B,45500,300,
000012.SZ,000012,20251209,91505270,0,266383,0,B,44600,300,
000012.SZ,000012,20251209,91505270,0,266384,0,B,42500,300,
000012.SZ,000012,20251209,91505570,0,269251,0,B,42500,400,
000012.SZ,000012,20251209,91505670,0,270410,0,S,48400,400,
000012.SZ,000012,20251209,91505680,0,270509,0,S,51900,500,
000012.SZ,000012,20251209,91505820,0,271300,0,B,46200,5000,
000012.SZ,000012,20251209,91505910,0,271431,0,B,46500,500,
000012.SZ,000012,20251209,91505950,0,271811,0,S,50000,2300,
000012.SZ,000012,20251209,91506510,0,274290,0,S,51900,500,
000012.SZ,000012,20251209,91506700,0,276042,0,S,51800,2000,
000012.SZ,000012,20251209,91506770,0,276272,0,S,51900,11300,
000012.SZ,000012,20251209,91506800,0,276313,0,S,48000,100,
000012.SZ,000012,20251209,91506940,0,276692,0,S,50900,200,
000012.SZ,000012,20251209,91506950,0,276902,0,S,50900,100,
000012.SZ,000012,20251209,91507080,0,277272,0,S,51900,2000,
000012.SZ,000012,20251209,91507160,0,277481,0,S,44800,1000,
000012.SZ,000012,20251209,91507180,0,277694,0,S,50900,1000,
000012.SZ,000012,20251209,91507630,0,279511,0,S,51800,5000,
000012.SZ,000012,20251209,91507710,0,280161,0,S,50900,3800,
000012.SZ,000012,20251209,91508580,0,281783,0,S,51900,800,
000012.SZ,000012,20251209,91508580,0,281784,0,S,51000,300,
000012.SZ,000012,20251209,91508590,0,281813,0,S,50000,200,
000012.SZ,000012,20251209,91508590,0,281814,0,B,46600,300,
000012.SZ,000012,20251209,91508600,0,281857,0,S,48800,1100,
000012.SZ,000012,20251209,91508600,0,281861,0,S,49700,1100,
000012.SZ,000012,20251209,91508670,0,282309,0,B,46900,10000,
000012.SZ,000012,20251209,91509090,0,283113,0,S,48300,700,
000012.SZ,000012,20251209,91509090,0,283114,0,S,48900,800,
000012.SZ,000012,20251209,91509090,0,283116,0,S,49500,800,
000012.SZ,000012,20251209,91509090,0,283117,0,S,50100,800,
000012.SZ,000012,20251209,91509090,0,283118,0,S,50700,800,
000012.SZ,000012,20251209,91509090,0,283119,0,S,51300,800,
000012.SZ,000012,20251209,91509090,0,283120,0,B,47000,800,
000012.SZ,000012,20251209,91509090,0,283121,0,B,46400,800,
000012.SZ,000012,20251209,91509090,0,283124,0,B,45800,800,
000012.SZ,000012,20251209,91509150,0,283232,0,B,48600,200,
000012.SZ,000012,20251209,91509560,0,283733,0,S,51500,10000,
000012.SZ,000012,20251209,91510030,0,284718,0,S,49500,500,
000012.SZ,000012,20251209,91510240,0,284971,0,S,42500,900,
000012.SZ,000012,20251209,91510490,0,285104,0,S,48600,1000,
000012.SZ,000012,20251209,91510490,0,285106,0,S,49500,10000,
000012.SZ,000012,20251209,91510490,0,285109,0,S,50800,10000,
000012.SZ,000012,20251209,91510540,0,285246,0,S,47500,300,
000012.SZ,000012,20251209,91510930,0,285988,0,S,47200,300,
000012.SZ,000012,20251209,91510940,0,286071,0,S,51900,1300,
000012.SZ,000012,20251209,91511530,0,286612,0,S,48600,100,
000012.SZ,000012,20251209,91511550,0,286663,0,B,47000,300,
000012.SZ,000012,20251209,91512100,0,287215,0,S,51600,400,
000012.SZ,000012,20251209,91512160,0,287341,0,S,47900,3000,
000012.SZ,000012,20251209,91512160,0,287342,0,B,46900,3000,
000012.SZ,000012,20251209,91513100,0,287938,0,S,50500,100,
000012.SZ,000012,20251209,91513100,0,287941,0,B,45700,200,
000012.SZ,000012,20251209,91514820,0,288618,0,S,49200,500,
000012.SZ,000012,20251209,91515040,0,288657,0,B,46700,200,
000012.SZ,000012,20251209,91515090,0,288667,0,S,49100,200,
000012.SZ,000012,20251209,91517270,0,289046,0,B,46900,2200,
000012.SZ,000012,20251209,91522120,0,290029,0,S,50700,100,
000012.SZ,000012,20251209,91522130,0,290039,0,B,45000,100,
000012.SZ,000012,20251209,91523190,0,290216,0,S,48200,200,
000012.SZ,000012,20251209,91523190,0,290217,0,B,45700,200,
000012.SZ,000012,20251209,91523720,0,290294,0,B,45000,100,
000012.SZ,000012,20251209,91524070,0,290370,0,B,46800,200,
000012.SZ,000012,20251209,91524090,0,290377,0,S,48200,200,
000012.SZ,000012,20251209,91525170,0,290583,0,S,48200,200,
000012.SZ,000012,20251209,91525200,0,290589,0,B,45700,200,
000012.SZ,000012,20251209,91526200,0,290800,0,S,48500,200,
000012.SZ,000012,20251209,91526200,0,290801,0,B,46800,200,
000012.SZ,000012,20251209,91526270,0,290812,0,S,51800,500,
000012.SZ,000012,20251209,91527180,0,291001,0,B,46200,100,
000012.SZ,000012,20251209,91530060,0,291594,0,S,47900,100,
000012.SZ,000012,20251209,91530060,0,291595,0,B,45900,100,
000012.SZ,000012,20251209,91532390,0,292130,0,B,45000,100,
000012.SZ,000012,20251209,91535300,0,292770,0,S,47400,200,
000012.SZ,000012,20251209,91541400,0,294244,0,S,47600,200,
000012.SZ,000012,20251209,91542670,0,294538,0,S,48000,500,
000012.SZ,000012,20251209,91543100,0,294648,0,S,47400,300,
000012.SZ,000012,20251209,91543100,0,294649,0,B,47000,300,
000012.SZ,000012,20251209,91544040,0,294850,0,B,45600,500,
000012.SZ,000012,20251209,91544100,0,294875,0,S,47700,100,
000012.SZ,000012,20251209,91544100,0,294876,0,B,46700,100,
000012.SZ,000012,20251209,91545080,0,295117,0,B,45000,600,
000012.SZ,000012,20251209,91547120,0,295643,0,S,47500,300,
000012.SZ,000012,20251209,91547120,0,295644,0,B,47100,300,
000012.SZ,000012,20251209,91547360,0,295709,0,S,47800,200,
000012.SZ,000012,20251209,91547630,0,295771,0,S,48200,5000,
000012.SZ,000012,20251209,91549020,0,296107,0,S,49800,7400,
000012.SZ,000012,20251209,91549130,0,296136,0,S,49300,2000,
000012.SZ,000012,20251209,91549130,0,296137,0,B,46500,2000,
000012.SZ,000012,20251209,91552250,0,296921,0,B,45100,300,
000012.SZ,000012,20251209,91552890,0,297082,0,S,49500,500,
000012.SZ,000012,20251209,91553210,0,297196,0,B,46000,2000,
000012.SZ,000012,20251209,91553450,0,297261,0,S,48000,200,
000012.SZ,000012,20251209,91554510,0,297537,0,S,50300,10000,
000012.SZ,000012,20251209,91555200,0,297711,0,B,46500,5100,
000012.SZ,000012,20251209,91555430,0,297774,0,S,48900,5100,
000012.SZ,000012,20251209,91559480,0,298842,0,S,48200,200,
000012.SZ,000012,20251209,91601480,0,299397,0,S,51000,500,
000012.SZ,000012,20251209,91605550,0,300623,0,B,47000,200,
000012.SZ,000012,20251209,91607420,0,301153,0,B,44000,600,
000012.SZ,000012,20251209,91609520,0,301689,0,S,51900,1000,
000012.SZ,000012,20251209,91611660,0,302241,0,B,46800,200,
000012.SZ,000012,20251209,91617240,0,303686,0,S,48600,30000,
000012.SZ,000012,20251209,91618150,0,303910,0,B,44000,1500,
000012.SZ,000012,20251209,91637880,0,309420,0,S,50400,20000,
000012.SZ,000012,20251209,91638400,0,309539,0,S,51900,1100,
000012.SZ,000012,20251209,91644430,0,311117,0,S,51900,5000,
000012.SZ,000012,20251209,91652630,0,313322,0,S,48100,2000,
000012.SZ,000012,20251209,91700110,0,315461,0,B,46600,200,
000012.SZ,000012,20251209,91702990,0,316394,0,S,48000,2000,
000012.SZ,000012,20251209,91705710,0,317199,0,S,47200,1000,
000012.SZ,000012,20251209,91720720,0,321594,0,S,51900,300,
000012.SZ,000012,20251209,91725190,0,322969,0,S,51800,3200,
000012.SZ,000012,20251209,91730570,0,324673,0,S,48200,3000,
000012.SZ,000012,20251209,91752120,0,331638,0,S,47700,13500,
000012.SZ,000012,20251209,91754810,0,332479,0,S,51900,200,
000012.SZ,000012,20251209,91759190,0,333945,0,S,48000,2600,
000012.SZ,000012,20251209,91821960,0,341369,0,S,47900,33600,
000012.SZ,000012,20251209,91825200,0,342517,0,S,49400,1500,
000012.SZ,000012,20251209,91828550,0,343701,0,S,49800,2100,
000012.SZ,000012,20251209,91830540,0,344380,0,S,51900,10500,
000012.SZ,000012,20251209,91830730,0,344438,0,S,50500,4400,
000012.SZ,000012,20251209,91831180,0,344582,0,S,47800,33600,
000012.SZ,000012,20251209,91832000,0,344877,0,S,49800,1500,
000012.SZ,000012,20251209,91838820,0,347155,0,S,51500,3000,
000012.SZ,000012,20251209,91841110,0,347954,0,S,48000,600,
000012.SZ,000012,20251209,91845390,0,349458,0,S,47700,21100,
000012.SZ,000012,20251209,91847400,0,350153,0,S,51600,1000,
000012.SZ,000012,20251209,91848910,0,350675,0,B,47200,5000,
000012.SZ,000012,20251209,91850030,0,351059,0,S,50800,3000,
000012.SZ,000012,20251209,91851980,0,351702,0,S,51800,1000,
000012.SZ,000012,20251209,91859090,0,354231,0,S,51900,2000,
000012.SZ,000012,20251209,91908990,0,357924,0,S,50100,10600,
000012.SZ,000012,20251209,91919240,0,361854,0,S,47500,400,
000012.SZ,000012,20251209,91926660,0,364651,0,S,47400,20000,
000012.SZ,000012,20251209,91930760,0,366204,0,B,47200,3000,
000012.SZ,000012,20251209,91937480,0,368654,0,S,51900,3000,
000012.SZ,000012,20251209,91940710,0,369790,0,B,45000,5000,
000012.SZ,000012,20251209,91947180,0,372166,0,S,49800,2100,
000012.SZ,000012,20251209,92005030,0,379328,0,S,46300,100,
000012.SZ,000012,20251209,92006000,0,379655,0,S,46300,1100,
000012.SZ,000012,20251209,92013240,0,382189,0,S,51900,1000,
000012.SZ,000012,20251209,92020410,0,384453,0,S,51800,800,
000012.SZ,000012,20251209,92025830,0,386306,0,B,45500,1000,
000012.SZ,000012,20251209,92028830,0,387330,0,S,47500,5400,
000012.SZ,000012,20251209,92039290,0,390988,0,S,47700,100,
000012.SZ,000012,20251209,92040340,0,391342,0,S,51900,100,
000012.SZ,000012,20251209,92100410,0,398550,0,B,46600,1000,
000012.SZ,000012,20251209,92114040,0,403789,0,S,50300,10000,
000012.SZ,000012,20251209,92121550,0,406730,0,B,46900,2000,
000012.SZ,000012,20251209,92122690,0,407162,0,S,51500,10000,
000012.SZ,000012,20251209,92128210,0,409338,0,S,51900,5000,
000012.SZ,000012,20251209,92128260,0,409362,0,B,47000,1000,
000012.SZ,000012,20251209,92129410,0,409847,0,S,47500,1000,
000012.SZ,000012,20251209,92131540,0,410710,0,B,42500,200,
000012.SZ,000012,20251209,92131950,0,410890,0,S,51900,1000,
000012.SZ,000012,20251209,92142600,0,415137,0,S,47900,16200,
000012.SZ,000012,20251209,92151960,0,419020,0,B,46600,1800,
000012.SZ,000012,20251209,92157910,0,421539,0,B,46900,5000,
000012.SZ,000012,20251209,92203930,0,424603,0,S,51900,800,
000012.SZ,000012,20251209,92206710,0,425850,0,B,46800,2000,
000012.SZ,000012,20251209,92207190,0,426081,0,S,47200,1000,
000012.SZ,000012,20251209,92208150,0,426523,0,B,46700,2000,
000012.SZ,000012,20251209,92212440,0,428343,0,S,49700,10000,
000012.SZ,000012,20251209,92220310,0,431743,0,B,46300,4000,
000012.SZ,000012,20251209,92223220,0,433100,0,B,47200,2600,
000012.SZ,000012,20251209,92223580,0,433256,0,S,48000,2000,
000012.SZ,000012,20251209,92225480,0,434169,0,S,47400,6000,
000012.SZ,000012,20251209,92228780,0,435721,0,B,46700,2000,
000012.SZ,000012,20251209,92229100,0,435869,0,B,46900,4000,
000012.SZ,000012,20251209,92239430,0,440569,0,S,50300,4000,
000012.SZ,000012,20251209,92239510,0,440599,0,S,50300,8000,
000012.SZ,000012,20251209,92241210,0,441370,0,S,47200,2000,
000012.SZ,000012,20251209,92243250,0,442416,0,S,51700,1000,
000012.SZ,000012,20251209,92255600,0,448381,0,S,47900,5000,
000012.SZ,000012,20251209,92255720,0,448445,0,S,51400,12000,
000012.SZ,000012,20251209,92255930,0,448528,0,S,47300,56300,
000012.SZ,000012,20251209,92255940,0,448535,0,B,46800,2000,
000012.SZ,000012,20251209,92300000,0,450438,0,S,51900,10000,
000012.SZ,000012,20251209,92304690,0,452737,0,B,45800,5000,
000012.SZ,000012,20251209,92309800,0,455198,0,B,46100,4000,
000012.SZ,000012,20251209,92310290,0,455445,0,S,47900,1000,
000012.SZ,000012,20251209,92313410,0,457006,0,B,46900,1400,
000012.SZ,000012,20251209,92319970,0,460479,0,S,47800,4900,
000012.SZ,000012,20251209,92322990,0,462093,0,S,51700,9000,
000012.SZ,000012,20251209,92327150,0,464431,0,B,45100,6000,
000012.SZ,000012,20251209,92330920,0,466453,0,S,48400,400,
000012.SZ,000012,20251209,92339800,0,471461,0,S,51800,800,
000012.SZ,000012,20251209,92339890,0,471505,0,B,47000,2000,
000012.SZ,000012,20251209,92349810,0,477386,0,S,49300,1000,
000012.SZ,000012,20251209,92351490,0,478394,0,S,46800,4000,
000012.SZ,000012,20251209,92358390,0,482483,0,S,47700,2000,
000012.SZ,000012,20251209,92405970,0,487555,0,S,44800,2500,
000012.SZ,000012,20251209,92410100,0,490490,0,S,47900,2500,
000012.SZ,000012,20251209,92416040,0,495059,0,S,48000,1300,
000012.SZ,000012,20251209,92420780,0,498988,0,S,48300,500,
000012.SZ,000012,20251209,92422260,0,500298,0,S,51900,2000,
000012.SZ,000012,20251209,92425190,0,502797,0,S,48600,2500,
000012.SZ,000012,20251209,92425730,0,503287,0,B,47200,10000,
000012.SZ,000012,20251209,92428760,0,506015,0,S,51800,600,
000012.SZ,000012,20251209,92432040,0,509219,0,S,47400,3000,
000012.SZ,000012,20251209,92432990,0,510062,0,S,51300,11700,
000012.SZ,000012,20251209,92436910,0,513608,0,S,47800,9600,
000012.SZ,000012,20251209,92439350,0,516518,0,S,46900,300,
000012.SZ,000012,20251209,92439370,0,516531,0,S,46900,200,
000012.SZ,000012,20251209,92439370,0,516532,0,S,46900,100,
000012.SZ,000012,20251209,92439370,0,516543,0,S,46900,100,
000012.SZ,000012,20251209,92439370,0,516547,0,S,46900,200,
000012.SZ,000012,20251209,92440950,0,518072,0,B,46900,1000,
000012.SZ,000012,20251209,92441920,0,519034,0,S,48300,10000,
000012.SZ,000012,20251209,92442270,0,519390,0,S,49900,5000,
000012.SZ,000012,20251209,92447950,0,525233,0,B,46900,1300,
000012.SZ,000012,20251209,92449260,0,526856,0,S,50000,1000,
000012.SZ,000012,20251209,92451320,0,530391,0,S,46500,600,
000012.SZ,000012,20251209,92453370,0,533193,0,S,47500,2100,
000012.SZ,000012,20251209,92453460,0,533336,0,S,47700,8700,
000012.SZ,000012,20251209,92454190,0,534324,0,S,46700,300,
000012.SZ,000012,20251209,92454460,0,534724,0,B,48100,4900,
000012.SZ,000012,20251209,92454530,0,534846,0,S,51900,10000,
000012.SZ,000012,20251209,92454830,0,535332,0,S,45400,10400,
000012.SZ,000012,20251209,92455020,0,535759,0,B,47400,300,
000012.SZ,000012,20251209,92455770,0,537283,0,S,46700,100,
000012.SZ,000012,20251209,92456240,0,538597,0,B,43800,300,
000012.SZ,000012,20251209,92456410,0,539128,0,B,48100,7200,
000012.SZ,000012,20251209,92458520,0,546323,0,S,47000,9500,
000012.SZ,000012,20251209,92459690,0,551101,0,S,46000,2200,
000012.SZ,000012,20251209,92459910,0,552195,0,S,45800,4100,
000012.SZ,000012,20251209,92459990,0,553263,0,B,51800,100,
000012.SZ,000012,20251209,92459990,0,553286,0,B,51700,100,
000012.SZ,000012,20251209,92459990,0,553305,0,B,51600,100,
000012.SZ,000012,20251209,92459990,0,553372,0,B,51500,100,
000012.SZ,000012,20251209,92459990,0,553438,0,B,51400,100,
000012.SZ,000012,20251209,93000040,0,647116,0,S,47100,2900,
000012.SZ,000012,20251209,93000050,0,647579,0,B,47100,6000,
000012.SZ,000012,20251209,93000050,0,648183,0,S,47300,5000,
000012.SZ,000012,20251209,93000050,0,648231,0,B,46600,5000,
000012.SZ,000012,20251209,93000060,0,657213,0,S,47100,9700,
000012.SZ,000012,20251209,93000060,0,660884,0,S,47100,700,
000012.SZ,000012,20251209,93000060,0,661968,0,B,46900,20000,
000012.SZ,000012,20251209,93000080,0,669013,0,B,46700,1000,
000012.SZ,000012,20251209,93000090,0,675594,0,B,47300,4700,
000012.SZ,000012,20251209,93000090,0,677778,0,B,46900,2600,
000012.SZ,000012,20251209,93000090,0,678871,0,S,47700,1000,
000012.SZ,000012,20251209,93000100,0,681258,0,S,47900,10000,
000012.SZ,000012,20251209,93000100,0,683924,0,B,46800,2100,
000012.SZ,000012,20251209,93000110,0,684794,0,S,47600,500,
000012.SZ,000012,20251209,93000110,0,684877,0,S,48500,1000,
000012.SZ,000012,20251209,93000110,0,685198,0,S,47900,500,
000012.SZ,000012,20251209,93000110,0,686457,0,S,47800,5000,
000012.SZ,000012,20251209,93000110,0,686791,0,B,46600,4000,
000012.SZ,000012,20251209,93000110,0,687798,0,S,49200,800,
000012.SZ,000012,20251209,93000110,0,687964,0,B,46900,2100,
000012.SZ,000012,20251209,93000110,0,690179,0,B,45600,200,
000012.SZ,000012,20251209,93000120,0,692024,0,S,47100,2100,
000012.SZ,000012,20251209,93000120,0,694304,0,S,49200,5000,
000012.SZ,000012,20251209,93000130,0,696457,0,B,46900,20000,
000012.SZ,000012,20251209,93000130,0,699353,0,S,47100,12000,
000012.SZ,000012,20251209,93000140,0,702823,0,B,47000,1000,
000012.SZ,000012,20251209,93000140,0,703733,0,B,46500,400,
000012.SZ,000012,20251209,93000140,0,705193,0,B,46700,7300,
000012.SZ,000012,20251209,93000140,0,707653,0,B,47100,500,
000012.SZ,000012,20251209,93000150,0,710488,0,S,47800,2000,
000012.SZ,000012,20251209,93000160,0,716351,0,S,47200,100,
000012.SZ,000012,20251209,93000160,0,716464,0,B,46500,10000,
000012.SZ,000012,20251209,93000170,0,722172,0,S,47000,2200,
000012.SZ,000012,20251209,93000170,0,723799,0,S,47000,100,
000012.SZ,000012,20251209,93000180,0,725714,0,S,47100,100,
000012.SZ,000012,20251209,93000180,0,728001,0,B,47100,5200,
000012.SZ,000012,20251209,93000190,0,730096,0,S,48500,69800,
000012.SZ,000012,20251209,93000200,0,734172,0,S,47200,100,
000012.SZ,000012,20251209,93000220,0,740274,0,S,47200,400,
000012.SZ,000012,20251209,93000220,0,740507,0,S,47300,3000,
000012.SZ,000012,20251209,93000240,0,747280,0,B,46600,1000,
000012.SZ,000012,20251209,93000240,0,750966,0,S,47500,1800,
000012.SZ,000012,20251209,93000250,0,752652,0,S,47700,10600,
000012.SZ,000012,20251209,93000260,0,756699,0,S,48000,10900,
000012.SZ,000012,20251209,93000260,0,757551,0,S,51900,14800,
000012.SZ,000012,20251209,93000270,0,760925,0,S,47300,500,
000012.SZ,000012,20251209,93000280,0,764595,0,B,47100,5000,
000012.SZ,000012,20251209,93000290,0,764917,0,S,47900,4100,
000012.SZ,000012,20251209,93000290,0,767120,0,B,44300,1400,
000012.SZ,000012,20251209,93000310,0,773426,0,S,47000,900,
000012.SZ,000012,20251209,93000340,0,780855,0,B,47100,100,
000012.SZ,000012,20251209,93000350,0,781829,0,B,47100,100,
000012.SZ,000012,20251209,93000350,0,782488,0,B,47100,800,
000012.SZ,000012,20251209,93000380,0,790295,0,B,46800,600,
000012.SZ,000012,20251209,93000410,0,795823,0,S,47100,100,
000012.SZ,000012,20251209,93000420,0,796939,0,B,47100,100,
000012.SZ,000012,20251209,93000420,0,797728,0,B,47100,100,
000012.SZ,000012,20251209,93000460,0,804668,0,S,47800,20700,
000012.SZ,000012,20251209,93000460,0,804758,0,B,47000,1000,
000012.SZ,000012,20251209,93000470,0,805763,0,B,47100,5000,
000012.SZ,000012,20251209,93000480,0,806871,0,B,47100,2400,
000012.SZ,000012,20251209,93000480,0,807313,0,B,46800,3000,
000012.SZ,000012,20251209,93000490,0,808145,0,B,47100,100,
000012.SZ,000012,20251209,93000510,0,811347,0,B,46100,100,
000012.SZ,000012,20251209,93000560,0,819127,0,S,46800,5100,
000012.SZ,000012,20251209,93000580,0,822630,0,S,47100,100,
000012.SZ,000012,20251209,93000610,0,827910,0,B,47100,500,
000012.SZ,000012,20251209,93000630,0,831041,0,S,47800,12100,
000012.SZ,000012,20251209,93000680,0,839163,0,B,47200,2200,
000012.SZ,000012,20251209,93000690,0,840472,0,B,47100,1400,
000012.SZ,000012,20251209,93000710,0,844329,0,S,47200,36800,
000012.SZ,000012,20251209,93000730,0,845860,0,B,46500,2000,
000012.SZ,000012,20251209,93000730,0,846484,0,B,47000,100,
000012.SZ,000012,20251209,93000740,0,849284,0,S,47800,2100,
000012.SZ,000012,20251209,93000750,0,849873,0,S,47700,3900,
000012.SZ,000012,20251209,93000780,0,854334,0,B,47000,22300,
000012.SZ,000012,20251209,93000810,0,859211,0,B,47000,100,
000012.SZ,000012,20251209,93000820,0,860422,0,S,47100,300,
000012.SZ,000012,20251209,93000820,0,861381,0,B,47000,2000,
000012.SZ,000012,20251209,93000830,0,862379,0,S,47100,200,
000012.SZ,000012,20251209,93000840,0,863181,0,B,47000,100,
000012.SZ,000012,20251209,93000840,0,863538,0,B,47000,2500,
000012.SZ,000012,20251209,93000840,0,864218,0,B,47000,100,
000012.SZ,000012,20251209,93000850,0,865027,0,S,51900,5200,
000012.SZ,000012,20251209,93000860,0,866456,0,S,47200,200,
000012.SZ,000012,20251209,93000870,0,868510,0,B,46900,2000,
000012.SZ,000012,20251209,93000890,0,870949,0,S,48700,1000,
000012.SZ,000012,20251209,93000890,0,871523,0,S,49300,1000,
000012.SZ,000012,20251209,93000890,0,871579,0,S,49700,1000,
000012.SZ,000012,20251209,93000900,0,872507,0,B,47100,25000,
000012.SZ,000012,20251209,93000920,0,875026,0,S,47200,1400,
000012.SZ,000012,20251209,93000920,0,875906,0,B,46700,5000,
000012.SZ,000012,20251209,93000930,0,876099,0,B,47100,5000,
000012.SZ,000012,20251209,93000980,0,884420,0,B,46900,9300,
000012.SZ,000012,20251209,93001000,0,886601,0,S,48100,1000,
000012.SZ,000012,20251209,93001010,0,888561,0,S,47100,100,
000012.SZ,000012,20251209,93001010,0,888660,0,B,47000,2000,
000012.SZ,000012,20251209,93001010,0,888706,0,S,47100,200,
000012.SZ,000012,20251209,93001040,0,894100,0,B,46800,2000,
000012.SZ,000012,20251209,93001060,0,895698,0,S,48800,20000,
000012.SZ,000012,20251209,93001080,0,898104,0,B,46500,500,
000012.SZ,000012,20251209,93001090,0,899728,0,S,47600,10000,
000012.SZ,000012,20251209,93001120,0,903599,0,B,46800,5000,
000012.SZ,000012,20251209,93001130,0,904364,0,S,47100,3500,
000012.SZ,000012,20251209,93001150,0,906303,0,B,46700,1600,
000012.SZ,000012,20251209,93001200,0,910903,0,B,46600,5000,
000012.SZ,000012,20251209,93001240,0,915156,0,B,47100,100,
000012.SZ,000012,20251209,93001240,0,915324,0,S,47100,300,
000012.SZ,000012,20251209,93001240,0,915634,0,S,47100,1000,
000012.SZ,000012,20251209,93001280,0,918247,0,S,51800,10000,
000012.SZ,000012,20251209,93001290,0,919008,0,B,43600,3000,
000012.SZ,000012,20251209,93001340,0,922650,0,S,47100,600,
000012.SZ,000012,20251209,93001390,0,926614,0,B,46200,2000,
000012.SZ,000012,20251209,93001470,0,934341,0,S,47500,16600,
000012.SZ,000012,20251209,93001510,0,936800,0,S,47200,20000,
000012.SZ,000012,20251209,93001680,0,952964,0,S,51000,3500,
000012.SZ,000012,20251209,93001710,0,955867,0,S,47100,1000,
000012.SZ,000012,20251209,93001730,0,957863,0,S,47000,2100,
000012.SZ,000012,20251209,93001800,0,963588,0,B,47200,100,
000012.SZ,000012,20251209,93001840,0,966458,0,S,51900,80000,
000012.SZ,000012,20251209,93001840,0,967017,0,S,50000,800,
000012.SZ,000012,20251209,93001880,0,969445,0,B,46600,1000,
000012.SZ,000012,20251209,93001890,0,971045,0,B,47000,2000,
000012.SZ,000012,20251209,93001910,0,972888,0,S,47900,50000,
000012.SZ,000012,20251209,93001920,0,974089,0,S,49500,20000,
000012.SZ,000012,20251209,93001920,0,974329,0,S,51900,2200,
000012.SZ,000012,20251209,93001930,0,975142,0,B,47200,2000,
000012.SZ,000012,20251209,93001950,0,976829,0,B,46700,66000,
000012.SZ,000012,20251209,93001960,0,978363,0,S,47500,7000,
000012.SZ,000012,20251209,93001970,0,978784,0,S,50100,1000,
000012.SZ,000012,20251209,93001970,0,978835,0,S,50700,1000,
000012.SZ,000012,20251209,93001980,0,980158,0,S,47900,1000,
000012.SZ,000012,20251209,93001990,0,981105,0,S,48900,1000,
000012.SZ,000012,20251209,93002010,0,983055,0,S,51900,200,
000012.SZ,000012,20251209,93002020,0,983596,0,S,47500,6000,
000012.SZ,000012,20251209,93002030,0,984748,0,S,47100,1100,
000012.SZ,000012,20251209,93002040,0,985499,0,S,48100,1000,
000012.SZ,000012,20251209,93002040,0,985715,0,B,47000,1000,
000012.SZ,000012,20251209,93002040,0,986508,0,S,50000,1800,
000012.SZ,000012,20251209,93002070,0,988591,0,S,47100,2100,
000012.SZ,000012,20251209,93002080,0,988963,0,S,47100,100,
000012.SZ,000012,20251209,93002140,0,993348,0,B,46200,1000,
000012.SZ,000012,20251209,93002210,0,998550,0,B,47100,2100,
000012.SZ,000012,20251209,93002280,0,1002194,0,B,47000,1000,
000012.SZ,000012,20251209,93002300,0,1003199,0,B,47000,1100,
000012.SZ,000012,20251209,93002390,0,1007502,0,B,44800,1000,
000012.SZ,000012,20251209,93002390,0,1007612,0,S,47100,100,
000012.SZ,000012,20251209,93002430,0,1009548,0,S,47100,100,
000012.SZ,000012,20251209,93002430,0,1009676,0,S,47100,100,
000012.SZ,000012,20251209,93002440,0,1010739,0,S,47800,5500,
000012.SZ,000012,20251209,93002470,0,1012594,0,S,47100,100,
000012.SZ,000012,20251209,93002530,0,1015915,0,B,47000,100,
000012.SZ,000012,20251209,93002620,0,1021889,0,B,46700,1000,
000012.SZ,000012,20251209,93002750,0,1029583,0,B,47100,100,
000012.SZ,000012,20251209,93002850,0,1035689,0,S,47800,1000,
000012.SZ,000012,20251209,93002890,0,1038072,0,B,46900,2000,
000012.SZ,000012,20251209,93002910,0,1038859,0,S,47800,1700,
000012.SZ,000012,20251209,93002940,0,1040653,0,S,49900,1000,
000012.SZ,000012,20251209,93002950,0,1041589,0,S,50900,1000,
000012.SZ,000012,20251209,93003000,0,1044714,0,B,45700,2000,
000012.SZ,000012,20251209,93003040,0,1048252,0,S,47100,100,
000012.SZ,000012,20251209,93003150,0,1055222,0,S,47000,200,
000012.SZ,000012,20251209,93003150,0,1055253,0,S,47100,400,
000012.SZ,000012,20251209,93003150,0,1055288,0,S,47100,500,
000012.SZ,000012,20251209,93003150,0,1055307,0,S,47100,100,
000012.SZ,000012,20251209,93003160,0,1055402,0,B,46200,1000,
000012.SZ,000012,20251209,93003160,0,1055569,0,B,46300,20000,
000012.SZ,000012,20251209,93003170,0,1056525,0,B,47100,500,
000012.SZ,000012,20251209,93003190,0,1057385,0,S,48300,2000,
000012.SZ,000012,20251209,93003270,0,1061505,0,B,46800,1000,
000012.SZ,000012,20251209,93003410,0,1067274,0,S,47200,6100,
000012.SZ,000012,20251209,93003410,0,1067331,0,S,47200,2000,
000012.SZ,000012,20251209,93003410,0,1067345,0,S,47200,5200,
000012.SZ,000012,20251209,93003410,0,1067347,0,S,47200,1800,
000012.SZ,000012,20251209,93003440,0,1068970,0,S,47200,1600,
000012.SZ,000012,20251209,93003450,0,1069421,0,S,51800,600,
000012.SZ,000012,20251209,93003460,0,1069959,0,S,47100,600,
000012.SZ,000012,20251209,93003500,0,1071349,0,S,47100,300,
000012.SZ,000012,20251209,93003520,0,1072084,0,S,51900,400,
000012.SZ,000012,20251209,93003580,0,1074639,0,S,51900,4000,
000012.SZ,000012,20251209,93003630,0,1077932,0,B,46500,1000,
000012.SZ,000012,20251209,93003680,0,1080357,0,B,46900,2000,
000012.SZ,000012,20251209,93003820,0,1088328,0,S,47200,1100,
000012.SZ,000012,20251209,93003840,0,1089369,0,B,47000,200,
000012.SZ,000012,20251209,93003840,0,1089575,0,S,47200,1400,
000012.SZ,000012,20251209,93003880,0,1091268,0,B,46800,6000,
000012.SZ,000012,20251209,93003960,0,1095054,0,S,47400,10000,
000012.SZ,000012,20251209,93004030,0,1099210,0,S,47100,6000,
000012.SZ,000012,20251209,93004100,0,1102785,0,S,47100,100,
000012.SZ,000012,20251209,93004200,0,1106689,0,S,47400,2000,
000012.SZ,000012,20251209,93004230,0,1107912,0,S,50300,1000,
000012.SZ,000012,20251209,93004290,0,1110128,0,B,47100,100,
000012.SZ,000012,20251209,93004370,0,1112667,0,S,47100,1000,
000012.SZ,000012,20251209,93004410,0,1114750,0,B,47100,100,
000012.SZ,000012,20251209,93004500,0,1118800,0,B,46800,51300,
000012.SZ,000012,20251209,93004740,0,1128347,0,B,47000,900,
000012.SZ,000012,20251209,93004740,0,1128348,0,B,47000,1600,
000012.SZ,000012,20251209,93004790,0,1130824,0,B,47100,100,
000012.SZ,000012,20251209,93004860,0,1133195,0,B,47000,3000,
000012.SZ,000012,20251209,93004950,0,1136610,0,B,46100,500,
000012.SZ,000012,20251209,93005200,0,1147367,0,S,47100,5100,
000012.SZ,000012,20251209,93005280,0,1149151,0,S,47500,2000,
000012.SZ,000012,20251209,93005300,0,1149464,0,B,47200,3000,
000012.SZ,000012,20251209,93005340,0,1149969,0,B,46800,1000,
000012.SZ,000012,20251209,93005570,0,1155645,0,S,47300,5400,
000012.SZ,000012,20251209,93005680,0,1158749,0,B,46900,3000,
000012.SZ,000012,20251209,93005690,0,1159298,0,S,47000,100,
000012.SZ,000012,20251209,93005690,0,1159420,0,S,47000,100,
000012.SZ,000012,20251209,93005690,0,1159446,0,S,47000,300,
000012.SZ,000012,20251209,93005700,0,1159484,0,S,47000,100,
000012.SZ,000012,20251209,93005700,0,1159628,0,S,47000,300,
000012.SZ,000012,20251209,93005700,0,1159778,0,S,47000,100,
000012.SZ,000012,20251209,93005710,0,1159841,0,S,47000,100,
000012.SZ,000012,20251209,93005740,0,1160530,0,S,48100,1100,
000012.SZ,000012,20251209,93005750,0,1160699,0,S,47100,500,
000012.SZ,000012,20251209,93005800,0,1161956,0,S,47000,400,
000012.SZ,000012,20251209,93005820,0,1162182,0,S,47000,300,
000012.SZ,000012,20251209,93005870,0,1163825,0,B,47000,400,
000012.SZ,000012,20251209,93005890,0,1164265,0,B,47000,800,
000012.SZ,000012,20251209,93005950,0,1165903,0,S,47000,200,
000012.SZ,000012,20251209,93005970,0,1166519,0,S,47000,200,
000012.SZ,000012,20251209,93006110,0,1171885,0,S,47100,300,
000012.SZ,000012,20251209,93006230,0,1175141,0,S,47100,100,
000012.SZ,000012,20251209,93006390,0,1179799,0,S,51900,200,
000012.SZ,000012,20251209,93006500,0,1182917,0,S,47100,100,
000012.SZ,000012,20251209,93006580,0,1186032,0,S,47100,100,
000012.SZ,000012,20251209,93006640,0,1187866,0,B,47100,100,
000012.SZ,000012,20251209,93006770,0,1191601,0,S,47200,1200,
000012.SZ,000012,20251209,93006940,0,1196081,0,S,48000,400,
000012.SZ,000012,20251209,93007000,0,1197853,0,S,51900,500,
000012.SZ,000012,20251209,93007110,0,1201627,0,B,47000,100,
000012.SZ,000012,20251209,93007160,0,1202557,0,S,47300,300,
000012.SZ,000012,20251209,93007350,0,1206299,0,S,47100,700,
000012.SZ,000012,20251209,93007350,0,1206314,0,S,47100,700,
000012.SZ,000012,20251209,93007570,0,1212297,0,S,47300,2000,
000012.SZ,000012,20251209,93008020,0,1222332,0,S,47100,500,
000012.SZ,000012,20251209,93008030,0,1222934,0,S,47200,100,
000012.SZ,000012,20251209,93008040,0,1223239,0,S,47100,100,
000012.SZ,000012,20251209,93008490,0,1230008,0,S,47100,1000,
000012.SZ,000012,20251209,93008490,0,1230101,0,S,47000,500,
000012.SZ,000012,20251209,93008510,0,1230373,0,S,47500,10000,
000012.SZ,000012,20251209,93008530,0,1230585,0,S,47200,200,
000012.SZ,000012,20251209,93008930,0,1236256,0,S,51500,500,
000012.SZ,000012,20251209,93009190,0,1240949,0,S,47100,2100,
000012.SZ,000012,20251209,93009200,0,1241031,0,S,47100,400,
000012.SZ,000012,20251209,93009220,0,1241222,0,S,47100,400,
000012.SZ,000012,20251209,93009230,0,1241392,0,S,47100,1900,
000012.SZ,000012,20251209,93009260,0,1241698,0,S,47000,100,
000012.SZ,000012,20251209,93009560,0,1248260,0,B,47000,100,
000012.SZ,000012,20251209,93009610,0,1249601,0,S,47100,100,
000012.SZ,000012,20251209,93009790,0,1253650,0,B,47400,100,
000012.SZ,000012,20251209,93009910,0,1255231,0,S,47100,200,
000012.SZ,000012,20251209,93010000,0,1256643,0,B,45300,100,
000012.SZ,000012,20251209,93010060,0,1257766,0,S,47100,200,
000012.SZ,000012,20251209,93010060,0,1257767,0,S,47100,300,
000012.SZ,000012,20251209,93010060,0,1257774,0,S,47100,200,
000012.SZ,000012,20251209,93010060,0,1257797,0,S,47100,200,
000012.SZ,000012,20251209,93010060,0,1257800,0,S,47100,200,
000012.SZ,000012,20251209,93010060,0,1257804,0,S,47100,1200,
000012.SZ,000012,20251209,93010060,0,1257806,0,S,47100,500,
000012.SZ,000012,20251209,93010060,0,1257823,0,S,47100,300,
000012.SZ,000012,20251209,93010060,0,1257827,0,S,47100,500,
000012.SZ,000012,20251209,93010070,0,1257902,0,S,47100,300,
000012.SZ,000012,20251209,93010080,0,1258028,0,S,47100,800,
000012.SZ,000012,20251209,93010080,0,1258056,0,S,47100,700,
000012.SZ,000012,20251209,93010080,0,1258057,0,S,47100,700,
000012.SZ,000012,20251209,93010110,0,1258396,0,S,47100,300,
000012.SZ,000012,20251209,93010190,0,1260042,0,S,47100,500,
000012.SZ,000012,20251209,93010190,0,1260043,0,S,47100,200,
000012.SZ,000012,20251209,93010200,0,1260135,0,S,47100,300,
000012.SZ,000012,20251209,93010200,0,1260230,0,S,47100,200,
000012.SZ,000012,20251209,93010210,0,1260287,0,S,47100,200,
000012.SZ,000012,20251209,93010240,0,1261072,0,S,47100,2000,
000012.SZ,000012,20251209,93010240,0,1261219,0,S,47100,200,
000012.SZ,000012,20251209,93010390,0,1264811,0,B,47000,100,
000012.SZ,000012,20251209,93010540,0,1267898,0,S,47300,200,
000012.SZ,000012,20251209,93010540,0,1267899,0,S,47300,200,
000012.SZ,000012,20251209,93010740,0,1271975,0,B,47000,200,
000012.SZ,000012,20251209,93010810,0,1272758,0,S,47100,2300,
000012.SZ,000012,20251209,93011170,0,1277158,0,B,47100,1000,
000012.SZ,000012,20251209,93011410,0,1279738,0,S,47000,200,
000012.SZ,000012,20251209,93011410,0,1279742,0,S,47000,200,
000012.SZ,000012,20251209,93011410,0,1279791,0,S,47000,200,
000012.SZ,000012,20251209,93011440,0,1280099,0,S,47100,100,
000012.SZ,000012,20251209,93011590,0,1281956,0,B,47000,500,
000012.SZ,000012,20251209,93011840,0,1284391,0,S,47100,1500,
000012.SZ,000012,20251209,93012040,0,1286545,0,S,47100,4200,
000012.SZ,000012,20251209,93012210,0,1288287,0,S,46900,100,
000012.SZ,000012,20251209,93012220,0,1288495,0,S,47200,700,
000012.SZ,000012,20251209,93012230,0,1288506,0,S,47200,700,
000012.SZ,000012,20251209,93012400,0,1292250,0,S,47400,100,
000012.SZ,000012,20251209,93012900,0,1302135,0,S,47000,700,
000012.SZ,000012,20251209,93014050,0,1319332,0,S,47100,200,
000012.SZ,000012,20251209,93014580,0,1325298,0,S,47100,2100,
000012.SZ,000012,20251209,93014580,0,1325299,0,S,47100,2100,
000012.SZ,000012,20251209,93014580,0,1325300,0,S,47100,800,
000012.SZ,000012,20251209,93014580,0,1325301,0,S,47100,1400,
000012.SZ,000012,20251209,93014580,0,1325302,0,S,47100,100,
000012.SZ,000012,20251209,93014580,0,1325304,0,S,47100,600,
000012.SZ,000012,20251209,93014580,0,1325308,0,S,47100,700,
000012.SZ,000012,20251209,93014580,0,1325321,0,S,47100,200,
000012.SZ,000012,20251209,93014580,0,1325323,0,S,47100,2100,
000012.SZ,000012,20251209,93015100,0,1330869,0,B,47000,1200,
000012.SZ,000012,20251209,93015120,0,1331019,0,S,47200,400,
000012.SZ,000012,20251209,93015220,0,1332550,0,S,47100,100,
000012.SZ,000012,20251209,93015230,0,1332648,0,S,47000,400,
000012.SZ,000012,20251209,93015240,0,1332756,0,S,47100,100,
000012.SZ,000012,20251209,93015260,0,1333061,0,S,47100,300,
000012.SZ,000012,20251209,93015260,0,1333245,0,S,47100,3900,
000012.SZ,000012,20251209,93015280,0,1333593,0,S,47100,100,
000012.SZ,000012,20251209,93015290,0,1333932,0,S,47100,2100,
000012.SZ,000012,20251209,93015300,0,1334500,0,B,47300,200,
000012.SZ,000012,20251209,93016620,0,1361659,0,S,47100,300,
000012.SZ,000012,20251209,93017080,0,1367879,0,S,47100,100,
000012.SZ,000012,20251209,93017630,0,1374426,0,S,47100,100,
000012.SZ,000012,20251209,93017720,0,1375280,0,B,46800,2000,
000012.SZ,000012,20251209,93018170,0,1379944,0,S,47000,5000,
000012.SZ,000012,20251209,93018190,0,1380177,0,S,47000,3100,
000012.SZ,000012,20251209,93018200,0,1380260,0,S,47000,100,
000012.SZ,000012,20251209,93018210,0,1380533,0,S,47100,100,
000012.SZ,000012,20251209,93018360,0,1383633,0,S,47100,6100,
000012.SZ,000012,20251209,93018360,0,1383708,0,S,47100,5200,
000012.SZ,000012,20251209,93018360,0,1383711,0,S,47100,2000,
000012.SZ,000012,20251209,93018360,0,1383780,0,S,47000,5400,
000012.SZ,000012,20251209,93018370,0,1383808,0,S,47100,800,
000012.SZ,000012,20251209,93018370,0,1383859,0,S,47100,3400,
000012.SZ,000012,20251209,93018380,0,1384007,0,S,47100,3000,
000012.SZ,000012,20251209,93018380,0,1384021,0,S,47100,200,
000012.SZ,000012,20251209,93018450,0,1386135,0,B,47000,200,
000012.SZ,000012,20251209,93018470,0,1386580,0,S,47100,1100,
000012.SZ,000012,20251209,93018740,0,1391703,0,S,47000,100,
000012.SZ,000012,20251209,93019640,0,1405657,0,B,47000,100,
000012.SZ,000012,20251209,93020050,0,1410844,0,S,47000,200,
000012.SZ,000012,20251209,93020050,0,1410846,0,S,47000,100,
000012.SZ,000012,20251209,93020220,0,1412695,0,B,47000,100,
000012.SZ,000012,20251209,93020640,0,1417811,0,S,47100,400,
000012.SZ,000012,20251209,93020670,0,1418137,0,B,46700,3600,
000012.SZ,000012,20251209,93020680,0,1418220,0,S,47300,6000,
000012.SZ,000012,20251209,93020770,0,1419334,0,S,47100,300,
000012.SZ,000012,20251209,93021160,0,1423400,0,S,47100,400,
000012.SZ,000012,20251209,93021160,0,1423401,0,S,47100,100,
000012.SZ,000012,20251209,93021180,0,1423574,0,B,47000,5000,
000012.SZ,000012,20251209,93021180,0,1423665,0,S,46900,67700,
000012.SZ,000012,20251209,93021190,0,1423689,0,S,46900,57600,
000012.SZ,000012,20251209,93021190,0,1423729,0,S,47000,300,
000012.SZ,000012,20251209,93021190,0,1423752,0,S,47000,100,
000012.SZ,000012,20251209,93021190,0,1423781,0,S,47000,100,
000012.SZ,000012,20251209,93021200,0,1423830,0,S,47000,100,
000012.SZ,000012,20251209,93021220,0,1424541,0,S,47000,50400,
000012.SZ,000012,20251209,93021230,0,1424884,0,S,47000,300,
000012.SZ,000012,20251209,93021310,0,1426819,0,S,47100,100,
000012.SZ,000012,20251209,93021370,0,1427715,0,S,47200,5000,
000012.SZ,000012,20251209,93021390,0,1428083,0,S,47100,1200,
000012.SZ,000012,20251209,93021390,0,1428100,0,S,47100,400,
000012.SZ,000012,20251209,93021390,0,1428108,0,S,47100,1900,
000012.SZ,000012,20251209,93021390,0,1428117,0,S,47100,200,
000012.SZ,000012,20251209,93021410,0,1429159,0,S,47100,600,
000012.SZ,000012,20251209,93021840,0,1437656,0,B,46800,300,
000012.SZ,000012,20251209,93021840,0,1437657,0,S,47200,300,
000012.SZ,000012,20251209,93021850,0,1437765,0,B,46400,3000,
000012.SZ,000012,20251209,93021850,0,1437766,0,S,47400,3000,
000012.SZ,000012,20251209,93022030,0,1440109,0,B,47000,2000,
000012.SZ,000012,20251209,93022380,0,1446313,0,S,47100,100,
000012.SZ,000012,20251209,93022420,0,1447366,0,S,47000,100,
000012.SZ,000012,20251209,93022470,0,1448168,0,S,47000,100,
000012.SZ,000012,20251209,93022640,0,1450586,0,S,47100,2900,
000012.SZ,000012,20251209,93022770,0,1452434,0,S,47100,100,
000012.SZ,000012,20251209,93022780,0,1452540,0,S,47100,1400,
000012.SZ,000012,20251209,93022780,0,1452547,0,S,47100,100,
000012.SZ,000012,20251209,93022860,0,1453458,0,S,47000,100,
000012.SZ,000012,20251209,93022860,0,1453500,0,B,46900,20000,
000012.SZ,000012,20251209,93024230,0,1469565,0,B,47100,400,
000012.SZ,000012,20251209,93024230,0,1469568,0,B,47100,100,
000012.SZ,000012,20251209,93024230,0,1469612,0,B,47100,400,
000012.SZ,000012,20251209,93024230,0,1469620,0,B,47100,100,
000012.SZ,000012,20251209,93024230,0,1469692,0,B,47100,100,
000012.SZ,000012,20251209,93024240,0,1469921,0,B,47100,100,
000012.SZ,000012,20251209,93024240,0,1470080,0,B,47100,100,
000012.SZ,000012,20251209,93024240,0,1470142,0,B,47100,200,
000012.SZ,000012,20251209,93024240,0,1470150,0,B,47100,100,
000012.SZ,000012,20251209,93024250,0,1470307,0,B,47100,200,
000012.SZ,000012,20251209,93024290,0,1471061,0,B,47100,1500,
000012.SZ,000012,20251209,93024310,0,1471531,0,B,47100,7500,
000012.SZ,000012,20251209,93024360,0,1472113,0,B,47100,2200,
000012.SZ,000012,20251209,93024370,0,1472268,0,B,47100,900,
000012.SZ,000012,20251209,93024450,0,1473089,0,B,47000,100,
000012.SZ,000012,20251209,93024450,0,1473090,0,B,47000,200,
000012.SZ,000012,20251209,93024460,0,1473115,0,B,47000,300,
000012.SZ,000012,20251209,93024490,0,1473416,0,S,47000,300,
000012.SZ,000012,20251209,93024500,0,1473828,0,S,47000,500,
000012.SZ,000012,20251209,93024750,0,1479082,0,S,47000,400,
000012.SZ,000012,20251209,93025050,0,1483453,0,S,46900,300,
000012.SZ,000012,20251209,93025130,0,1484641,0,S,47000,500,
000012.SZ,000012,20251209,93025240,0,1486209,0,S,47000,300,
000012.SZ,000012,20251209,93025240,0,1486210,0,S,47000,400,
000012.SZ,000012,20251209,93025240,0,1486213,0,S,47000,400,
000012.SZ,000012,20251209,93025240,0,1486214,0,S,47000,400,
000012.SZ,000012,20251209,93025240,0,1486220,0,S,47000,300,
000012.SZ,000012,20251209,93025240,0,1486233,0,S,47000,300,
000012.SZ,000012,20251209,93025240,0,1486237,0,S,47000,700,
000012.SZ,000012,20251209,93025240,0,1486238,0,S,47000,400,
000012.SZ,000012,20251209,93025240,0,1486239,0,S,47000,1700,
000012.SZ,000012,20251209,93025240,0,1486244,0,S,47000,700,
000012.SZ,000012,20251209,93025250,0,1486410,0,S,47000,1000,
000012.SZ,000012,20251209,93025260,0,1486648,0,S,47000,100,
000012.SZ,000012,20251209,93025260,0,1486649,0,S,47000,1000,
000012.SZ,000012,20251209,93025260,0,1486650,0,S,47000,1000,
000012.SZ,000012,20251209,93025260,0,1486657,0,S,47000,400,
000012.SZ,000012,20251209,93025350,0,1488512,0,S,47000,700,
000012.SZ,000012,20251209,93025350,0,1488518,0,S,47000,300,
000012.SZ,000012,20251209,93025360,0,1488542,0,S,47000,1800,
000012.SZ,000012,20251209,93025360,0,1488543,0,S,47000,300,
000012.SZ,000012,20251209,93025360,0,1488555,0,S,47000,500,
000012.SZ,000012,20251209,93025360,0,1488646,0,S,47000,300,
000012.SZ,000012,20251209,93025360,0,1488680,0,S,47000,300,
000012.SZ,000012,20251209,93025400,0,1489168,0,B,46100,17300,
000012.SZ,000012,20251209,93025520,0,1490655,0,S,46900,1600,
000012.SZ,000012,20251209,93025520,0,1490858,0,S,47000,100,
000012.SZ,000012,20251209,93025740,0,1495139,0,S,47100,400,
000012.SZ,000012,20251209,93025900,0,1496789,0,B,46900,100,
000012.SZ,000012,20251209,93026070,0,1498547,0,S,47000,100,
000012.SZ,000012,20251209,93026090,0,1498658,0,S,47000,100,
000012.SZ,000012,20251209,93026090,0,1498738,0,S,47000,500,
000012.SZ,000012,20251209,93026100,0,1498813,0,S,47000,100,
000012.SZ,000012,20251209,93026130,0,1499092,0,S,47000,100,
000012.SZ,000012,20251209,93026240,0,1500150,0,S,47100,1000,
000012.SZ,000012,20251209,93026260,0,1500405,0,B,46900,400,
000012.SZ,000012,20251209,93026570,0,1503305,0,S,47000,200,
000012.SZ,000012,20251209,93026710,0,1504771,0,S,47100,300,
000012.SZ,000012,20251209,93026710,0,1504772,0,S,47100,100,
000012.SZ,000012,20251209,93026710,0,1504774,0,S,47100,100,
000012.SZ,000012,20251209,93027160,0,1509553,0,S,47000,1000,
000012.SZ,000012,20251209,93027160,0,1509597,0,S,47000,1500,
000012.SZ,000012,20251209,93027240,0,1511652,0,B,47000,300,
000012.SZ,000012,20251209,93027360,0,1513336,0,S,47000,3900,
000012.SZ,000012,20251209,93027360,0,1513337,0,S,47000,4300,
000012.SZ,000012,20251209,93027360,0,1513340,0,S,47000,1800,
000012.SZ,000012,20251209,93027360,0,1513357,0,S,47000,5200,
000012.SZ,000012,20251209,93027360,0,1513359,0,S,47000,2000,
000012.SZ,000012,20251209,93027360,0,1513399,0,S,47000,3400,
000012.SZ,000012,20251209,93027360,0,1513500,0,S,47000,2100,
000012.SZ,000012,20251209,93027540,0,1516658,0,S,47200,200,
000012.SZ,000012,20251209,93027730,0,1519967,0,S,46900,1100,
000012.SZ,000012,20251209,93027920,0,1522663,0,B,46800,1900,
000012.SZ,000012,20251209,93027940,0,1522903,0,S,47200,10000,
000012.SZ,000012,20251209,93028170,0,1526061,0,B,46900,600,
000012.SZ,000012,20251209,93028460,0,1530687,0,S,47000,100,
000012.SZ,000012,20251209,93029140,0,1540746,0,S,47100,100,
000012.SZ,000012,20251209,93029390,0,1544203,0,S,47000,100,
000012.SZ,000012,20251209,93029400,0,1544283,0,S,47000,100,
000012.SZ,000012,20251209,93029420,0,1544456,0,S,47000,100,
000012.SZ,000012,20251209,93029420,0,1544468,0,S,47000,100,
000012.SZ,000012,20251209,93029430,0,1544589,0,S,47000,100,
000012.SZ,000012,20251209,93029640,0,1547393,0,S,47000,400,
000012.SZ,000012,20251209,93029660,0,1547572,0,S,47000,100,
000012.SZ,000012,20251209,93029690,0,1547942,0,S,47000,100,
000012.SZ,000012,20251209,93029870,0,1550196,0,S,47000,100,
000012.SZ,000012,20251209,93030030,0,1552271,0,S,51900,100,
000012.SZ,000012,20251209,93030030,0,1552279,0,S,51800,100,
000012.SZ,000012,20251209,93030140,0,1553716,0,S,47000,800,
000012.SZ,000012,20251209,93030490,0,1560139,0,S,47000,2000,
000012.SZ,000012,20251209,93030490,0,1560144,0,S,47000,200,
000012.SZ,000012,20251209,93030490,0,1560151,0,S,47000,300,
000012.SZ,000012,20251209,93030620,0,1564247,0,S,47000,600,
000012.SZ,000012,20251209,93030640,0,1564497,0,S,46900,100,
000012.SZ,000012,20251209,93030650,0,1564595,0,S,46900,100,
000012.SZ,000012,20251209,93030650,0,1564702,0,S,46900,100,
000012.SZ,000012,20251209,93031220,0,1573460,0,S,47000,100,
000012.SZ,000012,20251209,93031970,0,1585183,0,B,46900,2000,
000012.SZ,000012,20251209,93032380,0,1589902,0,S,47000,4000,
000012.SZ,000012,20251209,93032410,0,1590283,0,S,47000,100,
000012.SZ,000012,20251209,93032640,0,1592538,0,S,47000,400,
000012.SZ,000012,20251209,93033430,0,1604508,0,S,47000,100,
000012.SZ,000012,20251209,93033640,0,1608405,0,S,47000,300,
000012.SZ,000012,20251209,93033640,0,1608406,0,S,47000,2900,
000012.SZ,000012,20251209,93033770,0,1610590,0,S,47000,1400,
000012.SZ,000012,20251209,93033810,0,1611307,0,S,51900,300,
000012.SZ,000012,20251209,93033840,0,1611658,0,S,47000,1000,
000012.SZ,000012,20251209,93033840,0,1611659,0,S,47000,100,
000012.SZ,000012,20251209,93033980,0,1613242,0,S,47000,100,
000012.SZ,000012,20251209,93033980,0,1613317,0,S,47000,1400,
000012.SZ,000012,20251209,93033980,0,1613332,0,S,47000,600,
000012.SZ,000012,20251209,93034100,0,1614620,0,S,47000,3700,
000012.SZ,000012,20251209,93034140,0,1615073,0,S,47000,100,
000012.SZ,000012,20251209,93034170,0,1615424,0,S,47000,100,
000012.SZ,000012,20251209,93034170,0,1615436,0,S,47000,100,
000012.SZ,000012,20251209,93034410,0,1620042,0,S,47000,200,
000012.SZ,000012,20251209,93034560,0,1622654,0,S,47000,400,
000012.SZ,000012,20251209,93034560,0,1622657,0,S,47000,300,
000012.SZ,000012,20251209,93035580,0,1637627,0,S,46900,100,
000012.SZ,000012,20251209,93036800,0,1658878,0,S,47000,100,
000012.SZ,000012,20251209,93036850,0,1659764,0,S,46900,200,
000012.SZ,000012,20251209,93037040,0,1663281,0,B,46900,100,
000012.SZ,000012,20251209,93037360,0,1669684,0,S,47000,1200,
000012.SZ,000012,20251209,93037360,0,1669808,0,S,47000,1200,
000012.SZ,000012,20251209,93037420,0,1670968,0,S,47000,1200,
000012.SZ,000012,20251209,93037480,0,1672165,0,S,46900,100,
000012.SZ,000012,20251209,93037480,0,1672195,0,S,47000,1700,
000012.SZ,000012,20251209,93037480,0,1672303,0,S,46900,300,
000012.SZ,000012,20251209,93037500,0,1672554,0,B,46900,100,
000012.SZ,000012,20251209,93037510,0,1672730,0,S,46900,100,
000012.SZ,000012,20251209,93037660,0,1674839,0,S,46900,7100,
000012.SZ,000012,20251209,93037690,0,1675454,0,S,47000,2200,
000012.SZ,000012,20251209,93038610,0,1687938,0,S,46900,900,
000012.SZ,000012,20251209,93038770,0,1689735,0,B,46900,200,
000012.SZ,000012,20251209,93039150,0,1695869,0,S,46900,200,
000012.SZ,000012,20251209,93039150,0,1695876,0,B,42600,200,
000012.SZ,000012,20251209,93039150,0,1695880,0,B,42600,200,
000012.SZ,000012,20251209,93039390,0,1701069,0,S,47000,1200,
000012.SZ,000012,20251209,93040110,0,1715540,0,S,47000,1500,
000012.SZ,000012,20251209,93040180,0,1716970,0,S,47000,100,
000012.SZ,000012,20251209,93040290,0,1719372,0,S,47000,1200,
000012.SZ,000012,20251209,93040350,0,1720660,0,S,47000,1200,
000012.SZ,000012,20251209,93040360,0,1720748,0,S,47000,1200,
000012.SZ,000012,20251209,93040460,0,1722368,0,S,47000,100,
000012.SZ,000012,20251209,93040470,0,1722463,0,S,47000,1100,
000012.SZ,000012,20251209,93040510,0,1723285,0,S,47000,1100,
000012.SZ,000012,20251209,93040740,0,1726860,0,S,47000,400,
000012.SZ,000012,20251209,93040770,0,1727227,0,S,47000,100,
000012.SZ,000012,20251209,93040820,0,1727841,0,B,46500,400,
000012.SZ,000012,20251209,93041010,0,1730815,0,S,47000,3000,
000012.SZ,000012,20251209,93041040,0,1731422,0,B,46800,2000,
000012.SZ,000012,20251209,93041550,0,1739868,0,S,47000,100,
000012.SZ,000012,20251209,93041630,0,1740984,0,S,47000,2100,
000012.SZ,000012,20251209,93041700,0,1742080,0,S,47000,1200,
000012.SZ,000012,20251209,93041960,0,1747083,0,S,47000,1300,
000012.SZ,000012,20251209,93041990,0,1747496,0,S,47000,100,
000012.SZ,000012,20251209,93042000,0,1747730,0,B,46800,2000,
000012.SZ,000012,20251209,93042080,0,1748849,0,S,47200,8600,
000012.SZ,000012,20251209,93042150,0,1750016,0,B,42600,200,
000012.SZ,000012,20251209,93042150,0,1750023,0,B,42600,200,
000012.SZ,000012,20251209,93042230,0,1751869,0,S,47000,1900,
000012.SZ,000012,20251209,93042430,0,1756809,0,B,46900,2300,
000012.SZ,000012,20251209,93042470,0,1757583,0,B,46700,2200,
000012.SZ,000012,20251209,93042730,0,1762556,0,S,47000,200,
000012.SZ,000012,20251209,93042760,0,1763086,0,S,47000,500,
000012.SZ,000012,20251209,93043670,0,1780257,0,S,46900,1000,
000012.SZ,000012,20251209,93043710,0,1781008,0,S,46900,800,
000012.SZ,000012,20251209,93043790,0,1782377,0,S,46900,500,
000012.SZ,000012,20251209,93044190,0,1789122,0,B,46500,3000,
000012.SZ,000012,20251209,93044610,0,1796346,0,B,46900,700,
000012.SZ,000012,20251209,93044650,0,1796818,0,B,47000,2200,
000012.SZ,000012,20251209,93044720,0,1797846,0,S,47000,800,
000012.SZ,000012,20251209,93044990,0,1802300,0,B,46100,1000,
000012.SZ,000012,20251209,93045080,0,1803963,0,B,46800,5000,
000012.SZ,000012,20251209,93045150,0,1805210,0,S,46900,1500,
000012.SZ,000012,20251209,93045400,0,1809516,0,B,46900,200,
000012.SZ,000012,20251209,93045520,0,1811736,0,S,47000,100,
000012.SZ,000012,20251209,93045590,0,1813120,0,S,47000,200,
000012.SZ,000012,20251209,93046750,0,1831802,0,B,47200,1300,
000012.SZ,000012,20251209,93047180,0,1837055,0,B,46900,6400,
000012.SZ,000012,20251209,93047530,0,1841490,0,B,46500,10000,
000012.SZ,000012,20251209,93047740,0,1843921,0,B,46900,400,
000012.SZ,000012,20251209,93048020,0,1847271,0,S,47000,1600,
000012.SZ,000012,20251209,93048030,0,1847467,0,B,46900,200,
000012.SZ,000012,20251209,93048060,0,1847955,0,S,47100,1000,
000012.SZ,000012,20251209,93048180,0,1849440,0,S,47100,1300,
000012.SZ,000012,20251209,93048880,0,1860642,0,S,47100,1200,
000012.SZ,000012,20251209,93049470,0,1869846,0,B,46900,200,
000012.SZ,000012,20251209,93049480,0,1870091,0,S,47200,10000,
000012.SZ,000012,20251209,93049670,0,1872883,0,S,47000,5000,
000012.SZ,000012,20251209,93049700,0,1873119,0,B,46900,10000,
000012.SZ,000012,20251209,93050360,0,1881221,0,S,48300,6100,
000012.SZ,000012,20251209,93051090,0,1889856,0,B,46900,400,
000012.SZ,000012,20251209,93051150,0,1890632,0,B,47000,300,
000012.SZ,000012,20251209,93052620,0,1912438,0,S,47100,1000,
000012.SZ,000012,20251209,93052800,0,1914734,0,S,47000,1500,
000012.SZ,000012,20251209,93052830,0,1915053,0,B,46800,3000,
000012.SZ,000012,20251209,93053450,0,1922912,0,B,46500,4100,
000012.SZ,000012,20251209,93054420,0,1935541,0,B,46900,2000,
000012.SZ,000012,20251209,93054550,0,1937564,0,B,46900,3000,
000012.SZ,000012,20251209,93054590,0,1937989,0,B,46900,500,
000012.SZ,000012,20251209,93054640,0,1938710,0,B,46700,1500,
000012.SZ,000012,20251209,93055510,0,1950949,0,B,46900,1000,
000012.SZ,000012,20251209,93057070,0,1970397,0,S,47200,10000,
000012.SZ,000012,20251209,93057540,0,1977188,0,S,47000,100,
000012.SZ,000012,20251209,93057620,0,1978132,0,B,46900,200,
000012.SZ,000012,20251209,93058020,0,1984297,0,S,47100,3000,
000012.SZ,000012,20251209,93058030,0,1984442,0,B,46900,300,
000012.SZ,000012,20251209,93059030,0,1998638,0,B,46800,5000,
000012.SZ,000012,20251209,93059570,0,2006131,0,B,46900,2000,
000012.SZ,000012,20251209,93101220,0,2034670,0,B,46800,1000,
000012.SZ,000012,20251209,93101660,0,2043400,0,B,46900,300,
000012.SZ,000012,20251209,93102700,0,2058211,0,B,47000,100,
000012.SZ,000012,20251209,93102730,0,2058655,0,B,46500,10000,
000012.SZ,000012,20251209,93103340,0,2069313,0,B,47200,100,
000012.SZ,000012,20251209,93103770,0,2077573,0,B,46800,500,
000012.SZ,000012,20251209,93104310,0,2086445,0,B,47000,100,
000012.SZ,000012,20251209,93104320,0,2086469,0,B,47000,100,
000012.SZ,000012,20251209,93104320,0,2086656,0,B,47000,100,
000012.SZ,000012,20251209,93105210,0,2100995,0,S,46900,5000,
000012.SZ,000012,20251209,93105210,0,2101014,0,S,47000,200,
000012.SZ,000012,20251209,93105220,0,2101181,0,B,46900,5900,
000012.SZ,000012,20251209,93106350,0,2118785,0,B,46900,100,
000012.SZ,000012,20251209,93106710,0,2125763,0,S,51900,2000,
000012.SZ,000012,20251209,93107160,0,2133854,0,B,46700,1500,
000012.SZ,000012,20251209,93107170,0,2134107,0,B,46900,1100,
000012.SZ,000012,20251209,93107180,0,2134174,0,B,46900,500,
000012.SZ,000012,20251209,93107180,0,2134278,0,B,46900,2200,
000012.SZ,000012,20251209,93107190,0,2134411,0,B,46900,700,
000012.SZ,000012,20251209,93107220,0,2134813,0,B,47000,3000,
000012.SZ,000012,20251209,93107290,0,2135841,0,B,47000,9000,
000012.SZ,000012,20251209,93107340,0,2136732,0,B,46000,1000,
000012.SZ,000012,20251209,93108080,0,2149392,0,B,46900,200,
000012.SZ,000012,20251209,93108110,0,2149932,0,B,46900,100,
000012.SZ,000012,20251209,93108250,0,2152144,0,B,46800,100,
000012.SZ,000012,20251209,93108810,0,2159582,0,B,46800,1400,
000012.SZ,000012,20251209,93109150,0,2163655,0,B,46900,100,
000012.SZ,000012,20251209,93109150,0,2163682,0,B,46900,100,
000012.SZ,000012,20251209,93109160,0,2163719,0,B,47000,2400,
000012.SZ,000012,20251209,93109160,0,2163722,0,B,47000,500,
000012.SZ,000012,20251209,93109160,0,2163724,0,B,47000,400,
000012.SZ,000012,20251209,93109160,0,2163726,0,B,47000,200,
000012.SZ,000012,20251209,93109160,0,2163728,0,B,47000,500,
000012.SZ,000012,20251209,93109160,0,2163734,0,B,47000,700,
000012.SZ,000012,20251209,93109160,0,2163736,0,B,47000,400,
000012.SZ,000012,20251209,93109160,0,2163739,0,B,47000,300,
000012.SZ,000012,20251209,93109160,0,2163747,0,B,47000,300,
000012.SZ,000012,20251209,93109430,0,2168386,0,B,46800,300,
000012.SZ,000012,20251209,93109540,0,2170146,0,B,46900,100,
000012.SZ,000012,20251209,93109980,0,2176816,0,B,46900,500,
000012.SZ,000012,20251209,93110140,0,2178973,0,B,46000,1000,
000012.SZ,000012,20251209,93110150,0,2179112,0,B,46900,100,
000012.SZ,000012,20251209,93110150,0,2179193,0,B,46900,100,
000012.SZ,000012,20251209,93110810,0,2189127,0,S,46900,500,
000012.SZ,000012,20251209,93111050,0,2192110,0,S,47000,5900,
000012.SZ,000012,20251209,93111070,0,2192395,0,B,46900,500,
000012.SZ,000012,20251209,93111140,0,2193274,0,S,46900,200,
000012.SZ,000012,20251209,93111240,0,2194635,0,S,46900,100,
000012.SZ,000012,20251209,93111450,0,2197193,0,S,47000,100,
000012.SZ,000012,20251209,93111680,0,2199664,0,B,47000,100,
000012.SZ,000012,20251209,93112190,0,2206232,0,B,46900,100,
000012.SZ,000012,20251209,93112190,0,2206245,0,B,46900,100,
000012.SZ,000012,20251209,93112830,0,2216083,0,B,46900,100,
000012.SZ,000012,20251209,93112830,0,2216098,0,B,46900,200,
000012.SZ,000012,20251209,93113330,0,2223179,0,S,47600,1000,
000012.SZ,000012,20251209,93113380,0,2223938,0,B,46600,2000,
000012.SZ,000012,20251209,93113380,0,2223993,0,B,46900,1800,
000012.SZ,000012,20251209,93113390,0,2224193,0,S,47000,100,
000012.SZ,000012,20251209,93113410,0,2224487,0,S,47000,100,
000012.SZ,000012,20251209,93114500,0,2238675,0,B,47200,1300,
000012.SZ,000012,20251209,93114510,0,2238815,0,B,46900,100,
000012.SZ,000012,20251209,93114510,0,2238831,0,B,46900,100,
000012.SZ,000012,20251209,93114520,0,2238895,0,B,46900,500,
000012.SZ,000012,20251209,93115230,0,2246754,0,B,47000,400,
000012.SZ,000012,20251209,93115230,0,2246757,0,B,47000,200,
000012.SZ,000012,20251209,93115230,0,2246760,0,B,47000,200,
000012.SZ,000012,20251209,93115770,0,2254880,0,B,46900,7200,
000012.SZ,000012,20251209,93116230,0,2261085,0,B,46900,100,
000012.SZ,000012,20251209,93116770,0,2268853,0,B,47000,1000,
000012.SZ,000012,20251209,93116790,0,2269087,0,S,46900,200,
000012.SZ,000012,20251209,93117010,0,2271732,0,B,46900,400,
000012.SZ,000012,20251209,93117680,0,2279554,0,B,46900,100,
000012.SZ,000012,20251209,93117760,0,2280413,0,B,46900,200,
000012.SZ,000012,20251209,93117800,0,2280829,0,B,46900,200,
000012.SZ,000012,20251209,93118010,0,2282896,0,B,46900,7200,
000012.SZ,000012,20251209,93118100,0,2283935,0,B,47300,100,
000012.SZ,000012,20251209,93118160,0,2284651,0,S,46900,1800,
000012.SZ,000012,20251209,93118160,0,2284654,0,B,47000,200,
000012.SZ,000012,20251209,93118440,0,2288953,0,B,46800,10000,
000012.SZ,000012,20251209,93118450,0,2289007,0,S,49800,1500,
000012.SZ,000012,20251209,93120190,0,2310766,0,B,46900,7300,
000012.SZ,000012,20251209,93120260,0,2311604,0,B,46900,700,
000012.SZ,000012,20251209,93120880,0,2318203,0,B,46900,400,
000012.SZ,000012,20251209,93121030,0,2319758,0,B,46900,200,
000012.SZ,000012,20251209,93121240,0,2322611,0,B,46600,1500,
000012.SZ,000012,20251209,93121300,0,2323279,0,B,47000,400,
000012.SZ,000012,20251209,93121300,0,2323281,0,B,47000,300,
000012.SZ,000012,20251209,93121300,0,2323284,0,B,47000,300,
000012.SZ,000012,20251209,93122550,0,2340070,0,B,46800,2000,
000012.SZ,000012,20251209,93123260,0,2347772,0,B,46900,1600,
000012.SZ,000012,20251209,93123260,0,2347776,0,B,46900,1100,
000012.SZ,000012,20251209,93123260,0,2347778,0,B,46900,1100,
000012.SZ,000012,20251209,93123430,0,2349855,0,B,46900,100,
000012.SZ,000012,20251209,93123430,0,2349881,0,B,46900,200,
000012.SZ,000012,20251209,93123430,0,2349882,0,B,46900,200,
000012.SZ,000012,20251209,93124050,0,2355702,0,B,46900,200,
000012.SZ,000012,20251209,93124160,0,2356831,0,B,47000,100,
000012.SZ,000012,20251209,93124300,0,2358646,0,S,47000,100,
000012.SZ,000012,20251209,93124780,0,2364549,0,B,46500,1000,
000012.SZ,000012,20251209,93125580,0,2374948,0,S,51900,5000,
000012.SZ,000012,20251209,93125620,0,2375499,0,S,47000,100,
000012.SZ,000012,20251209,93126010,0,2379714,0,B,46600,10000,
000012.SZ,000012,20251209,93126250,0,2382273,0,B,47000,1800,
000012.SZ,000012,20251209,93126440,0,2384491,0,B,46900,1700,
000012.SZ,000012,20251209,93126500,0,2385097,0,B,46800,1000,
000012.SZ,000012,20251209,93127150,0,2392337,0,B,47000,100,
000012.SZ,000012,20251209,93127150,0,2392339,0,B,47000,100,
000012.SZ,000012,20251209,93127150,0,2392341,0,B,47000,100,
000012.SZ,000012,20251209,93127150,0,2392347,0,B,47000,100,
000012.SZ,000012,20251209,93127150,0,2392349,0,B,47000,100,
000012.SZ,000012,20251209,93127620,0,2398202,0,B,46900,400,
000012.SZ,000012,20251209,93127970,0,2401819,0,B,46900,200,
000012.SZ,000012,20251209,93128530,0,2409163,0,S,47000,1300,
000012.SZ,000012,20251209,93129430,0,2419251,0,S,51900,200,
000012.SZ,000012,20251209,93130420,0,2430594,0,B,46900,300,
000012.SZ,000012,20251209,93130650,0,2434520,0,S,47000,200,
000012.SZ,000012,20251209,93130900,0,2437666,0,S,49500,1000,
000012.SZ,000012,20251209,93133150,0,2464016,0,S,46900,700,
000012.SZ,000012,20251209,93133150,0,2464124,0,S,46900,300,
000012.SZ,000012,20251209,93136150,0,2498890,0,S,47000,200,
000012.SZ,000012,20251209,93136210,0,2499667,0,B,46900,400,
000012.SZ,000012,20251209,93136210,0,2499668,0,B,46900,300,
000012.SZ,000012,20251209,93136210,0,2499669,0,B,46900,500,
000012.SZ,000012,20251209,93136210,0,2499670,0,B,46900,500,
000012.SZ,000012,20251209,93136220,0,2499699,0,B,46900,500,
000012.SZ,000012,20251209,93136220,0,2499701,0,B,46900,500,
000012.SZ,000012,20251209,93136220,0,2499719,0,B,46900,400,
000012.SZ,000012,20251209,93136220,0,2499778,0,B,46900,300,
000012.SZ,000012,20251209,93136220,0,2499780,0,B,46900,400,
000012.SZ,000012,20251209,93136220,0,2499781,0,B,46900,300,
000012.SZ,000012,20251209,93136220,0,2499802,0,B,46900,400,
000012.SZ,000012,20251209,93136220,0,2499811,0,B,46900,300,
000012.SZ,000012,20251209,93136230,0,2499877,0,B,46900,500,
000012.SZ,000012,20251209,93136240,0,2499970,0,B,46900,700,
000012.SZ,000012,20251209,93136240,0,2500044,0,B,46900,6200,
000012.SZ,000012,20251209,93136260,0,2500282,0,B,46900,1600,
000012.SZ,000012,20251209,93136300,0,2500731,0,B,46900,6400,
000012.SZ,000012,20251209,93136370,0,2501715,0,B,46900,1200,
000012.SZ,000012,20251209,93137020,0,2510350,0,B,46900,2200,
000012.SZ,000012,20251209,93137140,0,2511985,0,B,46800,1100,
000012.SZ,000012,20251209,93137210,0,2513003,0,B,46800,300,
000012.SZ,000012,20251209,93137440,0,2516480,0,B,46900,100,
000012.SZ,000012,20251209,93137920,0,2522640,0,B,46900,200,
000012.SZ,000012,20251209,93138900,0,2533066,0,S,50000,1300,
000012.SZ,000012,20251209,93138970,0,2533757,0,S,46900,3000,
000012.SZ,000012,20251209,93139680,0,2542820,0,B,46700,5000,
000012.SZ,000012,20251209,93139900,0,2545563,0,S,46900,1000,
000012.SZ,000012,20251209,93140000,0,2546616,0,S,47500,400,
000012.SZ,000012,20251209,93141660,0,2565495,0,S,46900,400,
000012.SZ,000012,20251209,93141770,0,2566683,0,S,47000,200,
000012.SZ,000012,20251209,93141770,0,2566684,0,S,47000,300,
000012.SZ,000012,20251209,93141770,0,2566688,0,S,47000,300,
000012.SZ,000012,20251209,93141770,0,2566694,0,S,47000,300,
000012.SZ,000012,20251209,93141770,0,2566699,0,S,47000,200,
000012.SZ,000012,20251209,93141770,0,2566703,0,S,47000,200,
000012.SZ,000012,20251209,93141770,0,2566704,0,S,47000,500,
000012.SZ,000012,20251209,93141770,0,2566705,0,S,47000,1300,
000012.SZ,000012,20251209,93141770,0,2566710,0,S,47000,300,
000012.SZ,000012,20251209,93141770,0,2566711,0,S,47000,500,
000012.SZ,000012,20251209,93141770,0,2566748,0,S,47000,300,
000012.SZ,000012,20251209,93141780,0,2566772,0,S,47000,800,
000012.SZ,000012,20251209,93141790,0,2566895,0,S,47000,800,
000012.SZ,000012,20251209,93141790,0,2566898,0,S,47000,1200,
000012.SZ,000012,20251209,93141790,0,2566899,0,S,47000,100,
000012.SZ,000012,20251209,93141790,0,2566900,0,S,47000,800,
000012.SZ,000012,20251209,93141790,0,2566901,0,S,47000,200,
000012.SZ,000012,20251209,93141790,0,2566927,0,S,47000,700,
000012.SZ,000012,20251209,93141790,0,2566929,0,S,47000,200,
000012.SZ,000012,20251209,93141790,0,2566930,0,S,47000,200,
000012.SZ,000012,20251209,93141790,0,2566931,0,S,47000,300,
000012.SZ,000012,20251209,93141800,0,2566994,0,S,47000,200,
000012.SZ,000012,20251209,93142020,0,2569209,0,S,46900,800,
000012.SZ,000012,20251209,93142020,0,2569218,0,S,46900,2700,
000012.SZ,000012,20251209,93142180,0,2571165,0,S,47000,2700,
000012.SZ,000012,20251209,93142190,0,2571228,0,S,47000,1900,
000012.SZ,000012,20251209,93142200,0,2571372,0,S,46900,500,
000012.SZ,000012,20251209,93142700,0,2578379,0,S,46900,400,
000012.SZ,000012,20251209,93143060,0,2582739,0,S,47000,5900,
000012.SZ,000012,20251209,93143280,0,2585785,0,S,46900,200,
000012.SZ,000012,20251209,93143670,0,2591346,0,S,46900,1500,
000012.SZ,000012,20251209,93143940,0,2594598,0,B,46900,200,
000012.SZ,000012,20251209,93144010,0,2595320,0,S,46900,2100,
000012.SZ,000012,20251209,93144270,0,2598448,0,S,46900,100,
000012.SZ,000012,20251209,93144350,0,2599489,0,S,46900,200,
000012.SZ,000012,20251209,93145580,0,2613314,0,B,46700,200,
000012.SZ,000012,20251209,93145950,0,2617810,0,S,47600,800,
000012.SZ,000012,20251209,93146260,0,2621866,0,S,47000,1700,
000012.SZ,000012,20251209,93146440,0,2624921,0,S,47000,400,
000012.SZ,000012,20251209,93146440,0,2624924,0,S,47000,300,
000012.SZ,000012,20251209,93146450,0,2625110,0,B,47000,1100,
000012.SZ,000012,20251209,93147100,0,2632378,0,S,50000,1000,
000012.SZ,000012,20251209,93147270,0,2634323,0,S,47000,1200,
000012.SZ,000012,20251209,93147790,0,2639679,0,B,46700,10000,
000012.SZ,000012,20251209,93148090,0,2642705,0,B,47300,100,
000012.SZ,000012,20251209,93148460,0,2647040,0,S,46800,11900,
000012.SZ,000012,20251209,93150230,0,2667608,0,S,46900,3000,
000012.SZ,000012,20251209,93150240,0,2667769,0,S,46900,100,
000012.SZ,000012,20251209,93150270,0,2668027,0,S,46900,100,
000012.SZ,000012,20251209,93151330,0,2679560,0,S,46900,100,
000012.SZ,000012,20251209,93151330,0,2679566,0,S,46900,100,
000012.SZ,000012,20251209,93151330,0,2679590,0,S,46900,100,
000012.SZ,000012,20251209,93152150,0,2689649,0,S,47000,300,
000012.SZ,000012,20251209,93152240,0,2690672,0,S,47000,200,
000012.SZ,000012,20251209,93152260,0,2690938,0,S,47000,400,
000012.SZ,000012,20251209,93152330,0,2691942,0,S,46900,100,
000012.SZ,000012,20251209,93152330,0,2691982,0,S,46900,100,
000012.SZ,000012,20251209,93152330,0,2691991,0,S,46900,100,
000012.SZ,000012,20251209,93152330,0,2691996,0,S,47000,200,
000012.SZ,000012,20251209,93152380,0,2692835,0,S,47700,1200,
000012.SZ,000012,20251209,93152420,0,2693434,0,S,46900,2200,
000012.SZ,000012,20251209,93152500,0,2694375,0,S,47000,600,
000012.SZ,000012,20251209,93152790,0,2698229,0,B,46800,49100,
000012.SZ,000012,20251209,93153130,0,2701653,0,B,46900,100,
000012.SZ,000012,20251209,93153200,0,2702357,0,S,47400,2200,
000012.SZ,000012,20251209,93153310,0,2703617,0,S,47000,300,
000012.SZ,000012,20251209,93153320,0,2703708,0,S,47000,400,
000012.SZ,000012,20251209,93153500,0,2705408,1,S,0,1800,
000012.SZ,000012,20251209,93153880,0,2709114,0,S,49800,1000,
000012.SZ,000012,20251209,93154150,0,2711571,0,S,46900,1200,
000012.SZ,000012,20251209,93154210,0,2712571,0,S,47000,1000,
000012.SZ,000012,20251209,93154250,0,2713279,0,B,46500,500,
000012.SZ,000012,20251209,93154360,0,2714546,0,S,47000,400,
000012.SZ,000012,20251209,93155400,0,2727540,0,B,46900,5000,
000012.SZ,000012,20251209,93155560,0,2729586,0,S,46900,1000,
000012.SZ,000012,20251209,93155890,0,2733736,0,B,47000,300,
000012.SZ,000012,20251209,93157510,0,2753458,0,S,47600,3000,
000012.SZ,000012,20251209,93158240,0,2761610,0,B,46800,2000,
000012.SZ,000012,20251209,93159290,0,2772910,0,S,51800,2000,
000012.SZ,000012,20251209,93200150,0,2782114,0,S,47000,100,
000012.SZ,000012,20251209,93200290,0,2784289,0,B,46900,20000,
000012.SZ,000012,20251209,93200310,0,2784606,0,B,47000,400,
000012.SZ,000012,20251209,93200340,0,2785017,0,S,46900,100,
000012.SZ,000012,20251209,93201310,0,2799351,0,B,44100,10000,
000012.SZ,000012,20251209,93202880,0,2817731,0,B,47000,1000,
000012.SZ,000012,20251209,93203280,0,2822151,0,S,51900,2000,
000012.SZ,000012,20251209,93203750,0,2828628,0,B,47000,19100,
000012.SZ,000012,20251209,93205410,0,2848925,0,S,46900,100,
000012.SZ,000012,20251209,93205410,0,2848931,0,S,46900,200,
000012.SZ,000012,20251209,93205410,0,2848955,0,S,46900,100,
000012.SZ,000012,20251209,93205420,0,2848976,0,S,46900,100,
000012.SZ,000012,20251209,93205420,0,2848985,0,S,46900,200,
000012.SZ,000012,20251209,93205420,0,2849002,0,S,46900,100,
000012.SZ,000012,20251209,93205420,0,2849006,0,S,46900,100,
000012.SZ,000012,20251209,93205420,0,2849010,0,S,46900,200,
000012.SZ,000012,20251209,93205420,0,2849035,0,S,46900,100,
000012.SZ,000012,20251209,93205420,0,2849059,0,S,46900,100,
000012.SZ,000012,20251209,93205430,0,2849127,0,S,46900,400,
000012.SZ,000012,20251209,93205430,0,2849164,0,S,46900,100,
000012.SZ,000012,20251209,93205430,0,2849173,0,S,46900,200,
000012.SZ,000012,20251209,93205460,0,2849465,0,B,46800,3000,
000012.SZ,000012,20251209,93206160,0,2856573,0,B,46600,1000,
000012.SZ,000012,20251209,93206160,0,2856667,0,B,46900,100,
000012.SZ,000012,20251209,93206160,0,2856668,0,B,46900,100,
000012.SZ,000012,20251209,93207460,0,2872148,0,S,47100,1700,
000012.SZ,000012,20251209,93208380,0,2882857,0,B,46800,200,
000012.SZ,000012,20251209,93210360,0,2904181,0,S,47200,6000,
000012.SZ,000012,20251209,93213890,0,2945718,0,B,46900,2100,
000012.SZ,000012,20251209,93214310,0,2952092,0,B,46900,3000,
000012.SZ,000012,20251209,93215160,0,2962496,0,S,46800,900,
000012.SZ,000012,20251209,93215400,0,2966034,0,B,46900,400,
000012.SZ,000012,20251209,93215530,0,2967860,1,S,0,1800,
000012.SZ,000012,20251209,93216260,0,2977487,0,B,46900,400,
