万得代码,交易所代码,自然日,时间,成交价,成交量,成交额,成交笔数,IOPV,成交标志,BS标志,当日累计成交量,当日成交额,最高价,最低价,开盘价,前收盘,申卖价1,申卖价2,申卖价3,申卖价4,申卖价5,申卖价6,申卖价7,申卖价8,申卖价9,申卖价10,申卖量1,申卖量2,申卖量3,申卖量4,申卖量5,申卖量6,申卖量7,申卖量8,申卖量9,申卖量10,申买价1,申买价2,申买价3,申买价4,申买价5,申买价6,申买价7,申买价8,申买价9,申买价10,申买量1,申买量2,申买量3,申买量4,申买量5,申买量6,申买量7,申买量8,申买量9,申买量10,加权平均叫卖价,加权平均叫买价,叫卖总量,叫买总量,不加权指数,品种总数,上涨品种数,下跌品种数,持平品种数,
000017.SZ,000017,20251209,81557000,0,0,0,0,0,,,0,0,0,0,0,82500,0,0,0,0,0,0,0,0,0,0,0,0,0,0,0,0,0,0,0,0,0,0,0,0,0,0,0,0,0,0,0,0,0,0,0,0,0,0,0,0,0,0,0,0,0,0,0,0,0,
000017.SZ,000017,20251209,91500000,0,0,0,0,0,,,0,0,0,0,0,82500,82400,0,0,0,0,0,0,0,0,0,2100,900,0,0,0,0,0,0,0,0,82400,0,0,0,0,0,0,0,0,0,2100,0,0,0,0,0,0,0,0,0,0,0,0,0,0,0,0,0,0,
000017.SZ,000017,20251209,91509000,0,0,0,0,0,,,0,0,0,0,0,82500,82400,0,0,0,0,0,0,0,0,0,9000,4100,0,0,0,0,0,0,0,0,82400,0,0,0,0,0,0,0,0,0,9000,0,0,0,0,0,0,0,0,0,0,0,0,0,0,0,0,0,0,
000017.SZ,000017,20251209,91536000,0,0,0,0,0,,,0,0,0,0,0,82500,82400,0,0,0,0,0,0,0,0,0,9000,4400,0,0,0,0,0,0,0,0,82400,0,0,0,0,0,0,0,0,0,9000,0,0,0,0,0,0,0,0,0,0,0,0,0,0,0,0,0,0,
000017.SZ,000017,20251209,91603000,0,0,0,0,0,,,0,0,0,0,0,82500,82400,0,0,0,0,0,0,0,0,0,9400,4000,0,0,0,0,0,0,0,0,82400,0,0,0,0,0,0,0,0,0,9400,0,0,0,0,0,0,0,0,0,0,0,0,0,0,0,0,0,0,
000017.SZ,000017,20251209,91630000,0,0,0,0,0,,,0,0,0,0,0,82500,82400,0,0,0,0,0,0,0,0,0,9400,4800,0,0,0,0,0,0,0,0,82400,0,0,0,0,0,0,0,0,0,9400,0,0,0,0,0,0,0,0,0,0,0,0,0,0,0,0,0,0,
000017.SZ,000017,20251209,91648000,0,0,0,0,0,,,0,0,0,0,0,82500,82400,0,0,0,0,0,0,0,0,0,10100,4300,0,0,0,0,0,0,0,0,82400,0,0,0,0,0,0,0,0,0,10100,0,0,0,0,0,0,0,0,0,0,0,0,0,0,0,0,0,0,
000017.SZ,000017,20251209,91742000,0,0,0,0,0,,,0,0,0,0,0,82500,82400,0,0,0,0,0,0,0,0,0,10100,6300,0,0,0,0,0,0,0,0,82400,0,0,0,0,0,0,0,0,0,10100,0,0,0,0,0,0,0,0,0,0,0,0,0,0,0,0,0,0,
000017.SZ,000017,20251209,91751000,0,0,0,0,0,,,0,0,0,0,0,82500,82400,0,0,0,0,0,0,0,0,0,16100,1700,0,0,0,0,0,0,0,0,82400,0,0,0,0,0,0,0,0,0,16100,0,0,0,0,0,0,0,0,0,0,0,0,0,0,0,0,0,0,
000017.SZ,000017,20251209,91818000,0,0,0,0,0,,,0,0,0,0,0,82500,82400,0,0,0,0,0,0,0,0,0,16100,2700,0,0,0,0,0,0,0,0,82400,0,0,0,0,0,0,0,0,0,16100,0,0,0,0,0,0,0,0,0,0,0,0,0,0,0,0,0,0,
000017.SZ,000017,20251209,91827000,0,0,0,0,0,,,0,0,0,0,0,82500,82400,0,0,0,0,0,0,0,0,0,10100,12600,0,0,0,0,0,0,0,0,82400,0,0,0,0,0,0,0,0,0,10100,0,0,0,0,0,0,0,0,0,0,0,0,0,0,0,0,0,0,
000017.SZ,000017,20251209,91836000,0,0,0,0,0,,,0,0,0,0,0,82500,82400,0,0,0,0,0,0,0,0,0,10100,34100,0,0,0,0,0,0,0,0,82400,0,0,0,0,0,0,0,0,0,10100,0,0,0,0,0,0,0,0,0,0,0,0,0,0,0,0,0,0,
000017.SZ,000017,20251209,91845000,0,0,0,0,0,,,0,0,0,0,0,82500,82400,0,0,0,0,0,0,0,0,0,13100,31100,0,0,0,0,0,0,0,0,82400,0,0,0,0,0,0,0,0,0,13100,0,0,0,0,0,0,0,0,0,0,0,0,0,0,0,0,0,0,
000017.SZ,000017,20251209,91854000,0,0,0,0,0,,,0,0,0,0,0,82500,82400,0,0,0,0,0,0,0,0,0,13600,30600,0,0,0,0,0,0,0,0,82400,0,0,0,0,0,0,0,0,0,13600,0,0,0,0,0,0,0,0,0,0,0,0,0,0,0,0,0,0,
000017.SZ,000017,20251209,91921000,0,0,0,0,0,,,0,0,0,0,0,82500,82400,0,0,0,0,0,0,0,0,0,13600,30700,0,0,0,0,0,0,0,0,82400,0,0,0,0,0,0,0,0,0,13600,0,0,0,0,0,0,0,0,0,0,0,0,0,0,0,0,0,0,
000017.SZ,000017,20251209,91930000,0,0,0,0,0,,,0,0,0,0,0,82500,82400,0,0,0,0,0,0,0,0,0,13600,30800,0,0,0,0,0,0,0,0,82400,0,0,0,0,0,0,0,0,0,13600,0,0,0,0,0,0,0,0,0,0,0,0,0,0,0,0,0,0,
000017.SZ,000017,20251209,91948000,0,0,0,0,0,,,0,0,0,0,0,82500,82400,0,0,0,0,0,0,0,0,0,11800,32600,0,0,0,0,0,0,0,0,82400,0,0,0,0,0,0,0,0,0,11800,0,0,0,0,0,0,0,0,0,0,0,0,0,0,0,0,0,0,
000017.SZ,000017,20251209,92000000,0,0,0,0,0,,,0,0,0,0,0,82500,82400,0,0,0,0,0,0,0,0,0,11800,33800,0,0,0,0,0,0,0,0,82400,0,0,0,0,0,0,0,0,0,11800,0,0,0,0,0,0,0,0,0,0,0,0,0,0,0,0,0,0,
000017.SZ,000017,20251209,92009000,0,0,0,0,0,,,0,0,0,0,0,82500,81800,0,0,0,0,0,0,0,0,0,16500,0,0,0,0,0,0,0,0,0,81800,0,0,0,0,0,0,0,0,0,16500,4900,0,0,0,0,0,0,0,0,0,0,0,0,0,0,0,0,0,
000017.SZ,000017,20251209,92018000,0,0,0,0,0,,,0,0,0,0,0,82500,81700,0,0,0,0,0,0,0,0,0,21600,0,0,0,0,0,0,0,0,0,81700,0,0,0,0,0,0,0,0,0,21600,6600,0,0,0,0,0,0,0,0,0,0,0,0,0,0,0,0,0,
000017.SZ,000017,20251209,92027000,0,0,0,0,0,,,0,0,0,0,0,82500,81700,0,0,0,0,0,0,0,0,0,22200,0,0,0,0,0,0,0,0,0,81700,0,0,0,0,0,0,0,0,0,22200,6000,0,0,0,0,0,0,0,0,0,0,0,0,0,0,0,0,0,
000017.SZ,000017,20251209,92036000,0,0,0,0,0,,,0,0,0,0,0,82500,81700,0,0,0,0,0,0,0,0,0,22200,0,0,0,0,0,0,0,0,0,81700,0,0,0,0,0,0,0,0,0,22200,6200,0,0,0,0,0,0,0,0,0,0,0,0,0,0,0,0,0,
000017.SZ,000017,20251209,92054000,0,0,0,0,0,,,0,0,0,0,0,82500,81800,0,0,0,0,0,0,0,0,0,22600,1300,0,0,0,0,0,0,0,0,81800,0,0,0,0,0,0,0,0,0,22600,0,0,0,0,0,0,0,0,0,0,0,0,0,0,0,0,0,0,
000017.SZ,000017,20251209,92121000,0,0,0,0,0,,,0,0,0,0,0,82500,81800,0,0,0,0,0,0,0,0,0,23300,1500,0,0,0,0,0,0,0,0,81800,0,0,0,0,0,0,0,0,0,23300,0,0,0,0,0,0,0,0,0,0,0,0,0,0,0,0,0,0,
000017.SZ,000017,20251209,92130000,0,0,0,0,0,,,0,0,0,0,0,82500,81700,0,0,0,0,0,0,0,0,0,28900,0,0,0,0,0,0,0,0,0,81700,0,0,0,0,0,0,0,0,0,28900,2500,0,0,0,0,0,0,0,0,0,0,0,0,0,0,0,0,0,
000017.SZ,000017,20251209,92139000,0,0,0,0,0,,,0,0,0,0,0,82500,81700,0,0,0,0,0,0,0,0,0,29300,0,0,0,0,0,0,0,0,0,81700,0,0,0,0,0,0,0,0,0,29300,2500,0,0,0,0,0,0,0,0,0,0,0,0,0,0,0,0,0,
000017.SZ,000017,20251209,92148000,0,0,0,0,0,,,0,0,0,0,0,82500,81700,0,0,0,0,0,0,0,0,0,30000,0,0,0,0,0,0,0,0,0,81700,0,0,0,0,0,0,0,0,0,30000,2100,0,0,0,0,0,0,0,0,0,0,0,0,0,0,0,0,0,
000017.SZ,000017,20251209,92157000,0,0,0,0,0,,,0,0,0,0,0,82500,81700,0,0,0,0,0,0,0,0,0,32300,2500,0,0,0,0,0,0,0,0,81700,0,0,0,0,0,0,0,0,0,32300,0,0,0,0,0,0,0,0,0,0,0,0,0,0,0,0,0,0,
000017.SZ,000017,20251209,92206000,0,0,0,0,0,,,0,0,0,0,0,82500,81200,0,0,0,0,0,0,0,0,0,50000,0,0,0,0,0,0,0,0,0,81200,0,0,0,0,0,0,0,0,0,50000,1800,0,0,0,0,0,0,0,0,0,0,0,0,0,0,0,0,0,
000017.SZ,000017,20251209,92215000,0,0,0,0,0,,,0,0,0,0,0,82500,81000,0,0,0,0,0,0,0,0,0,59200,0,0,0,0,0,0,0,0,0,81000,0,0,0,0,0,0,0,0,0,59200,3100,0,0,0,0,0,0,0,0,0,0,0,0,0,0,0,0,0,
000017.SZ,000017,20251209,92224000,0,0,0,0,0,,,0,0,0,0,0,82500,80800,0,0,0,0,0,0,0,0,0,64300,0,0,0,0,0,0,0,0,0,80800,0,0,0,0,0,0,0,0,0,64300,2400,0,0,0,0,0,0,0,0,0,0,0,0,0,0,0,0,0,
000017.SZ,000017,20251209,92233000,0,0,0,0,0,,,0,0,0,0,0,82500,80800,0,0,0,0,0,0,0,0,0,67400,0,0,0,0,0,0,0,0,0,80800,0,0,0,0,0,0,0,0,0,67400,1800,0,0,0,0,0,0,0,0,0,0,0,0,0,0,0,0,0,
000017.SZ,000017,20251209,92242000,0,0,0,0,0,,,0,0,0,0,0,82500,80800,0,0,0,0,0,0,0,0,0,69100,0,0,0,0,0,0,0,0,0,80800,0,0,0,0,0,0,0,0,0,69100,500,0,0,0,0,0,0,0,0,0,0,0,0,0,0,0,0,0,
000017.SZ,000017,20251209,92251000,0,0,0,0,0,,,0,0,0,0,0,82500,80800,0,0,0,0,0,0,0,0,0,73000,2900,0,0,0,0,0,0,0,0,80800,0,0,0,0,0,0,0,0,0,73000,0,0,0,0,0,0,0,0,0,0,0,0,0,0,0,0,0,0,
000017.SZ,000017,20251209,92300000,0,0,0,0,0,,,0,0,0,0,0,82500,80800,0,0,0,0,0,0,0,0,0,75100,3300,0,0,0,0,0,0,0,0,80800,0,0,0,0,0,0,0,0,0,75100,0,0,0,0,0,0,0,0,0,0,0,0,0,0,0,0,0,0,
000017.SZ,000017,20251209,92309000,0,0,0,0,0,,,0,0,0,0,0,82500,80600,0,0,0,0,0,0,0,0,0,76200,0,0,0,0,0,0,0,0,0,80600,0,0,0,0,0,0,0,0,0,76200,9100,0,0,0,0,0,0,0,0,0,0,0,0,0,0,0,0,0,
000017.SZ,000017,20251209,92318000,0,0,0,0,0,,,0,0,0,0,0,82500,80800,0,0,0,0,0,0,0,0,0,78400,6400,0,0,0,0,0,0,0,0,80800,0,0,0,0,0,0,0,0,0,78400,0,0,0,0,0,0,0,0,0,0,0,0,0,0,0,0,0,0,
000017.SZ,000017,20251209,92327000,0,0,0,0,0,,,0,0,0,0,0,82500,80800,0,0,0,0,0,0,0,0,0,79500,6800,0,0,0,0,0,0,0,0,80800,0,0,0,0,0,0,0,0,0,79500,0,0,0,0,0,0,0,0,0,0,0,0,0,0,0,0,0,0,
000017.SZ,000017,20251209,92336000,0,0,0,0,0,,,0,0,0,0,0,82500,80900,0,0,0,0,0,0,0,0,0,104100,0,0,0,0,0,0,0,0,0,80900,0,0,0,0,0,0,0,0,0,104100,103700,0,0,0,0,0,0,0,0,0,0,0,0,0,0,0,0,0,
000017.SZ,000017,20251209,92345000,0,0,0,0,0,,,0,0,0,0,0,82500,80900,0,0,0,0,0,0,0,0,0,112100,0,0,0,0,0,0,0,0,0,80900,0,0,0,0,0,0,0,0,0,112100,97500,0,0,0,0,0,0,0,0,0,0,0,0,0,0,0,0,0,
000017.SZ,000017,20251209,92354000,0,0,0,0,0,,,0,0,0,0,0,82500,80900,0,0,0,0,0,0,0,0,0,114300,0,0,0,0,0,0,0,0,0,80900,0,0,0,0,0,0,0,0,0,114300,108900,0,0,0,0,0,0,0,0,0,0,0,0,0,0,0,0,0,
000017.SZ,000017,20251209,92403000,0,0,0,0,0,,,0,0,0,0,0,82500,80900,0,0,0,0,0,0,0,0,0,116900,0,0,0,0,0,0,0,0,0,80900,0,0,0,0,0,0,0,0,0,116900,108800,0,0,0,0,0,0,0,0,0,0,0,0,0,0,0,0,0,
000017.SZ,000017,20251209,92412000,0,0,0,0,0,,,0,0,0,0,0,82500,80900,0,0,0,0,0,0,0,0,0,124700,0,0,0,0,0,0,0,0,0,80900,0,0,0,0,0,0,0,0,0,124700,104900,0,0,0,0,0,0,0,0,0,0,0,0,0,0,0,0,0,
000017.SZ,000017,20251209,92421000,0,0,0,0,0,,,0,0,0,0,0,82500,80900,0,0,0,0,0,0,0,0,0,129100,0,0,0,0,0,0,0,0,0,80900,0,0,0,0,0,0,0,0,0,129100,142900,0,0,0,0,0,0,0,0,0,0,0,0,0,0,0,0,0,
000017.SZ,000017,20251209,92430000,0,0,0,0,0,,,0,0,0,0,0,82500,81000,0,0,0,0,0,0,0,0,0,132200,0,0,0,0,0,0,0,0,0,81000,0,0,0,0,0,0,0,0,0,132200,5100,0,0,0,0,0,0,0,0,0,0,0,0,0,0,0,0,0,
000017.SZ,000017,20251209,92439000,0,0,0,0,0,,,0,0,0,0,0,82500,80900,0,0,0,0,0,0,0,0,0,162700,0,0,0,0,0,0,0,0,0,80900,0,0,0,0,0,0,0,0,0,162700,132100,0,0,0,0,0,0,0,0,0,0,0,0,0,0,0,0,0,
000017.SZ,000017,20251209,92448000,0,0,0,0,0,,,0,0,0,0,0,82500,80900,0,0,0,0,0,0,0,0,0,163400,0,0,0,0,0,0,0,0,0,80900,0,0,0,0,0,0,0,0,0,163400,137300,0,0,0,0,0,0,0,0,0,0,0,0,0,0,0,0,0,
000017.SZ,000017,20251209,92457000,0,0,0,0,0,,,0,0,0,0,0,82500,80900,0,0,0,0,0,0,0,0,0,234400,0,0,0,0,0,0,0,0,0,80900,0,0,0,0,0,0,0,0,0,234400,113800,0,0,0,0,0,0,0,0,0,0,0,0,0,0,0,0,0,
000017.SZ,000017,20251209,92500000,81200,310900,2524508,240,0,,,310900,2524508,81200,81200,81200,82500,81400,81700,81800,82100,82400,82500,82600,82700,82800,82900,200,4900,1700,400,40800,23600,13900,7300,3600,1500,81200,81100,81000,80900,80800,80700,80600,80500,80300,80200,2100,2500,37700,172400,17700,900,13600,39500,108700,6500,87900,80100,907200,565200,0,0,0,0,0,
000017.SZ,000017,20251209,93000000,81200,18100,147158,265,0,,,329000,2671666,81700,81100,81200,82500,81700,81800,82100,82400,82500,82600,82700,82800,82900,83000,2500,2900,400,40800,29000,13900,7300,10900,1500,40500,81500,81300,81100,81000,80900,80800,80700,80600,80500,80300,3400,5000,9000,76900,173400,10800,900,13600,39500,108700,87800,80100,928100,643100,0,0,0,0,0,
000017.SZ,000017,20251209,93003000,81100,158900,1291425,431,0,,,487900,3963091,81700,81100,81200,82500,81200,81400,81500,81600,81700,81800,82000,82100,82200,82300,18700,17300,24400,14600,7500,17400,17800,4900,11900,3400,81100,81000,80900,80800,80700,80600,80500,80400,80300,80200,19700,215200,167400,25600,5000,18400,52900,2700,110000,22700,87100,80000,1480100,1086500,0,0,0,0,0,
000017.SZ,000017,20251209,93006000,81300,57700,468629,510,0,,,545600,4431720,81700,81100,81200,82500,81300,81400,81500,81600,81700,81800,82000,82100,82200,82300,6800,11300,29700,10700,7500,17400,19400,4900,11900,4400,81200,81100,81000,80900,80800,80700,80600,80500,80400,80300,2300,30400,198700,38700,28200,5000,18700,52900,2700,110000,87100,79900,1517000,991300,0,0,0,0,0,
000017.SZ,000017,20251209,93009000,81200,34600,281122,566,0,,,580200,4712842,81700,81100,81200,82500,81200,81300,81400,81500,81600,81700,81800,82000,82100,82200,100,1200,9800,35400,2000,7500,17400,12400,4900,11900,81100,81000,80900,80800,80700,80600,80500,80400,80300,80200,48300,196300,36800,28200,5200,18700,53100,2700,111500,24600,87200,79900,1503500,1038100,0,0,0,0,0,
000017.SZ,000017,20251209,93012000,81100,62800,509691,622,0,,,643000,5222533,81700,81100,81200,82500,81400,81500,81600,81700,81800,82000,82100,82200,82300,82400,9600,28700,2000,2000,17400,12400,4900,11900,5400,42100,81100,81000,80900,80800,80700,80600,80500,80400,80300,80200,19400,196300,36800,28200,5200,18700,52800,2700,111500,24600,87200,79800,1493600,1046800,0,0,0,0,0,
000017.SZ,000017,20251209,93015000,81100,24900,201973,643,0,,,667900,5424506,81700,81100,81200,82500,81300,81400,81500,81600,81700,81800,82000,82100,82200,82300,28500,10100,25500,2000,1800,8900,12400,4900,11900,5400,81200,81100,81000,80900,80800,80700,80600,80500,80400,80300,200,8900,196300,35600,28200,5200,18500,52800,3700,111500,87200,79700,1518700,1039100,0,0,0,0,0,
000017.SZ,000017,20251209,93018000,81200,28600,232273,689,0,,,696500,5656779,81700,81100,81200,82500,81200,81300,81400,81500,81600,81700,81800,82000,82100,82200,6900,19200,9600,24100,2200,1800,8900,12400,4900,11900,81100,81000,80900,80800,80700,80600,80500,80400,80300,80200,1100,210400,35600,29700,5200,18500,52800,3700,111500,24600,87200,79700,1516200,1046700,0,0,0,0,0,
000017.SZ,000017,20251209,93021000,81100,47100,381649,729,0,,,743600,6038428,81700,81000,81200,82500,81100,81200,81300,81400,81500,81600,81700,81800,82000,82100,5400,7000,100,9600,16400,2200,1800,8200,12400,4900,81000,80900,80800,80700,80600,80500,80400,80300,80200,80100,178100,35600,29700,5200,18500,52800,3700,111500,26600,63900,87300,79700,1494200,1018200,0,0,0,0,0,
000017.SZ,000017,20251209,93024000,81000,7700,62383,737,0,,,751300,6100811,81700,81000,81200,82500,81100,81200,81300,81400,81500,81600,81700,81800,82000,82100,13400,10000,100,9600,16400,2200,1800,8200,12400,4900,81000,80900,80800,80700,80600,80500,80400,80300,80200,80100,183300,32100,29700,5200,18500,53300,3700,111500,26600,63900,87200,79700,1503900,1036300,0,0,0,0,0,
000017.SZ,000017,20251209,93027000,81100,22200,179874,759,0,,,773500,6280685,81700,81000,81200,82500,81100,81200,81300,81400,81500,81600,81700,81800,82000,82100,9800,10300,100,9600,16300,2700,1800,8200,12400,4900,81000,80900,80800,80700,80600,80500,80400,80300,80200,80100,170500,32100,29700,5200,18500,53300,3700,111500,26600,63900,87200,79700,1500600,1022400,0,0,0,0,0,
000017.SZ,000017,20251209,93030000,81000,24000,194486,780,0,,,797500,6475171,81700,81000,81200,82500,81100,81200,81300,81400,81500,81600,81700,81800,82000,82100,1200,8100,200,4300,16300,2700,1800,8200,12400,4900,81000,80900,80800,80700,80600,80500,80400,80300,80200,80100,170500,32100,29700,5200,18500,53300,3700,111500,26600,63900,87300,79600,1485800,1042400,0,0,0,0,0,
000017.SZ,000017,20251209,93033000,81200,19600,159085,801,0,,,817100,6634256,81700,81000,81200,82500,81300,81400,81500,81600,81700,81800,82000,82100,82200,82300,200,4300,14600,2700,1100,8200,12400,4900,11900,5400,81200,81100,81000,80900,80800,80700,80600,80500,80400,80300,117000,1700,189200,34800,30000,5300,18500,53300,3700,111500,87400,79800,1514500,1183400,0,0,0,0,0,
000017.SZ,000017,20251209,93036000,81300,9700,78870,821,0,,,826800,6713126,81700,81000,81200,82500,81400,81500,81600,81700,81800,82000,82100,82200,82300,82400,2200,14300,2700,1100,8200,12400,4900,11900,5400,42100,81300,81200,81100,81000,80900,80800,80700,80600,80500,80400,16500,119500,16600,188600,34800,30000,5300,18500,53300,3700,87400,79900,1505000,1216700,0,0,0,0,0,
000017.SZ,000017,20251209,93039000,81500,19900,162142,837,0,,,846700,6875268,81700,81000,81200,82500,81600,81700,81800,82000,82100,82200,82300,82400,82500,82600,1400,1100,8200,12400,4900,11900,5400,42100,29200,40000,81500,81400,81300,81200,81100,81000,80900,80800,80700,80600,27600,40900,43300,124500,16700,150400,34800,30000,5200,18500,87500,79900,1487200,1269200,0,0,0,0,0,
000017.SZ,000017,20251209,93042000,82200,53500,438491,931,0,,,900200,7313759,82200,81000,81200,82500,82300,82400,82500,82600,82700,82800,82900,83000,83200,83300,5400,42100,29200,40000,7400,23400,9900,47400,400,3800,82200,82100,82000,81800,81700,81600,81500,81400,81300,81200,5800,25500,54600,53900,11000,19100,33200,21400,31100,124500,87700,80100,1447700,1400700,0,0,0,0,0,
000017.SZ,000017,20251209,93045000,82000,282400,2323415,1297,0,,,1182600,9637174,82500,81000,81200,82500,82100,82200,82300,82400,82500,82600,82700,82800,82900,83000,10400,26700,75500,19900,20000,40000,8200,23400,9900,47400,81900,81800,81700,81600,81500,81400,81300,81200,81100,81000,200,53900,6300,19000,4800,15700,27200,124400,12900,150100,87400,80000,1523300,1297400,0,0,0,0,0,
000017.SZ,000017,20251209,93048000,81900,6000,49100,1310,0,,,1188600,9686274,82500,81000,81200,82500,81900,82000,82100,82200,82300,82400,82500,82600,82700,82800,6900,1100,700,27700,84300,200,20000,40000,8200,23400,81800,81700,81600,81500,81400,81300,81200,81100,81000,80900,50400,6300,18800,4800,15300,24200,8600,12900,144300,30700,87400,79900,1511700,1168500,0,0,0,0,0,
000017.SZ,000017,20251209,93051000,81800,22900,187476,1332,0,,,1211500,9873750,82500,81000,81200,82500,82000,82100,82200,82300,82400,82500,82600,82700,82800,82900,700,800,27900,84300,200,20000,40000,8200,23400,9900,81800,81700,81600,81500,81400,81300,81200,81100,81000,80900,19000,6300,18200,4800,15200,14000,8400,12900,128100,30700,87400,79800,1544700,1114600,0,0,0,0,0,
000017.SZ,000017,20251209,93054000,81900,9800,80237,1350,0,,,1221300,9953987,82500,81000,81200,82500,81900,82000,82100,82200,82300,82400,82500,82600,82700,82800,200,800,800,28400,10300,200,20000,40000,8200,23400,81800,81700,81600,81500,81400,81300,81200,81100,81000,80900,20100,7100,18200,4800,15200,14000,8400,11900,128100,30700,87700,79800,1473500,1115100,0,0,0,0,0,
000017.SZ,000017,20251209,93057000,81700,39400,322428,1383,0,,,1260700,10276415,82500,81000,81200,82500,81800,81900,82000,82100,82200,82400,82500,82600,82700,82800,13600,16400,3000,2200,15600,200,20000,40000,8200,23400,81700,81600,81500,81400,81300,81200,81100,81000,80900,80800,14800,8800,4800,15200,5500,8400,6600,128700,30700,29800,87600,79700,1483800,1080300,0,0,0,0,0,
000017.SZ,000017,20251209,93100000,81700,34400,281054,1401,0,,,1295100,10557469,82500,81000,81200,82500,81700,81800,81900,82000,82100,82200,82500,82600,82700,82800,30700,11600,17400,2000,2200,15400,20000,40000,8200,23400,81600,81500,81400,81300,81200,81100,81000,80900,80800,80700,9300,4800,15200,5500,8400,6600,244800,30700,29800,5200,87500,79800,1513100,1181600,0,0,0,0,0,
000017.SZ,000017,20251209,93103000,81700,160600,1313482,1468,0,,,1455700,11870951,82500,81000,81200,82500,81900,82000,82100,82200,82500,82600,82700,82800,82900,83000,2800,2000,2200,15400,20000,40000,8200,23400,9900,47700,81700,81600,81500,81400,81300,81200,81100,81000,80900,80800,24100,20300,5100,12700,5400,8400,6600,245900,30700,29800,87700,79900,1480200,1217000,0,0,0,0,0,
000017.SZ,000017,20251209,93106000,81900,9300,76028,1486,0,,,1465000,11946979,82500,81000,81200,82500,81800,81900,82000,82100,82200,82500,82600,82700,82800,82900,200,10600,7000,2000,15400,20000,40000,8200,23400,9900,81700,81600,81500,81400,81300,81200,81100,81000,80900,80800,27200,15800,3100,12300,5300,8400,6600,129800,26800,29800,87600,79700,1499500,1092400,0,0,0,0,0,
000017.SZ,000017,20251209,93109000,81900,11100,90827,1497,0,,,1476100,12037806,82500,81000,81200,82500,81900,82000,82100,82200,82500,82600,82700,82800,82900,83000,900,7000,2000,15400,20000,40000,8200,23400,9900,51500,81700,81600,81500,81400,81300,81200,81100,81000,80900,80800,40600,15800,5600,12300,4700,10000,5900,129200,16800,29800,87600,79700,1489600,1097500,0,0,0,0,0,
000017.SZ,000017,20251209,93112000,81900,23800,194931,1518,0,,,1499900,12232737,82500,81000,81200,82500,82000,82100,82200,82500,82600,82700,82800,82900,83000,83200,6100,2000,15400,20200,40000,8200,23400,9900,51500,2400,81900,81800,81700,81600,81500,81400,81300,81200,81100,81000,1200,3400,46300,11200,10800,12300,4700,10000,6400,129200,87600,79800,1490000,1109000,0,0,0,0,0,
000017.SZ,000017,20251209,93115000,81900,8500,69615,1526,0,,,1508400,12302352,82500,81000,81200,82500,82000,82100,82200,82500,82600,82700,82800,82900,83000,83200,6100,3600,15400,20200,40000,8200,23400,9900,51500,2400,81900,81800,81700,81600,81500,81400,81300,81200,81100,81000,9100,5700,39300,12700,10800,12300,4700,10000,6400,129200,87600,79800,1492000,1093200,0,0,0,0,0,
000017.SZ,000017,20251209,93118000,82000,11500,94198,1543,0,,,1519900,12396550,82500,81000,81200,82500,82000,82100,82200,82500,82600,82700,82800,82900,83000,83200,5100,3500,15400,15200,40000,8200,23400,11700,51500,2400,81900,81800,81700,81600,81500,81400,81300,81200,81100,81000,3100,7900,42400,22200,11400,12300,4700,10000,6400,129200,87700,79800,1487700,1095400,0,0,0,0,0,
000017.SZ,000017,20251209,93121000,81800,30400,248933,1570,0,,,1550300,12645483,82500,81000,81200,82500,82000,82100,82200,82300,82500,82600,82700,82800,82900,83000,30500,1900,15400,25000,17700,40000,8200,23400,11700,51500,81800,81700,81600,81500,81400,81300,81200,81100,81000,80900,10600,34400,22200,9100,12300,4700,10000,6400,129200,9400,87500,79800,1540300,1089700,0,0,0,0,0,
000017.SZ,000017,20251209,93124000,81900,16700,136861,1588,0,,,1567000,12782344,82500,81000,81200,82500,82000,82100,82200,82300,82500,82600,82700,82800,82900,83000,42000,1900,15400,25000,17900,42700,8200,23400,11700,51500,81900,81800,81700,81600,81500,81400,81300,81200,81100,81000,1200,23100,29400,22200,9100,12300,4700,10000,6400,119200,87400,79800,1557700,1086800,0,0,0,0,0,
000017.SZ,000017,20251209,93127000,82100,70700,579752,1622,0,,,1637700,13362096,82500,81000,81200,82500,82200,82300,82500,82600,82700,82800,82900,83000,83200,83300,17200,25000,17900,42700,8200,23400,11700,51500,2400,3800,82100,82000,81900,81800,81700,81600,81500,81400,81300,81200,1000,17900,143000,19800,29900,22200,9100,12300,4700,10500,87600,80000,1516700,1236900,0,0,0,0,0,
000017.SZ,000017,20251209,93130000,82100,2500,20525,1628,0,,,1640200,13382621,82500,81000,81200,82500,82200,82300,82500,82600,82700,82800,82900,83000,83200,83300,17200,25000,17900,42700,8200,23400,11700,51500,2400,3800,82100,82000,81900,81800,81700,81600,81500,81400,81300,81200,26900,18400,132500,21800,29900,22200,9100,12300,4700,10500,87600,80100,1518700,1254800,0,0,0,0,0,
000017.SZ,000017,20251209,93133000,82000,56300,462027,1678,0,,,1696500,13844648,82500,81000,81200,82500,82000,82200,82300,82500,82600,82700,82800,82900,83000,83200,900,19400,25000,17900,42700,8200,23400,11700,51500,2400,81900,81800,81700,81600,81500,81400,81300,81200,81100,81000,133500,10600,28900,22200,9100,12700,4700,10500,8000,109300,87500,80000,1522200,1195600,0,0,0,0,0,
000017.SZ,000017,20251209,93136000,81900,172400,1411729,1720,0,,,1868900,15256377,82500,81000,81200,82500,81900,82000,82100,82200,82300,82500,82600,82700,82800,82900,100,900,22800,19500,25000,17900,42700,8200,23400,11700,81700,81600,81500,81400,81300,81200,81100,81000,80900,80800,28500,22200,12100,12700,4700,10500,8000,109700,9400,29800,87500,79700,1545200,1054500,0,0,0,0,0,
000017.SZ,000017,20251209,93139000,81700,17900,146415,1743,0,,,1886800,15402792,82500,81000,81200,82500,81800,81900,82000,82100,82200,82300,82500,82600,82700,82800,3700,28700,20200,23800,19500,25000,17900,42700,8200,23400,81700,81600,81500,81400,81300,81200,81100,81000,80900,80800,36500,22200,12100,12700,4700,10500,8000,109700,8000,29800,87300,79800,1598400,1056600,0,0,0,0,0,
000017.SZ,000017,20251209,93142000,81800,53500,437139,1789,0,,,1940300,15839931,82500,81000,81200,82500,81700,81800,81900,82000,82100,82200,82300,82500,82600,82700,200,12000,29500,22800,23400,19500,25000,18400,42700,8200,81600,81500,81400,81300,81200,81100,81000,80900,80800,80700,19100,12100,12700,4700,10500,8000,110500,8000,29800,5700,87200,79700,1610400,1017800,0,0,0,0,0,
000017.SZ,000017,20251209,93145000,81700,1800,14694,1796,0,,,1942100,15854625,82500,81000,81200,82500,81700,81800,81900,82000,82100,82200,82300,82500,82600,82700,8300,10900,29600,24100,23300,10200,25000,18400,42700,8200,81600,81500,81400,81300,81200,81100,81000,80900,80800,80700,30500,12100,12700,4700,10500,8000,111400,7300,29800,5700,87200,79700,1611400,1030400,0,0,0,0,0,
000017.SZ,000017,20251209,93148000,81700,18000,146993,1825,0,,,1960100,16001618,82500,81000,81200,82500,81800,81900,82000,82100,82200,82300,82500,82600,82700,82800,6000,29900,24100,23300,10200,25000,18400,42700,8200,23400,81600,81500,81400,81300,81200,81100,81000,80900,80800,80700,57200,12100,12700,4700,10500,8000,111400,7300,29600,5700,87300,79700,1615700,1058900,0,0,0,0,0,
000017.SZ,000017,20251209,93151000,81700,13800,112798,1842,0,,,1973900,16114416,82500,81000,81200,82500,81900,82000,82100,82200,82300,82500,82600,82700,82800,82900,1200,24000,23300,10200,25000,18400,42700,8400,23400,11700,81800,81700,81600,81500,81400,81300,81200,81100,81000,80900,1300,2600,66100,12100,12700,4700,11500,8000,111400,7300,87400,79800,1583100,1072700,0,0,0,0,0,
000017.SZ,000017,20251209,93154000,81800,2900,23734,1850,0,,,1976800,16138150,82500,81000,81200,82500,81800,81900,82000,82100,82200,82300,82500,82600,82700,82800,10500,1700,17200,23300,9800,25300,18300,42700,8400,23400,81700,81600,81500,81400,81300,81200,81100,81000,80900,80800,15000,66100,14100,12700,4900,11500,8000,111400,7300,29600,87400,79800,1586700,1086300,0,0,0,0,0,
000017.SZ,000017,20251209,93157000,81700,28700,234476,1869,0,,,2005500,16372626,82500,81000,81200,82500,81700,81800,81900,82000,82100,82200,82300,82500,82600,82700,200,20100,200,17200,22800,9800,25300,18300,42700,8400,81600,81500,81400,81300,81200,81100,81000,80900,80800,80700,65300,14100,12700,4900,11500,8000,111400,7300,29600,5700,87400,79800,1595600,1070000,0,0,0,0,0,
000017.SZ,000017,20251209,93200000,81600,78000,636490,1914,0,,,2083500,17009116,82500,81000,81200,82500,81600,81700,81800,81900,82000,82100,82200,82300,82500,82600,1600,19000,20600,200,17200,22800,9800,25300,18300,42700,81500,81400,81300,81200,81100,81000,80900,80800,80700,80600,14100,12700,4900,11500,8000,131400,7300,29600,5700,19500,87300,79700,1627200,1029600,0,0,0,0,0,
000017.SZ,000017,20251209,93203000,81600,32200,262710,1938,0,,,2115700,17271826,82500,81000,81200,82500,81700,81800,81900,82000,82100,82200,82300,82500,82600,82700,44100,19700,200,17200,1600,5900,25300,18800,42700,8400,81600,81500,81400,81300,81200,81100,81000,80900,80800,80700,800,9900,12700,4900,10500,8000,131400,7300,29600,5700,87300,79700,1625500,1025200,0,0,0,0,0,
000017.SZ,000017,20251209,93206000,81600,29400,239915,1957,0,,,2145100,17511741,82500,81000,81200,82500,81700,81800,81900,82000,82100,82200,82300,82500,82600,82700,42800,19400,200,16100,1600,5800,25300,18800,42700,8400,81600,81500,81400,81300,81200,81100,81000,80900,80800,80700,1500,9900,12700,4900,10600,10600,136400,7300,34700,5700,87300,79700,1622700,1038400,0,0,0,0,0,
000017.SZ,000017,20251209,93209000,81600,28200,230050,1987,0,,,2173300,17741791,82500,81000,81200,82500,81600,81700,81800,81900,82000,82100,82200,82300,82500,82600,400,40400,19400,800,15300,1600,5800,25300,18800,43200,81500,81400,81300,81200,81100,81000,80900,80800,80700,80600,8200,12700,4900,11100,12600,136400,7200,34700,5700,19500,87300,79700,1621000,1037600,0,0,0,0,0,
000017.SZ,000017,20251209,93212000,81500,3500,28525,1991,0,,,2176800,17770316,82500,81000,81200,82500,81600,81700,81800,81900,82000,82100,82200,82300,82500,82600,9600,41000,13100,800,15400,1600,7800,25300,18800,43200,81500,81400,81300,81200,81100,81000,80900,80800,80700,80600,30000,16200,4900,11100,12600,136400,7200,34700,5700,19500,87300,79700,1626600,1063800,0,0,0,0,0,
000017.SZ,000017,20251209,93215000,81500,58100,473910,2041,0,,,2234900,18244226,82500,81000,81200,82500,81700,81800,81900,82000,82100,82200,82300,82500,82600,82700,39300,13100,1300,15400,1600,7800,25300,18800,43200,8400,81600,81500,81400,81300,81200,81100,81000,80900,80800,80700,12400,24400,12700,4900,11100,12600,142500,7200,34700,5700,87300,79700,1615800,1073100,0,0,0,0,0,
000017.SZ,000017,20251209,93218000,81600,35900,292838,2068,0,,,2270800,18537064,82500,81000,81200,82500,81700,81800,81900,82000,82100,82200,82300,82500,82600,82700,37900,13100,1300,15400,1600,7800,25300,18800,43200,8400,81600,81500,81400,81300,81200,81100,81000,80900,80800,80700,11700,22800,15900,4900,11100,12600,142200,7200,34700,5700,87300,79700,1617000,1073100,0,0,0,0,0,
000017.SZ,000017,20251209,93221000,81600,23900,195076,2098,0,,,2294700,18732140,82500,81000,81200,82500,81700,81800,81900,82000,82100,82200,82300,82500,82600,82700,42000,13100,1300,15400,1600,7800,25300,18800,41700,8400,81600,81500,81400,81300,81200,81100,81000,80900,80800,80700,12200,22800,15900,4900,11100,13900,142200,7200,34700,5700,87300,79700,1620700,1077700,0,0,0,0,0,
000017.SZ,000017,20251209,93224000,81600,17300,141289,2109,0,,,2312000,18873429,82500,81000,81200,82500,81700,81800,81900,82000,82100,82200,82300,82500,82600,82700,29900,13100,1300,15400,1600,7800,25300,19000,41700,8400,81600,81500,81400,81300,81200,81100,81000,80900,80800,80700,10200,22800,13300,4900,11100,8900,142300,7200,28600,5700,87400,79700,1607700,1060200,0,0,0,0,0,
000017.SZ,000017,20251209,93227000,81600,14000,114267,2122,0,,,2326000,18987696,82500,81000,81200,82500,81700,81800,81900,82000,82100,82200,82300,82500,82600,82700,27200,13100,1300,15400,1600,7800,25300,19000,43600,8400,81600,81500,81400,81300,81200,81100,81000,80900,80800,80700,4100,23000,13300,5100,11100,8900,142300,7200,28600,5700,87400,79700,1606900,1054500,0,0,0,0,0,
000017.SZ,000017,20251209,93230000,81600,9100,74256,2127,0,,,2335100,19061952,82500,81000,81200,82500,81600,81700,81800,81900,82000,82100,82200,82300,82500,82600,44700,27200,13100,1200,15400,1600,7800,25300,17700,43600,81500,81400,81300,81200,81100,81000,80900,80800,80700,80600,22200,16800,5100,11100,9900,143300,7200,28600,5700,19500,87200,79700,1652900,1054100,0,0,0,0,0,
000017.SZ,000017,20251209,93233000,81600,91700,748475,2209,0,,,2426800,19810427,82500,81000,81200,82500,81700,81800,81900,82000,82100,82200,82300,82500,82600,82700,1000,14600,1200,15400,1600,7800,25300,17700,43600,8400,81600,81500,81400,81300,81200,81100,81000,80900,80800,80700,11300,17600,13300,5100,11100,9900,152500,7200,28600,5700,87400,79700,1583500,1072700,0,0,0,0,0,
000017.SZ,000017,20251209,93236000,81700,11400,93089,2230,0,,,2438200,19903516,82500,81000,81200,82500,81800,81900,82000,82100,82200,82300,82500,82600,82700,82800,16600,1200,15400,1600,7800,25300,17700,43600,8400,19700,81700,81600,81500,81400,81300,81200,81100,81000,80900,80800,17500,24500,16600,13300,5100,10600,9900,153000,7200,28600,87400,79800,1605700,1102400,0,0,0,0,0,
000017.SZ,000017,20251209,93239000,81600,20900,170729,2245,0,,,2459100,20074245,82500,81000,81200,82500,81700,81800,81900,82000,82100,82200,82300,82500,82600,82700,9700,16100,1200,16300,1600,7800,25300,17700,43600,8400,81600,81500,81400,81300,81200,81100,81000,80900,80800,80700,25800,17400,13800,5100,10600,10900,153000,7000,28600,5700,87400,79800,1615800,1090100,0,0,0,0,0,
000017.SZ,000017,20251209,93242000,81600,23200,189312,2262,0,,,2482300,20263557,82500,81000,81200,82500,81600,81700,81800,81900,82000,82100,82200,82300,82500,82600,100,10600,15500,1200,14100,1600,7800,25300,17700,43600,81500,81400,81300,81200,81100,81000,80900,80800,80700,80600,16400,13500,5100,10600,10900,153100,7000,28600,5700,19500,87400,79700,1614700,1050100,0,0,0,0,0,
000017.SZ,000017,20251209,93245000,81500,1100,8966,2265,0,,,2483400,20272523,82500,81000,81200,82500,81600,81700,81800,81900,82000,82100,82200,82300,82500,82600,57800,11200,15500,1200,15100,1600,7800,25300,17700,43600,81500,81400,81300,81200,81100,81000,80900,80800,80700,80600,15800,13600,5100,10600,10900,153100,6100,28600,5700,19500,87200,79700,1676000,1046600,0,0,0,0,0,
000017.SZ,000017,20251209,93248000,81500,2900,23645,2269,0,,,2486300,20296168,82500,81000,81200,82500,81600,81700,81800,81900,82000,82100,82200,82300,82500,82600,59200,11200,15500,1200,15100,1600,7800,25300,15200,43600,81500,81400,81300,81200,81100,81000,80900,80800,80700,80600,13900,13600,5100,10600,9900,154100,6100,28600,5700,19500,87200,79700,1675600,1044200,0,0,0,0,0,
000017.SZ,000017,20251209,93251000,81500,15000,122260,2283,0,,,2501300,20418428,82500,81000,81200,82500,81500,81600,81700,81800,81900,82000,82100,82200,82300,82500,21200,66800,12400,15500,1200,15100,1600,7600,25300,15200,81400,81300,81200,81100,81000,80900,80800,80700,80600,80500,13500,5300,10600,10400,153600,6100,28600,5700,19500,86500,87000,79700,1725900,1030400,0,0,0,0,0,
000017.SZ,000017,20251209,93254000,81400,1900,15480,2287,0,,,2503200,20433908,82500,81000,81200,82500,81500,81600,81700,81800,81900,82000,82100,82200,82300,82500,45400,65600,12400,15500,1200,15100,1600,5600,25300,15200,81400,81300,81200,81100,81000,80900,80800,80700,80600,80500,13000,7300,10600,10400,153600,6100,28600,5700,19500,86500,87000,79700,1743800,1023900,0,0,0,0,0,
000017.SZ,000017,20251209,93257000,81400,3500,28495,2292,0,,,2506700,20462403,82500,81000,81200,82500,81500,81600,81700,81800,81900,82000,82100,82200,82300,82500,37600,11000,12400,15600,1200,14100,1600,5600,25300,15200,81400,81300,81200,81100,81000,80900,80800,80700,80600,80500,10000,7300,10700,10400,156500,6600,28600,5700,19500,86500,87200,79700,1680700,1025400,0,0,0,0,0,
000017.SZ,000017,20251209,93300000,81500,77200,627852,2334,0,,,2583900,21090255,82500,81000,81200,82500,81500,81600,81700,81800,81900,82000,82100,82200,82300,82500,37500,9500,12400,14100,1200,14100,1600,5600,25300,15200,81400,81300,81200,81100,81000,80900,80800,80700,80600,80500,9400,85200,10800,15500,156500,6600,28600,5700,19500,86500,87200,79800,1674500,1106300,0,0,0,0,0,
000017.SZ,000017,20251209,93303000,81400,74800,609617,2413,0,,,2658700,21699872,82500,81000,81200,82500,81700,81800,81900,82000,82100,82200,82300,82500,82600,82700,8500,14100,1200,14100,200,5600,25300,15200,40300,8400,81500,81400,81300,81200,81100,81000,80900,80800,80700,80600,2000,400,8900,11700,15500,157000,6600,28600,5700,19500,87400,79700,1622300,1025400,0,0,0,0,0,
000017.SZ,000017,20251209,93306000,81600,5000,40751,2427,0,,,2663700,21740623,82500,81000,81200,82500,81600,81700,81800,81900,82000,82100,82200,82300,82500,82600,5600,8600,14100,1200,14100,200,5600,25300,15200,33300,81500,81400,81300,81200,81100,81000,80900,80800,80700,80600,4900,10700,8900,11700,15500,157000,6600,28600,5700,19500,87400,79700,1621500,1038600,0,0,0,0,0,
000017.SZ,000017,20251209,93309000,81400,7100,57844,2445,0,,,2670800,21798467,82500,81000,81200,82500,81600,81700,81800,81900,82000,82100,82200,82300,82500,82600,2200,9800,13100,1200,14100,200,5600,25300,15200,33300,81500,81400,81300,81200,81100,81000,80900,80800,80700,80600,100,14300,9300,9700,21500,157000,6600,28600,5700,19500,87400,79700,1618300,1041400,0,0,0,0,0,
000017.SZ,000017,20251209,93312000,81500,2100,17125,2453,0,,,2672900,21815592,82500,81000,81200,82500,81500,81600,81700,81800,81900,82000,82100,82200,82300,82500,3000,1500,9800,13100,1200,14100,200,5600,25300,15200,81400,81300,81200,81100,81000,80900,80800,80700,80600,80500,17700,9300,9700,21500,158000,6600,25100,5700,19500,86500,87400,79700,1620600,1046500,0,0,0,0,0,
000017.SZ,000017,20251209,93315000,81600,14000,113992,2462,0,,,2686900,21929584,82500,81000,81200,82500,81600,81700,81800,81900,82000,82100,82200,82300,82500,82600,2300,11000,13000,1200,14100,200,5600,25300,15200,33300,81500,81400,81300,81200,81100,81000,80900,80800,80700,80600,600,8500,9300,29700,21500,158000,6600,25100,5700,19500,87400,79700,1619600,1057900,0,0,0,0,0,
000017.SZ,000017,20251209,93318000,81700,9700,79154,2480,0,,,2696600,22008738,82500,81000,81200,82500,81700,81800,81900,82000,82100,82200,82300,82500,82600,82700,7200,13000,1200,14100,200,5600,25300,15200,33300,8500,81600,81500,81400,81300,81200,81100,81000,80900,80800,80700,16800,93300,6500,9300,49700,23800,158000,6600,25100,5700,87400,79900,1618100,1187700,0,0,0,0,0,
000017.SZ,000017,20251209,93321000,81700,2100,17147,2486,0,,,2698700,22025885,82500,81000,81200,82500,81700,81800,81900,82000,82100,82200,82300,82500,82600,82700,4900,13000,1200,14100,200,5600,25300,17200,33300,8500,81600,81500,81400,81300,81200,81100,81000,80900,80800,80700,17500,95300,6500,8900,49700,23800,158000,6600,25100,5700,87400,79900,1617600,1090000,0,0,0,0,0,
000017.SZ,000017,20251209,93324000,81700,4900,40033,2498,0,,,2703600,22065918,82500,81000,81200,82500,81800,81900,82000,82100,82200,82300,82500,82600,82700,82800,13100,1200,14100,200,5600,25300,17200,33300,8500,19700,81700,81600,81500,81400,81300,81200,81100,81000,80900,80800,22700,18400,84000,6500,8900,50700,23800,91000,6600,25100,87400,79800,1615200,1042300,0,0,0,0,0,
000017.SZ,000017,20251209,93327000,81700,9100,74433,2501,0,,,2712700,22140351,82500,81000,81200,82500,81800,81900,82000,82100,82200,82300,82500,82600,82700,82800,4500,1200,14200,200,5600,25300,29600,33300,8500,19700,81700,81600,81500,81400,81300,81200,81100,81000,80900,80800,24200,29500,84500,6500,50200,52700,24100,90900,6600,25100,87400,79900,1619100,1094800,0,0,0,0,0,
000017.SZ,000017,20251209,93330000,81800,12200,99789,2513,0,,,2724900,22240140,82500,81000,81200,82500,81900,82000,82100,82200,82300,82500,82600,82700,82800,82900,1200,14200,200,5600,25300,29600,33300,8500,19700,10800,81800,81700,81600,81500,81400,81300,81200,81100,81000,80900,1400,26400,19400,102400,6300,50200,52700,24100,90900,6600,87400,79900,1614600,1106000,0,0,0,0,0,
000017.SZ,000017,20251209,93333000,81800,9200,75219,2526,0,,,2734100,22315359,82500,81000,81200,82500,81900,82000,82100,82200,82300,82500,82600,82700,82800,82900,100,5000,200,5600,25300,29400,33300,8500,19700,10800,81800,81700,81600,81500,81400,81300,81200,81100,81000,80900,12300,39400,19000,100400,5900,50200,52700,24100,90900,6600,87500,79900,1606100,1127100,0,0,0,0,0,
000017.SZ,000017,20251209,93336000,81800,1400,11460,2532,0,,,2735500,22326819,82500,81000,81200,82500,81900,82000,82100,82200,82300,82500,82600,82700,82800,82900,700,5000,200,5600,25300,29400,33300,8500,19700,10800,81800,81700,81600,81500,81400,81300,81200,81100,81000,80900,15200,40900,28200,99900,5600,50200,52700,24100,89900,6600,87500,80000,1606700,1138900,0,0,0,0,0,
000017.SZ,000017,20251209,93339000,81900,9000,73765,2549,0,,,2744500,22400584,82500,81000,81200,82500,82100,82200,82300,82500,82600,82700,82800,82900,83000,83100,9400,13700,25300,29400,33300,8500,19700,10800,53300,40000,81900,81800,81700,81600,81500,81400,81300,81200,81100,81000,2000,15500,39300,28200,99900,5600,50200,52700,24100,89900,87400,80000,1618600,1136600,0,0,0,0,0,
000017.SZ,000017,20251209,93342000,81900,300,2457,2552,0,,,2744800,22403041,82500,81000,81200,82500,82000,82100,82200,82300,82500,82600,82700,82800,82900,83000,2800,9400,13300,25300,29400,33300,8500,19700,10800,53300,81900,81800,81700,81600,81500,81400,81300,81200,81100,81000,30600,16600,23500,28100,99900,5600,50200,52700,24100,89900,87400,80000,1627200,1150400,0,0,0,0,0,
000017.SZ,000017,20251209,93345000,82000,3100,25404,2560,0,,,2747900,22428445,82500,81000,81200,82500,82000,82100,82200,82300,82400,82500,82600,82700,82800,82900,1500,9400,13300,25300,5200,29400,33300,8500,19700,10800,81900,81800,81700,81600,81500,81400,81300,81200,81100,81000,32000,16600,23100,28100,99900,5600,50400,54000,24800,106100,87400,80000,1631100,1169800,0,0,0,0,0,
000017.SZ,000017,20251209,93348000,82000,23100,189453,2582,0,,,2771000,22617898,82500,81000,81200,82500,82100,82200,82300,82400,82500,82600,82700,82800,82900,83000,3400,13300,25300,5200,29400,33300,8500,19700,10800,53500,82000,81900,81800,81700,81600,81500,81400,81300,81200,81100,9900,28300,15200,23100,28100,100000,5600,50400,54000,24800,87400,80000,1623800,1174700,0,0,0,0,0,
000017.SZ,000017,20251209,93351000,82000,5000,41041,2592,0,,,2776000,22658939,82500,81000,81200,82500,82200,82300,82400,82500,82600,82700,82800,82900,83000,83100,13300,25300,5200,29400,33300,8500,19700,10800,53500,40000,82100,82000,81900,81800,81700,81600,81500,81400,81300,81200,100,14600,32900,8900,23100,28100,100000,5600,52900,54000,87400,80000,1621400,1178200,0,0,0,0,0,
000017.SZ,000017,20251209,93354000,82100,1400,11494,2595,0,,,2777400,22670433,82500,81000,81200,82500,82200,82300,82400,82500,82600,82700,82800,82900,83000,83100,13300,27900,5200,29400,33300,8500,19700,10800,53500,40000,82100,82000,81900,81800,81700,81600,81500,81400,81300,81200,15700,15300,14500,7400,23100,28100,100000,5600,52900,54000,87400,80000,1624000,1171600,0,0,0,0,0,
000017.SZ,000017,20251209,93357000,82200,1600,13138,2600,0,,,2779000,22683571,82500,81000,81200,82500,82200,82300,82400,82500,82600,82700,82800,82900,83000,83100,15800,27900,5200,31400,33300,8500,19700,10800,53500,40000,82100,82000,81900,81800,81700,81600,81500,81400,81300,81200,18000,15100,14500,6800,23100,28100,102600,5600,52900,54000,87400,80000,1630500,1175700,0,0,0,0,0,
000017.SZ,000017,20251209,93400000,82200,15600,128206,2622,0,,,2794600,22811777,82500,81000,81200,82500,82200,82300,82400,82500,82600,82700,82800,82900,83000,83100,2800,27900,5200,31400,33500,8500,19700,10800,53500,40000,82100,82000,81900,81800,81700,81600,81500,81400,81300,81200,19100,15100,10800,6800,15100,28100,103900,8600,51300,54000,87500,80000,1623500,1155400,0,0,0,0,0,
000017.SZ,000017,20251209,93403000,82100,18600,152723,2637,0,,,2813200,22964500,82500,81000,81200,82500,82200,82300,82400,82500,82600,82700,82800,82900,83000,83100,4900,27900,5200,28500,33500,8500,19700,10800,53500,40000,82000,81900,81800,81700,81600,81500,81400,81300,81200,81100,16500,10800,6900,15100,28100,103900,7900,51300,49000,19900,87400,80000,1609000,1129800,0,0,0,0,0,
000017.SZ,000017,20251209,93406000,82200,116200,955166,2682,0,,,2929400,23919666,82500,81000,81200,82500,82300,82400,82500,82600,82700,82800,82900,83000,83100,83200,27700,7500,32000,34000,8500,19700,10800,53500,40000,2600,82200,82100,82000,81900,81800,81700,81600,81500,81400,81300,17100,2800,12500,9300,6900,15100,28100,103900,7900,44000,87400,80000,1615200,1136300,0,0,0,0,0,
000017.SZ,000017,20251209,93409000,82200,33600,276170,2707,0,,,2963000,24195836,82500,81000,81200,82500,82300,82400,82500,82600,82700,82800,82900,83000,83100,83200,28100,7500,32000,34000,8500,19700,11100,53500,40000,2600,82200,82100,82000,81900,81800,81700,81600,81500,81400,81300,3100,600,14400,5300,6000,15100,28100,103900,7900,44000,87400,80000,1616200,1117500,0,0,0,0,0,
000017.SZ,000017,20251209,93412000,82200,4300,35346,2720,0,,,2967300,24231182,82500,81000,81200,82500,82300,82400,82500,82600,82700,82800,82900,83000,83100,83200,27300,7700,32300,34000,8500,19700,11100,53500,40000,2600,82200,82100,82000,81900,81800,81700,81600,81500,81400,81300,24000,12200,14400,5300,6000,15100,28100,103900,7900,41500,87400,80000,1616900,1147500,0,0,0,0,0,
000017.SZ,000017,20251209,93415000,82200,9600,78939,2728,0,,,2976900,24310121,82500,81000,81200,82500,82300,82400,82500,82600,82700,82800,82900,83000,83100,83200,25000,13800,32800,34000,8500,19700,11100,38400,40000,2600,82200,82100,82000,81900,81800,81700,81600,81500,81400,81300,19400,12500,13900,5300,6000,15100,28100,103900,7900,41500,87500,80000,1607000,1144500,0,0,0,0,0,
000017.SZ,000017,20251209,93418000,82200,27100,222766,2751,0,,,3004000,24532887,82500,81000,81200,82500,82200,82300,82400,82500,82600,82700,82800,82900,83000,83100,40200,24200,13800,32800,34000,8500,19700,11100,38400,40000,82100,82000,81900,81800,81700,81600,81500,81400,81300,81200,11900,13900,5300,23800,15100,28100,103900,7100,41500,49000,87400,80000,1663500,1141800,0,0,0,0,0,
000017.SZ,000017,20251209,93421000,82100,18700,153705,2762,0,,,3022700,24686592,82500,81000,81200,82500,82200,82300,82400,82500,82600,82700,82800,82900,83000,83100,24100,24100,13800,32800,34000,8500,19700,11100,38400,40000,82100,82000,81900,81800,81700,81600,81500,81400,81300,81200,15800,13900,5300,23800,15100,28100,103900,7100,41500,49000,87400,80000,1649400,1145600,0,0,0,0,0,
000017.SZ,000017,20251209,93424000,82200,16600,136416,2769,0,,,3039300,24823008,82500,81000,81200,82500,82200,82300,82400,82500,82600,82700,82800,82900,83000,83100,11900,24100,13800,32800,34000,8500,19700,11100,38400,40000,82100,82000,81900,81800,81700,81600,81500,81400,81300,81200,12400,13900,5100,23800,15100,28100,103900,7100,41500,49000,87400,80000,1637200,1142000,0,0,0,0,0,
000017.SZ,000017,20251209,93427000,82200,14800,121515,2787,0,,,3054100,24944523,82500,81000,81200,82500,82200,82300,82400,82500,82600,82700,82800,82900,83000,83100,11600,23900,13800,32800,34000,8500,19700,11100,38400,40000,82100,82000,81900,81800,81700,81600,81500,81400,81300,81200,14600,11900,4800,23800,15100,28100,103900,7100,41500,49000,87500,80000,1648100,1141900,0,0,0,0,0,
000017.SZ,000017,20251209,93430000,82100,2500,20525,2788,0,,,3056600,24965048,82500,81000,81200,82500,82200,82300,82400,82500,82600,82700,82800,82900,83000,83100,13300,23900,13800,32800,34000,17900,19700,11100,38400,40000,82100,82000,81900,81800,81700,81600,81500,81400,81300,81200,21400,12900,4800,23800,15100,28100,23900,7100,41500,49000,87400,79900,1659400,1068800,0,0,0,0,0,
000017.SZ,000017,20251209,93433000,82200,9900,81314,2797,0,,,3066500,25046362,82500,81000,81200,82500,82200,82300,82400,82500,82600,82700,82800,82900,83000,83100,11900,23900,13800,32800,34000,17900,19700,11100,38400,40000,82100,82000,81900,81800,81700,81600,81500,81400,81300,81200,15000,12700,3400,23800,13000,28000,23900,7100,41500,49000,87400,79900,1658000,1060600,0,0,0,0,0,
000017.SZ,000017,20251209,93436000,82200,14900,122370,2807,0,,,3081400,25168732,82500,81000,81200,82500,82200,82300,82400,82500,82600,82700,82800,82900,83000,83100,7900,26300,13800,32800,34000,17900,19700,11100,39400,40000,82100,82000,81900,81800,81700,81600,81500,81400,81300,81200,14400,12900,3400,23800,2500,34900,23900,7100,41500,49000,87500,79900,1620400,1055800,0,0,0,0,0,
000017.SZ,000017,20251209,93439000,82100,12500,102667,2820,0,,,3093900,25271399,82500,81000,81200,82500,82200,82300,82400,82500,82600,82700,82800,82900,83000,83100,5000,26300,13800,32800,34000,17900,19700,11100,39400,40000,82100,82000,81900,81800,81700,81600,81500,81400,81300,81200,7500,12900,3400,24000,2500,34900,23900,7100,41500,50000,87500,79900,1631500,1048900,0,0,0,0,0,
000017.SZ,000017,20251209,93442000,82100,6600,54186,2824,0,,,3100500,25325585,82500,81000,81200,82500,82200,82300,82400,82500,82600,82700,82800,82900,83000,83100,8900,26300,13800,32800,34000,17900,19700,11100,39400,40000,82100,82000,81900,81800,81700,81600,81500,81400,81300,81200,23700,12900,3400,24000,2500,34900,23900,7100,41500,50000,87500,79900,1635400,1057100,0,0,0,0,0,
000017.SZ,000017,20251209,93445000,82100,4700,38598,2831,0,,,3105200,25364183,82500,81000,81200,82500,82200,82300,82400,82500,82600,82700,82800,82900,83000,83100,22200,26300,18500,32800,35900,17900,19700,11100,39400,40000,82100,82000,81900,81800,81700,81600,81500,81400,81300,81200,23100,18500,3400,24000,2500,34900,23900,7100,41500,50000,87400,79900,1658200,1062400,0,0,0,0,0,
000017.SZ,000017,20251209,93448000,82200,60100,494207,2864,0,,,3165300,25858390,82500,81000,81200,82500,82400,82500,82600,82700,82800,82900,83000,83100,83200,83300,18400,32800,35900,8500,19700,11100,39400,40000,2600,3800,82200,82100,82000,81900,81800,81700,81600,81500,81400,81300,3500,18400,18500,3400,24000,2500,34900,23900,7100,41500,87600,79900,1601200,1060200,0,0,0,0,0,
000017.SZ,000017,20251209,93451000,82200,1700,13975,2868,0,,,3167000,25872365,82500,81000,81200,82500,82400,82500,82600,82700,82800,82900,83000,83100,83200,83300,19300,32800,35900,8500,19700,12100,39400,40000,2600,3800,82200,82100,82000,81900,81800,81700,81600,81500,81400,81300,13000,18500,17400,2600,24000,3000,34900,23900,7100,41500,87600,79900,1606700,1068400,0,0,0,0,0,
000017.SZ,000017,20251209,93454000,82200,1900,15619,2875,0,,,3168900,25887984,82500,81000,81200,82500,82400,82500,82600,82700,82800,82900,83000,83100,83200,83300,19600,32800,35900,8400,19700,12100,39400,40000,2600,3800,82200,82100,82000,81900,81800,81700,81600,81500,81400,81300,16100,20000,17900,2600,24000,3000,34900,23900,7100,41500,87600,79900,1611900,1073500,0,0,0,0,0,
000017.SZ,000017,20251209,93457000,82200,3100,25492,2881,0,,,3172000,25913476,82500,81000,81200,82500,82400,82500,82600,82700,82800,82900,83000,83100,83200,83300,14900,32800,35900,10900,19700,12100,39400,40000,2600,3800,82200,82100,82000,81900,81800,81700,81600,81500,81400,81300,13900,20000,17900,2600,24000,3000,34900,23900,7100,41500,87600,79900,1610200,1067400,0,0,0,0,0,
000017.SZ,000017,20251209,93500000,82400,4000,32906,2888,0,,,3176000,25946382,82500,81000,81200,82500,82400,82500,82600,82700,82800,82900,83000,83100,83200,83300,13600,32800,35900,10900,19700,12100,39400,40000,2600,3800,82300,82200,82100,82000,81900,81800,81700,81600,81500,81400,300,26300,21000,17800,2600,24000,3000,34900,23900,7100,87600,79900,1613100,1083000,0,0,0,0,0,
000017.SZ,000017,20251209,93503000,82300,1600,13182,2891,0,,,3177600,25959564,82500,81000,81200,82500,82400,82500,82600,82700,82800,82900,83000,83100,83200,83300,12500,32800,35900,10900,19700,12100,39400,40000,2600,3800,82300,82200,82100,82000,81900,81800,81700,81600,81500,81400,1200,22300,23100,18300,2600,26900,3000,34900,23900,7100,87600,79900,1612100,1085400,0,0,0,0,0,
000017.SZ,000017,20251209,93506000,82400,400,3296,2892,0,,,3178000,25962860,82500,81000,81200,82500,82400,82500,82600,82700,82800,82900,83000,83100,83200,83300,12100,35100,35700,8600,19700,12100,39400,40000,2600,3800,82300,82200,82100,82000,81900,81800,81700,81600,81500,81400,1400,22300,23100,18300,2600,26900,3000,34900,23900,7100,87600,79900,1613000,1085600,0,0,0,0,0,
000017.SZ,000017,20251209,93509000,82400,2600,21424,2894,0,,,3180600,25984284,82500,81000,81200,82500,82400,82500,82600,82700,82800,82900,83000,83100,83200,83300,10900,35100,35700,12800,19800,12100,39400,40000,2600,3800,82300,82200,82100,82000,81900,81800,81700,81600,81500,81400,6200,22100,23100,15100,2600,27400,3000,35900,23900,7100,87500,80000,1636300,1081400,0,0,0,0,0,
000017.SZ,000017,20251209,93512000,82400,2200,18128,2896,0,,,3182800,26002412,82500,81000,81200,82500,82400,82500,82600,82700,82800,82900,83000,83100,83200,83300,8700,36700,35700,12800,19900,12100,39400,40000,2600,3800,82300,82200,82100,82000,81900,81800,81700,81600,81500,81400,6900,22100,20100,15100,2600,65900,3000,35900,23900,7100,87500,80000,1635800,1116100,0,0,0,0,0,
000017.SZ,000017,20251209,93515000,82400,16000,131840,2926,0,,,3198800,26134252,82500,81000,81200,82500,82500,82600,82700,82800,82900,83000,83100,83200,83300,83400,37200,35700,12800,19900,12100,39400,41400,2600,3800,18700,82400,82300,82200,82100,82000,81900,81800,81700,81600,81500,6200,6100,22100,20100,15600,2600,65900,3000,35900,23900,87500,80000,1629000,1122000,0,0,0,0,0,
000017.SZ,000017,20251209,93518000,82400,5300,43700,2932,0,,,3204100,26177952,82500,81000,81200,82500,82500,82600,82700,82800,82900,83000,83100,83200,83300,83400,35100,37400,13100,19900,12100,39400,41400,2600,3800,18700,82400,82300,82200,82100,82000,81900,81800,81700,81600,81500,20700,6100,21900,20100,15600,2600,65900,3000,35900,23900,87500,80100,1629900,1136100,0,0,0,0,0,
000017.SZ,000017,20251209,93521000,82400,6300,51939,2939,0,,,3210400,26229891,82500,81000,81200,82500,82500,82600,82700,82800,82900,83000,83100,83200,83300,83400,32400,31500,13600,19900,12100,39400,41400,2600,3800,18700,82400,82300,82200,82100,82000,81900,81800,81700,81600,81500,27900,6000,21900,20100,25600,2600,65900,3000,35900,23900,87600,80100,1625500,1153200,0,0,0,0,0,
000017.SZ,000017,20251209,93524000,82400,36400,299948,2965,0,,,3246800,26529839,82500,81000,81200,82500,82400,82500,82600,82700,82800,82900,83000,83100,83200,83300,3200,32500,31500,13600,19900,12100,39400,41400,2600,3800,82300,82200,82100,82000,81900,81800,81700,81600,81500,81400,6000,21900,20100,25600,2600,64400,3000,35900,23900,7100,87600,80000,1629500,1123800,0,0,0,0,0,
000017.SZ,000017,20251209,93527000,82400,9700,79922,2975,0,,,3256500,26609761,82500,81000,81200,82500,82400,82500,82600,82700,82800,82900,83000,83100,83200,83300,21700,33100,31500,13600,19900,12100,41400,41400,2600,3800,82300,82200,82100,82000,81900,81800,81700,81600,81500,81400,17700,21900,20100,25600,2600,64400,3000,35900,23900,7100,87500,80000,1652100,1132500,0,0,0,0,0,
000017.SZ,000017,20251209,93530000,82300,5300,43659,2978,0,,,3261800,26653420,82500,81000,81200,82500,82400,82500,82600,82700,82800,82900,83000,83100,83200,83300,18900,33900,31500,13600,19900,12100,41400,41400,2600,3800,82300,82200,82100,82000,81900,81800,81700,81600,81500,81400,23300,16900,18600,25600,2600,64400,3000,35900,23900,7100,87500,80000,1650100,1128300,0,0,0,0,0,
000017.SZ,000017,20251209,93533000,82400,5100,42002,2986,0,,,3266900,26695422,82500,81000,81200,82500,82400,82500,82600,82700,82800,82900,83000,83100,83200,83300,28000,33900,31500,13600,19900,12100,41400,41400,2600,3800,82300,82200,82100,82000,81900,81800,81700,81600,81500,81400,24400,16900,18600,25600,2600,64400,3000,35900,23900,7100,87500,80000,1665400,1126400,0,0,0,0,0,
000017.SZ,000017,20251209,93536000,82400,100,824,2987,0,,,3267000,26696246,82500,81000,81200,82500,82400,82500,82600,82700,82800,82900,83000,83100,83200,83300,28400,33900,31500,13600,19900,12100,41400,41400,2600,3800,82300,82200,82100,82000,81900,81800,81700,81600,81500,81400,25200,16900,21600,25600,2600,64400,3000,35900,23900,7100,87500,80000,1665800,1127200,0,0,0,0,0,
000017.SZ,000017,20251209,93539000,82200,45300,372716,3015,0,,,3312300,27068962,82500,81000,81200,82500,82400,82500,82600,82700,82800,82900,83000,83100,83200,83300,28400,34900,31500,13600,27900,12100,41400,41400,2600,3800,82200,82100,82000,81900,81800,81700,81600,81500,81400,81300,3600,21600,25600,2600,64400,3000,35900,23900,7100,41500,87500,80000,1675100,1089100,0,0,0,0,0,
000017.SZ,000017,20251209,93542000,82200,1200,9864,3017,0,,,3313500,27078826,82500,81000,81200,82500,82300,82400,82500,82600,82700,82800,82900,83000,83100,83200,2200,28600,34500,31500,13600,28000,18600,41400,41400,2600,82200,82100,82000,81900,81800,81700,81600,81500,81400,81300,5600,21600,25600,44800,64400,3000,35900,23900,7100,41500,87400,80000,1683700,1129900,0,0,0,0,0,
000017.SZ,000017,20251209,93545000,82400,18300,150576,3041,0,,,3331800,27229402,82500,81000,81200,82500,82400,82500,82600,82700,82800,82900,83000,83100,83200,83300,22500,34200,31500,15800,28000,18600,41600,41400,2600,3800,82200,82100,82000,81900,81800,81700,81600,81500,81400,81300,10600,20000,25600,44800,64400,44000,35900,23900,7100,41500,87400,80100,1677500,1174800,0,0,0,0,0,
000017.SZ,000017,20251209,93548000,82200,1900,15621,3043,0,,,3333700,27245023,82500,81000,81200,82500,82300,82400,82500,82600,82700,82800,82900,83000,83100,83200,200,26800,34200,29800,13600,28000,18600,41600,41400,2600,82200,82100,82000,81900,81800,81700,81600,81500,81400,81300,10600,20000,25600,44800,64400,44000,35900,23900,7100,41500,87400,80100,1678100,1168800,0,0,0,0,0,
000017.SZ,000017,20251209,93551000,82300,3700,30437,3050,0,,,3337400,27275460,82500,81000,81200,82500,82300,82400,82500,82600,82700,82800,82900,83000,83100,83200,1100,32500,34500,29800,13600,28000,18600,41600,41400,2600,82200,82100,82000,81900,81800,81700,81600,81500,81400,81300,13500,20000,25600,44800,64400,44000,35900,23900,7100,41500,87400,80100,1687800,1153700,0,0,0,0,0,
000017.SZ,000017,20251209,93554000,82200,2200,18084,3052,0,,,3339600,27293544,82500,81000,81200,82500,82300,82400,82500,82600,82700,82800,82900,83000,83100,83200,2400,36000,34400,29800,13600,28000,18600,41600,41400,2600,82200,82100,82000,81900,81800,81700,81600,81500,81400,81300,11900,20000,25600,44800,64400,44000,35900,23900,7100,41500,87400,80100,1695500,1152100,0,0,0,0,0,
000017.SZ,000017,20251209,93557000,82300,4400,36170,3057,0,,,3344000,27329714,82500,81000,81200,82500,82300,82400,82500,82600,82700,82800,82900,83000,83100,83200,12700,48900,34900,29800,13600,28000,18600,41600,41400,2600,82200,82100,82000,81900,81800,81700,81600,81500,81400,81300,18300,20000,25600,44800,64400,44000,35900,23900,7100,41500,87300,80100,1724200,1155500,0,0,0,0,0,
000017.SZ,000017,20251209,93600000,82300,11500,94562,3078,0,,,3355500,27424276,82500,81000,81200,82500,82300,82400,82500,82600,82700,82800,82900,83000,83100,83200,9700,48800,34900,29800,13600,28000,18600,41600,41400,2600,82200,82100,82000,81900,81800,81700,81600,81500,81400,81300,10000,20000,25600,44800,64400,44000,35900,23900,7100,41500,87300,80100,1721100,1147200,0,0,0,0,0,
000017.SZ,000017,20251209,93603000,82200,1500,12338,3081,0,,,3357000,27436614,82500,81000,81200,82500,82300,82400,82500,82600,82700,82800,82900,83000,83100,83200,9700,50200,34900,29800,13600,28000,18600,41600,41400,2600,82200,82100,82000,81900,81800,81700,81600,81500,81400,81300,16500,20000,25600,44800,64400,53500,35900,23900,7100,41500,87300,80100,1722800,1159800,0,0,0,0,0,
000017.SZ,000017,20251209,93606000,82300,300,2469,3082,0,,,3357300,27439083,82500,81000,81200,82500,82300,82400,82500,82600,82700,82800,82900,83000,83100,83200,35200,50200,34800,29800,13600,28000,18600,41600,41400,2600,82200,82100,82000,81900,81800,81700,81600,81500,81400,81300,17300,20000,25700,44800,64400,53500,35900,23900,7100,41500,87300,80100,1749800,1160700,0,0,0,0,0,
000017.SZ,000017,20251209,93609000,82200,5800,47696,3088,0,,,3363100,27486779,82500,81000,81200,82500,82300,82400,82500,82600,82700,82800,82900,83000,83100,83200,35800,45100,32800,29800,13600,28000,18600,41600,41400,2600,82200,82100,82000,81900,81800,81700,81600,81500,81400,81300,15500,20000,25700,44800,64400,53500,35900,23900,7100,41500,87300,80100,1762300,1158900,0,0,0,0,0,
000017.SZ,000017,20251209,93612000,82300,26600,218677,3112,0,,,3389700,27705456,82500,81000,81200,82500,82300,82400,82500,82600,82700,82800,82900,83000,83100,83200,33800,45900,32500,29800,13600,28000,18600,41600,41400,2600,82200,82100,82000,81900,81800,81700,81600,81500,81400,81300,4300,21200,25700,44800,64400,53500,35900,23900,7100,41500,87300,80100,1761800,1147900,0,0,0,0,0,
000017.SZ,000017,20251209,93615000,82200,113800,936169,3200,0,,,3503500,28641625,82500,81000,81200,82500,82400,82500,82600,82700,82800,82900,83000,83100,83200,83300,45000,32500,29800,13600,27100,18600,41600,41400,2600,3800,82200,82100,82000,81900,81800,81700,81600,81500,81400,81300,20200,23700,25700,44800,64400,53500,34500,23900,7100,41500,87400,80100,1726200,1164900,0,0,0,0,0,
000017.SZ,000017,20251209,93618000,82300,6500,53497,3228,0,,,3510000,28695122,82500,81000,81200,82500,82400,82500,82600,82700,82800,82900,83000,83100,83200,83300,43300,28300,29800,17500,27100,18600,41600,41400,2600,3800,82300,82200,82100,82000,81900,81800,81700,81600,81500,81400,100,17400,23700,32700,44800,64400,53500,34500,23900,7100,87300,80100,1775100,1169200,0,0,0,0,0,
000017.SZ,000017,20251209,93621000,82300,1200,9865,3231,0,,,3511200,28704987,82500,81000,81200,82500,82300,82400,82500,82600,82700,82800,82900,83000,83100,83200,600,42600,28300,29800,17500,27100,18600,41600,41400,2600,82200,82100,82000,81900,81800,81700,81600,81500,81400,81300,97700,22500,32700,44800,64400,55000,34500,23900,7100,41500,87300,80300,1781100,1249000,0,0,0,0,0,
000017.SZ,000017,20251209,93624000,82300,11100,91362,3247,0,,,3522300,28796349,82500,81000,81200,82500,82400,82500,82600,82700,82800,82900,83000,83100,83200,83300,41500,28000,29800,17500,27100,18600,41600,41400,3500,3800,82300,82200,82100,82000,81900,81800,81700,81600,81500,81400,8100,95800,22500,32700,44800,64400,55000,34500,23900,7100,87300,80300,1780000,1255200,0,0,0,0,0,
000017.SZ,000017,20251209,93627000,82200,33300,273807,3283,0,,,3555600,29070156,82500,81000,81200,82500,82300,82400,82500,82600,82700,82800,82900,83000,83100,83200,2300,47100,30000,31000,13600,27100,18600,41600,41400,3500,82200,82100,82000,81900,81800,81700,81600,81500,81400,81300,70600,22500,32700,44800,64500,55000,35500,23900,7100,41500,87300,80200,1787500,1225900,0,0,0,0,0,
000017.SZ,000017,20251209,93630000,82200,700,5754,3284,0,,,3556300,29075910,82500,81000,81200,82500,82300,82400,82500,82600,82700,82800,82900,83000,83100,83200,49500,54500,30000,31000,13600,27100,18600,41600,41400,3500,82200,82100,82000,81900,81800,81700,81600,81500,81400,81300,69900,22500,32700,44800,64500,55000,35500,23900,7100,41500,87100,80200,1842000,1224900,0,0,0,0,0,
000017.SZ,000017,20251209,93633000,82200,69900,574578,3290,0,,,3626200,29650488,82500,81000,81200,82500,82200,82300,82400,82500,82600,82700,82800,82900,83000,83100,2400,74600,54500,30000,30000,13600,28500,18600,41600,41400,82100,82000,81900,81800,81700,81600,81500,81400,81300,81200,22500,32700,44800,64500,55000,35500,23900,7100,41500,47000,87100,80100,1869900,1161200,0,0,0,0,0,
000017.SZ,000017,20251209,93636000,82200,2100,17252,3294,0,,,3628300,29667740,82500,81000,81200,82500,82200,82300,82400,82500,82600,82700,82800,82900,83000,83100,3300,54200,54500,30000,30000,13600,20500,18600,42600,41400,82100,82000,81900,81800,81700,81600,81500,81400,81300,81200,25500,32700,44800,64500,55300,35500,23900,7100,41500,47000,87100,80100,1843100,1166300,0,0,0,0,0,
000017.SZ,000017,20251209,93639000,82100,22500,184726,3307,0,,,3650800,29852466,82500,81000,81200,82500,82200,82300,82400,82500,82600,82700,82800,82900,83000,83100,5700,58800,52700,28600,30000,13600,20500,18600,42600,41400,82100,82000,81900,81800,81700,81600,81500,81400,81300,81200,3100,32700,44800,64500,55300,35500,24100,7100,41500,47000,87100,80100,1847400,1129100,0,0,0,0,0,
000017.SZ,000017,20251209,93642000,82100,3100,25451,3310,0,,,3653900,29877917,82500,81000,81200,82500,82200,82300,82400,82500,82600,82700,82800,82900,83000,83100,23900,57100,40200,28600,38000,13600,20400,18600,42600,41400,82000,81900,81800,81700,81600,81500,81400,81300,81200,81100,32700,44800,64500,55300,35500,24100,7100,41500,47000,22500,87100,80100,1859300,1127000,0,0,0,0,0,
000017.SZ,000017,20251209,93645000,82000,35900,294354,3353,0,,,3689800,30172271,82500,81000,81200,82500,82000,82100,82200,82300,82400,82500,82600,82700,82800,82900,11800,85300,36500,57100,39200,30600,38000,13600,20400,18600,81800,81700,81600,81500,81400,81300,81200,81100,81000,80900,26400,55300,35500,24100,8400,41500,47000,22500,84400,5300,86800,79900,1972000,1012700,0,0,0,0,0,
000017.SZ,000017,20251209,93648000,81800,10700,87621,3376,0,,,3700500,30259892,82500,81000,81200,82500,82000,82100,82200,82300,82400,82500,82600,82700,82800,82900,57200,90400,42100,9900,31800,33300,38000,13600,20400,18600,81800,81700,81600,81500,81400,81300,81200,81100,81000,80900,21700,55300,35500,72500,57900,41500,47000,22500,84400,5300,86800,80000,1976200,1105900,0,0,0,0,0,
000017.SZ,000017,20251209,93651000,81800,4900,40102,3384,0,,,3705400,30299994,82500,81000,81200,82500,82000,82100,82200,82300,82400,82500,82600,82700,82800,82900,53900,91800,42100,9900,31800,30800,38000,13600,20400,18600,81900,81800,81700,81600,81500,81400,81300,81200,81100,81000,300,17600,55300,34500,69900,57900,41500,47000,22500,84400,86800,80000,1972600,1096100,0,0,0,0,0,
000017.SZ,000017,20251209,93654000,81900,12500,102336,3406,0,,,3717900,30402330,82500,81000,81200,82500,82000,82100,82200,82300,82400,82500,82600,82700,82800,82900,54700,96800,42400,6400,30400,30800,38000,13600,20400,18600,81900,81800,81700,81600,81500,81400,81300,81200,81100,81000,300,22100,55300,34500,69900,57900,92000,47000,22500,84400,86800,80100,1970100,1151100,0,0,0,0,0,
000017.SZ,000017,20251209,93657000,81800,6300,51586,3415,0,,,3724200,30453916,82500,81000,81200,82500,82000,82100,82200,82300,82400,82500,82600,82700,82800,82900,52800,96700,30100,8800,30400,41300,38000,13600,20400,18600,81800,81700,81600,81500,81400,81300,81200,81100,81000,80900,22400,55300,34500,69900,57900,92000,49600,22500,84400,5300,86800,80100,1970300,1153700,0,0,0,0,0,
000017.SZ,000017,20251209,93700000,81800,200,1636,3416,0,,,3724400,30455552,82500,81000,81200,82500,81900,82000,82100,82200,82300,82400,82500,82600,82700,82800,41400,52800,96700,29500,8800,30400,41000,38000,13600,20400,81800,81700,81600,81500,81400,81300,81200,81100,81000,80900,23100,14300,24500,69900,57900,92000,49600,22500,84400,5300,86700,80000,2010800,1103400,0,0,0,0,0,
000017.SZ,000017,20251209,93703000,81800,2600,21281,3422,0,,,3727000,30476833,82500,81000,81200,82500,81900,82000,82100,82200,82300,82400,82500,82600,82700,82800,45100,52800,96400,29500,8800,30400,41000,38000,13600,20400,81800,81700,81600,81500,81400,81300,81200,81100,81000,80900,35400,14200,24500,69900,57900,92000,49600,22500,84400,5300,86700,80000,2020200,1116100,0,0,0,0,0,
000017.SZ,000017,20251209,93706000,81800,5500,44996,3427,0,,,3732500,30521829,82500,81000,81200,82500,81900,82000,82100,82200,82300,82400,82500,82600,82700,82800,45500,52500,11900,30000,8800,30400,41000,38000,13600,20400,81800,81700,81600,81500,81400,81300,81200,81100,81000,80900,30500,14200,24500,69900,57900,92000,49600,21500,84400,5300,86900,80000,1936300,1104700,0,0,0,0,0,
000017.SZ,000017,20251209,93709000,81800,21200,173416,3448,0,,,3753700,30695245,82500,81000,81200,82500,81900,82000,82100,82200,82300,82400,82500,82600,82700,82800,48500,60100,10800,22800,8800,30400,40000,38000,13600,20400,81800,81700,81600,81500,81400,81300,81200,81100,81000,80900,11400,14200,24500,69900,57900,93000,49600,27400,84400,5300,86900,80000,1957500,1091800,0,0,0,0,0,
000017.SZ,000017,20251209,93712000,81800,5000,40900,3455,0,,,3758700,30736145,82500,81000,81200,82500,81900,82000,82100,82200,82300,82400,82500,82600,82700,82800,50500,59100,10800,22800,8800,30400,40000,38000,13600,20400,81800,81700,81600,81500,81400,81300,81200,81100,81000,80900,8800,14700,24500,69900,57900,93000,49600,27400,84400,5300,86900,80000,1961600,1089700,0,0,0,0,0,
000017.SZ,000017,20251209,93715000,81800,1600,13088,3462,0,,,3760300,30749233,82500,81000,81200,82500,81900,82000,82100,82200,82300,82400,82500,82600,82700,82800,50700,59100,9400,22800,8800,30400,40000,38000,13600,22400,81800,81700,81600,81500,81400,81300,81200,81100,81000,80900,5300,14700,24500,69900,57900,93000,49600,22400,83900,5300,86900,80000,1962500,1081200,0,0,0,0,0,
000017.SZ,000017,20251209,93718000,81800,5500,44989,3474,0,,,3765800,30794222,82500,81000,81200,82500,81800,81900,82000,82100,82200,82300,82400,82500,82600,82700,19600,56200,53700,5500,22800,8800,30400,40000,38000,13600,81700,81600,81500,81400,81300,81200,81100,81000,80900,80800,14600,24600,70200,71100,93000,101600,22400,83900,5300,13700,86800,80000,1978900,1141400,0,0,0,0,0,
000017.SZ,000017,20251209,93721000,81700,8300,67831,3487,0,,,3774100,30862053,82500,81000,81200,82500,81800,81900,82000,82100,82200,82300,82400,82500,82600,82700,65400,19900,9800,5500,21100,8800,30400,40000,38000,13600,81700,81600,81500,81400,81300,81200,81100,81000,80900,80800,8800,24600,70200,71100,93000,101600,22400,83900,5300,13700,86900,80000,1942800,1136500,0,0,0,0,0,
000017.SZ,000017,20251209,93724000,81700,6800,55556,3491,0,,,3780900,30917609,82500,81000,81200,82500,81800,81900,82000,82100,82200,82300,82400,82500,82600,82700,66500,19900,11900,7500,21100,8800,22000,40000,38000,13600,81700,81600,81500,81400,81300,81200,81100,81000,80900,80800,10500,25200,70200,71100,93400,101600,22400,83900,5300,14700,86900,80000,1939800,1140200,0,0,0,0,0,
000017.SZ,000017,20251209,93727000,81700,11400,93138,3502,0,,,3792300,31010747,82500,81000,81200,82500,81700,81800,81900,82000,82100,82200,82300,82400,82500,82600,30700,68300,19800,5900,7500,21100,8800,22000,40000,38000,81600,81500,81400,81300,81200,81100,81000,80900,80800,80700,25200,70200,71100,93400,101600,22400,83900,5300,14700,5700,86800,80000,1968600,1129700,0,0,0,0,0,
000017.SZ,000017,20251209,93730000,81700,3700,30223,3508,0,,,3796000,31040970,82500,81000,81200,82500,81700,81800,81900,82000,82100,82200,82300,82400,82500,82600,36100,76400,19800,5900,3100,21100,8800,22000,40000,39500,81600,81500,81400,81300,81200,81100,81000,80900,80800,80700,26400,70200,71100,93400,101600,22400,83900,5300,14700,5700,86800,80000,1979200,1131800,0,0,0,0,0,
000017.SZ,000017,20251209,93733000,81600,3700,30192,3516,0,,,3799700,31071162,82500,81000,81200,82500,81700,81800,81900,82000,82100,82200,82300,82400,82500,82600,37600,75900,21000,6900,3100,21100,8800,22000,40000,40500,81600,81500,81400,81300,81200,81100,81000,80900,80800,80700,23000,70200,71100,93400,101600,22400,83900,5300,14700,5700,86800,80000,2067000,1128400,0,0,0,0,0,
000017.SZ,000017,20251209,93736000,81600,8900,72640,3526,0,,,3808600,31143802,82500,81000,81200,82500,81700,81800,81900,82000,82100,82200,82300,82400,82500,82600,2400,72900,21000,4400,3100,20700,8500,22000,40000,40500,81600,81500,81400,81300,81200,81100,81000,80900,80800,80700,26800,70200,71100,93400,101600,22400,84900,5300,14700,5700,86900,80000,2024600,1133200,0,0,0,0,0,
000017.SZ,000017,20251209,93739000,81700,6800,55556,3539,0,,,3815400,31199358,82500,81000,81200,82500,81800,81900,82000,82100,82200,82300,82400,82500,82600,82700,65600,19700,4400,3100,20700,8500,22000,40000,40500,13600,81700,81600,81500,81400,81300,81200,81100,81000,80900,80800,1400,26900,87500,71100,93400,101600,22400,84900,5300,14700,86900,80000,2013400,1151300,0,0,0,0,0,
000017.SZ,000017,20251209,93742000,81700,10600,86602,3560,0,,,3826000,31285960,82500,81000,81200,82500,81800,81900,82000,82100,82200,82300,82400,82500,82600,82700,66100,19700,4400,3100,20700,8500,22000,41700,40500,12800,81700,81600,81500,81400,81300,81200,81100,81000,80900,80800,3400,51900,86200,71100,94900,101600,22400,87900,5300,14700,86900,80100,2015700,1181500,0,0,0,0,0,
000017.SZ,000017,20251209,93745000,81700,43000,351022,3615,0,,,3869000,31636982,82500,81000,81200,82500,81700,81800,81900,82000,82100,82200,82300,82400,82500,82600,29800,71700,19700,4400,3100,20700,8500,22000,41700,40500,81600,81500,81400,81300,81200,81100,81000,80900,80800,80700,22900,86200,71100,94900,101600,22400,87900,5300,14700,5700,86800,80000,2064100,1148100,0,0,0,0,0,
000017.SZ,000017,20251209,93748000,81700,12900,105334,3620,0,,,3881900,31742316,82500,81000,81200,82500,81700,81800,81900,82000,82100,82200,82300,82400,82500,82600,24700,71200,19700,4400,3100,20700,8500,22000,41900,40500,81600,81500,81400,81300,81200,81100,81000,80900,80800,80700,18900,38100,71100,94900,102400,21700,87900,5300,14700,5700,86900,79900,2059600,1096100,0,0,0,0,0,
000017.SZ,000017,20251209,93751000,81600,6400,52260,3629,0,,,3888300,31794576,82500,81000,81200,82500,81700,81800,81900,82000,82100,82200,82300,82400,82500,82600,20000,71200,19700,6400,4100,20700,8500,22000,41900,40500,81600,81500,81400,81300,81200,81100,81000,80900,80800,80700,30400,38600,71100,94900,102400,21700,84900,5300,14700,5700,86900,80000,2057900,1105100,0,0,0,0,0,
000017.SZ,000017,20251209,93754000,81600,19500,159131,3647,0,,,3907800,31953707,82500,81000,81200,82500,81700,81800,81900,82000,82100,82200,82300,82400,82500,82600,18900,69500,19700,6400,4100,20700,8500,22000,41900,40500,81600,81500,81400,81300,81200,81100,81000,80900,80800,80700,13200,38900,71100,94900,102400,21700,84900,4800,13700,5700,86900,79900,2060300,1089700,0,0,0,0,0,
000017.SZ,000017,20251209,93757000,81600,12100,98833,3654,0,,,3919900,32052540,82500,81000,81200,82500,81700,81800,81900,82000,82100,82200,82300,82400,82500,82600,10900,68500,19700,6400,4100,20700,8500,22000,41900,40500,81600,81500,81400,81300,81200,81100,81000,80900,80800,80700,10800,38900,71100,94900,102400,22700,84900,4800,13700,5700,86900,79900,2051300,1088300,0,0,0,0,0,
000017.SZ,000017,20251209,93800000,81700,10900,89025,3662,0,,,3930800,32141565,82500,81000,81200,82500,81700,81800,81900,82000,82100,82200,82300,82400,82500,82600,2400,70900,19700,6400,4100,20700,8500,22000,41900,40500,81600,81500,81400,81300,81200,81100,81000,80900,80800,80700,9000,21000,71800,94900,102400,23700,84900,4800,13700,5700,86900,79900,2047700,1070300,0,0,0,0,0,
000017.SZ,000017,20251209,93803000,81600,3800,31032,3668,0,,,3934600,32172597,82500,81000,81200,82500,81700,81800,81900,82000,82100,82200,82300,82400,82500,82600,800,63900,12300,6400,4100,20700,8500,22000,41900,40500,81600,81500,81400,81300,81200,81100,81000,80900,80800,80700,8500,21200,71800,94900,102900,23700,84900,4800,13700,5700,86900,79900,2032500,1067500,0,0,0,0,0,
000017.SZ,000017,20251209,93806000,81600,13000,106080,3687,0,,,3947600,32278677,82500,81000,81200,82500,81700,81800,81900,82000,82100,82200,82300,82400,82500,82600,2100,62500,12300,6400,4100,20700,8500,22000,41900,40500,81600,81500,81400,81300,81200,81100,81000,80900,80800,80700,3300,21200,71800,94900,102900,24800,84900,4800,13700,5700,86900,79900,2032400,1063400,0,0,0,0,0,
000017.SZ,000017,20251209,93809000,81600,8200,66914,3703,0,,,3955800,32345591,82500,81000,81200,82500,81700,81800,81900,82000,82100,82200,82300,82400,82500,82600,4100,62400,12200,6400,4100,20700,8500,22000,41900,40500,81600,81500,81400,81300,81200,81100,81000,80900,80800,80700,5100,21200,71800,94900,102900,24800,85400,4800,13700,5700,86900,79900,2034200,1065700,0,0,0,0,0,
000017.SZ,000017,20251209,93812000,81700,2400,19608,3712,0,,,3958200,32365199,82500,81000,81200,82500,81700,81800,81900,82000,82100,82200,82300,82400,82500,82600,8400,62400,12200,6400,4100,19600,8500,22000,41900,40500,81600,81500,81400,81300,81200,81100,81000,80900,80800,80700,4200,21200,71800,94900,102900,24800,85400,4800,13700,5700,86900,79900,2045400,1064800,0,0,0,0,0,
000017.SZ,000017,20251209,93815000,81600,34500,281520,3767,0,,,3992700,32646719,82500,81000,81200,82500,81600,81700,81800,81900,82000,82100,82200,82300,82400,82500,30900,11600,62400,12200,6400,4100,19600,8500,22000,41900,81500,81400,81300,81200,81100,81000,80900,80800,80700,80600,24400,70500,94900,102900,24800,85400,4800,13700,5700,19800,86800,79900,2079500,1066000,0,0,0,0,0,
000017.SZ,000017,20251209,93818000,81600,40700,332107,3807,0,,,4033400,32978826,82500,81000,81200,82500,81700,81800,81900,82000,82100,82200,82300,82400,82500,82600,12700,61800,12200,6400,4100,19600,8500,22000,41900,40500,81600,81500,81400,81300,81200,81100,81000,80900,80800,80700,17100,24200,70500,96000,102900,24800,85400,4800,13700,5700,86900,79900,2049600,1084000,0,0,0,0,0,
000017.SZ,000017,20251209,93821000,81600,18300,149328,3846,0,,,4051700,33128154,82500,81000,81200,82500,81700,81800,81900,82000,82100,82200,82300,82400,82500,82600,30600,62200,12200,6600,4100,19600,8500,22000,42900,40500,81600,81500,81400,81300,81200,81100,81000,80900,80800,80700,1600,24200,75400,96000,104000,86700,85400,4800,13700,5700,86800,80000,2075300,1136400,0,0,0,0,0,
000017.SZ,000017,20251209,93824000,81600,5800,47317,3858,0,,,4057500,33175471,82500,81000,81200,82500,81600,81700,81800,81900,82000,82100,82200,82300,82400,82500,6600,31100,62400,7200,6600,4100,19600,8500,22000,43900,81500,81400,81300,81200,81100,81000,80900,80800,80700,80600,24100,25900,96000,104000,86700,85400,4800,13700,5700,19800,86800,79900,2078600,1085200,0,0,0,0,0,
000017.SZ,000017,20251209,93827000,81700,101800,831165,3989,0,,,4159300,34006636,82500,81000,81200,82500,81800,81900,82000,82100,82200,82300,82400,82500,82600,82700,11000,7200,6600,4100,19600,8500,22000,44400,40500,12800,81700,81600,81500,81400,81300,81200,81100,81000,80900,80800,8500,62000,24200,88900,96000,104000,85600,85400,4800,13700,87100,80100,1991300,1217700,0,0,0,0,0,
000017.SZ,000017,20251209,93830000,81700,24900,203603,4040,0,,,4184200,34210239,82500,81000,81200,82500,81800,81900,82000,82100,82200,82300,82400,82500,82600,82700,2200,7700,6600,4100,19600,8500,24000,44400,41500,12800,81700,81600,81500,81400,81300,81200,81100,81000,80900,80800,4300,11400,89900,88900,96000,104000,85600,85600,4800,13700,87100,80100,1986000,1228800,0,0,0,0,0,
000017.SZ,000017,20251209,93833000,81700,3700,30231,4053,0,,,4187900,34240470,82500,81000,81200,82500,81800,81900,82000,82100,82200,82300,82400,82500,82600,82700,2500,7700,5600,4100,19600,8500,24000,44400,41500,12800,81700,81600,81500,81400,81300,81200,81100,81000,80900,80800,1500,11500,89900,86900,96000,104000,135600,88700,4800,13700,87100,80100,1985300,1277200,0,0,0,0,0,
000017.SZ,000017,20251209,93836000,81700,1900,15531,4059,0,,,4189800,34256001,82500,81000,81200,82500,81800,81900,82000,82100,82200,82300,82400,82500,82600,82700,1700,8800,5300,4100,19600,8500,24000,44400,41500,12800,81700,81600,81500,81400,81300,81200,81100,81000,80900,80800,6000,18400,89900,86900,96000,104500,135600,88700,4800,13700,87100,80100,1992900,1289100,0,0,0,0,0,
000017.SZ,000017,20251209,93839000,81800,4500,36810,4066,0,,,4194300,34292811,82500,81000,81200,82500,81900,82000,82100,82200,82300,82400,82500,82600,82700,82800,8800,5300,4100,19600,8500,24000,45400,41500,12800,22700,81800,81700,81600,81500,81400,81300,81200,81100,81000,80900,8500,52400,21300,89900,86900,96000,104500,135600,89700,4800,87100,80200,1992200,1347400,0,0,0,0,0,
000017.SZ,000017,20251209,93842000,81800,20300,165950,4091,0,,,4214600,34458761,82500,81000,81200,82500,81800,81900,82000,82100,82200,82300,82400,82500,82600,82700,500,11900,5400,4100,19600,8500,24000,45400,41500,12800,81700,81600,81500,81400,81300,81200,81100,81000,80900,80800,47100,20900,89900,86900,96000,104500,135600,89800,4800,13700,87100,80200,1998600,1333300,0,0,0,0,0,
000017.SZ,000017,20251209,93845000,81800,4100,33525,4100,0,,,4218700,34492286,82500,81000,81200,82500,81800,81900,82000,82100,82200,82300,82400,82500,82600,82700,6600,11900,5400,4100,19600,8500,23900,45400,41500,12800,81700,81600,81500,81400,81300,81200,81100,81000,80900,80800,46400,20900,89900,87100,96100,104500,135600,89800,4800,13700,87000,80200,2009600,1332900,0,0,0,0,0,
000017.SZ,000017,20251209,93848000,81800,800,6544,4102,0,,,4219500,34498830,82500,81000,81200,82500,81800,81900,82000,82100,82200,82300,82400,82500,82600,82700,5800,11900,5400,4100,19600,8500,23900,45400,41500,12800,81700,81600,81500,81400,81300,81200,81100,81000,80900,80800,56500,21900,89900,87100,96900,104500,135600,89800,4800,13700,87000,80200,2008900,1344800,0,0,0,0,0,
000017.SZ,000017,20251209,93851000,81700,2200,17974,4103,0,,,4221700,34516804,82500,81000,81200,82500,81800,81900,82000,82100,82200,82300,82400,82500,82600,82700,5800,11900,5400,4100,19600,8500,23900,45400,41500,12800,81700,81600,81500,81400,81300,81200,81100,81000,80900,80800,54900,21900,93700,87100,96900,104500,135600,89800,4800,13700,87000,80200,2011700,1347000,0,0,0,0,0,
000017.SZ,000017,20251209,93854000,81700,6800,55577,4108,0,,,4228500,34572381,82500,81000,81200,82500,81800,81900,82000,82100,82200,82300,82400,82500,82600,82700,10900,11900,5400,4100,19600,8500,23900,45400,41500,12800,81700,81600,81500,81400,81300,81200,81100,81000,80900,80800,62400,21900,95600,87100,96900,104500,135600,89800,4800,13700,87000,80200,2017100,1356800,0,0,0,0,0,
000017.SZ,000017,20251209,93857000,81800,7100,58078,4114,0,,,4235600,34630459,82500,81000,81200,82500,81800,81900,82000,82100,82200,82300,82400,82500,82600,82700,4100,11900,5400,4100,19600,8500,23900,45400,41500,12800,81700,81600,81500,81400,81300,81200,81100,81000,80900,80800,63200,21900,95900,87100,95900,104500,135600,92800,4800,13700,87000,80200,2011800,1359900,0,0,0,0,0,
000017.SZ,000017,20251209,93900000,81700,3100,25345,4120,0,,,4238700,34655804,82500,81000,81200,82500,81800,81900,82000,82100,82200,82300,82400,82500,82600,82700,2800,11900,5400,4100,19600,8500,23900,45100,41500,12800,81700,81600,81500,81400,81300,81200,81100,81000,80900,80800,92900,71900,95900,87100,95900,104500,135600,92800,4800,13700,87100,80300,2011600,1439600,0,0,0,0,0,
000017.SZ,000017,20251209,93903000,81800,26000,212700,4154,0,,,4264700,34868504,82500,81000,81200,82500,81900,82000,82100,82200,82300,82400,82500,82600,82700,82800,9900,5400,4100,19600,8500,23900,45100,41500,12800,22700,81800,81700,81600,81500,81400,81300,81200,81100,81000,80900,14300,93000,71900,95900,87100,95900,104500,135600,92800,4800,87100,80300,2006800,1454000,0,0,0,0,0,
000017.SZ,000017,20251209,93906000,81800,7100,58079,4165,0,,,4271800,34926583,82500,81000,81200,82500,81900,82000,82100,82200,82300,82400,82500,82600,82700,82800,9300,5800,4100,19600,8500,23900,45100,41500,12800,22700,81800,81700,81600,81500,81400,81300,81200,81100,81000,80900,14200,108200,72400,95900,87100,95900,104500,135600,92800,4800,87100,80300,2007600,1471800,0,0,0,0,0,
000017.SZ,000017,20251209,93909000,81800,900,7364,4167,0,,,4272700,34933947,82500,81000,81200,82500,81900,82000,82100,82200,82300,82400,82500,82600,82700,82800,9300,6000,4100,19600,8500,21900,45100,41500,12800,22700,81800,81700,81600,81500,81400,81300,81200,81100,81000,80900,19100,108200,72400,97500,87100,95900,104500,135600,91700,4800,87100,80300,2005800,1478000,0,0,0,0,0,
000017.SZ,000017,20251209,93912000,81800,1000,8180,4168,0,,,4273700,34942127,82500,81000,81200,82500,81900,82000,82100,82200,82300,82400,82500,82600,82700,82800,9300,6000,4100,19600,8500,21900,45100,41500,13300,22700,81800,81700,81600,81500,81400,81300,81200,81100,81000,80900,18800,108200,72400,98300,87100,95900,104500,135600,90700,4800,87100,80300,2013300,1483500,0,0,0,0,0,
000017.SZ,000017,20251209,93915000,81900,8700,71251,4190,0,,,4282400,35013378,82500,81000,81200,82500,82000,82100,82200,82300,82400,82500,82600,82700,82800,82900,6000,4100,19600,8500,21900,45100,41500,13300,22700,18600,81900,81800,81700,81600,81500,81400,81300,81200,81100,81000,3200,18100,107000,69500,98300,87100,95900,104500,135600,91000,87100,80300,2004000,1482400,0,0,0,0,0,
000017.SZ,000017,20251209,93918000,81900,26000,213123,4252,0,,,4308400,35226501,82500,81000,81200,82500,81900,82000,82100,82200,82300,82400,82500,82600,82700,82800,200,700,79500,19600,8500,21900,44700,41500,13300,22700,81800,81700,81600,81500,81400,81300,81200,81100,81000,80900,16900,106600,70500,98300,87100,95900,104500,135600,91000,4800,86900,80300,2073900,1478600,0,0,0,0,0,
000017.SZ,000017,20251209,93921000,81800,2100,17190,4259,0,,,4310500,35243691,82500,81000,81200,82500,81900,82000,82100,82200,82300,82400,82500,82600,82700,82800,3900,1900,79500,19600,8500,21900,44700,41500,13300,22700,81800,81700,81600,81500,81400,81300,81200,81100,81000,80900,17500,106600,70500,98300,87100,95900,105000,135600,91000,4800,86900,80300,2078800,1479700,0,0,0,0,0,
000017.SZ,000017,20251209,93924000,81900,14400,117952,4286,0,,,4324900,35361643,82500,81000,81200,82500,81900,82100,82200,82300,82400,82500,82600,82700,82800,82900,100,79700,19600,8500,21900,44700,41500,13300,22700,18600,81800,81700,81600,81500,81400,81300,81200,81100,81000,80900,18700,109100,70500,98300,87100,95900,105000,135600,91000,4800,86900,80300,2073500,1481900,0,0,0,0,0,
000017.SZ,000017,20251209,93927000,81800,2400,19632,4290,0,,,4327300,35381275,82500,81000,81200,82500,81900,82000,82100,82200,82300,82400,82500,82600,82700,82800,4600,600,79700,19600,8500,21900,44700,41500,12800,22700,81800,81700,81600,81500,81400,81300,81200,81100,81000,80900,20400,109100,71000,97000,87100,95900,105000,135600,91400,4800,86900,80300,2080500,1481600,0,0,0,0,0,
000017.SZ,000017,20251209,93930000,81900,11300,92531,4321,0,,,4338600,35473806,82500,81000,81200,82500,82000,82100,82200,82300,82400,82500,82600,82700,82800,82900,2600,79700,19600,8500,21900,44700,41500,12800,22700,18600,81800,81700,81600,81500,81400,81300,81200,81100,81000,80900,23400,109400,71500,98300,87100,95900,105000,135600,91400,4800,86900,80300,2082900,1486700,0,0,0,0,0,
000017.SZ,000017,20251209,93933000,81800,3300,26994,4323,0,,,4341900,35500800,82500,81000,81200,82500,82000,82100,82200,82300,82400,82500,82600,82700,82800,82900,7900,80100,19600,8500,21900,44700,41500,12800,22700,18600,81800,81700,81600,81500,81400,81300,81200,81100,81000,80900,23100,109600,71500,98300,87100,95900,105000,135600,91400,4800,86900,80300,2086200,1486600,0,0,0,0,0,
000017.SZ,000017,20251209,93936000,81900,9300,76151,4339,0,,,4351200,35576951,82500,81000,81200,82500,82000,82100,82200,82300,82400,82500,82600,82700,82800,82900,8500,80100,23500,10500,21900,44700,41500,12800,22700,18600,81900,81800,81700,81600,81500,81400,81300,81200,81100,81000,1000,22200,109700,72200,98300,87100,95500,105500,135600,91400,86900,80300,2092700,1487600,0,0,0,0,0,
000017.SZ,000017,20251209,93939000,82000,4000,32782,4344,0,,,4355200,35609733,82500,81000,81200,82500,82000,82100,82200,82300,82400,82500,82600,82700,82800,82900,6300,80100,23400,10500,29900,44700,41500,12800,22700,18600,81800,81700,81600,81500,81400,81300,81200,81100,81000,80900,20700,109700,72200,98300,87100,95500,105500,135600,91400,4800,86900,80300,2108400,1485100,0,0,0,0,0,
000017.SZ,000017,20251209,93942000,81800,10100,82620,4362,0,,,4365300,35692353,82500,81000,81200,82500,82000,82100,82200,82300,82400,82500,82600,82700,82800,82900,6500,80100,23400,10500,29900,44700,41500,12800,23200,18600,81800,81700,81600,81500,81400,81300,81200,81100,81000,80900,31000,109700,72200,98300,87100,95500,105500,135600,91200,4800,86900,80300,2114000,1495200,0,0,0,0,0,
000017.SZ,000017,20251209,93945000,82000,4000,32789,4374,0,,,4369300,35725142,82500,81000,81200,82500,82000,82100,82200,82300,82400,82500,82600,82700,82800,82900,5900,80100,23400,10500,29900,44700,41500,12800,23200,18600,81800,81700,81600,81500,81400,81300,81200,81100,81000,80900,43200,109700,69700,98300,87100,95500,105500,135600,91200,4800,86900,80300,2118100,1504900,0,0,0,0,0,
000017.SZ,000017,20251209,93948000,81900,400,3275,4376,0,,,4369700,35728417,82500,81000,81200,82500,81900,82000,82100,82200,82300,82400,82500,82600,82700,82800,500,8400,80100,23400,10500,29900,44700,41500,12800,23200,81800,81700,81600,81500,81400,81300,81200,81100,81000,80900,47000,109700,69700,99800,87100,95500,105500,135600,91200,4800,86900,80300,2121100,1510200,0,0,0,0,0,
000017.SZ,000017,20251209,93951000,81800,200,1636,4377,0,,,4369900,35730053,82500,81000,81200,82500,81900,82000,82100,82200,82300,82400,82500,82600,82700,82800,800,8100,79700,23400,10500,29900,44900,41500,12800,23200,81800,81700,81600,81500,81400,81300,81200,81100,81000,80900,47800,112300,69700,99800,87100,95500,105500,135600,91200,4800,86900,80400,2121600,1513600,0,0,0,0,0,
000017.SZ,000017,20251209,93954000,81900,18100,148168,4405,0,,,4388000,35878221,82500,81000,81200,82500,82000,82100,82200,82300,82400,82500,82600,82700,82800,82900,12200,79700,19100,8500,29900,44900,41500,12800,23200,18600,81800,81700,81600,81500,81400,81300,81200,81100,81000,80900,43700,112300,69700,99800,87100,95500,105500,135600,91200,4800,86900,80300,2128600,1509500,0,0,0,0,0,
000017.SZ,000017,20251209,93957000,81800,500,4090,4407,0,,,4388500,35882311,82500,81000,81200,82500,81900,82000,82100,82200,82300,82400,82500,82600,82700,82800,98800,19000,79500,19100,8500,29900,44900,41500,18000,23200,81800,81700,81600,81500,81400,81300,81200,81100,81000,80900,48800,112300,69700,99800,87100,95500,85500,135600,91200,4800,86600,80300,2242600,1494600,0,0,0,0,0,
000017.SZ,000017,20251209,94000000,81800,49700,406546,4438,0,,,4438200,36288857,82500,81000,81200,82500,81800,81900,82000,82100,82200,82300,82400,82500,82600,82700,13000,120900,13600,79500,19100,8500,29900,44900,41500,18000,81700,81600,81500,81400,81300,81200,81100,81000,80900,80800,112300,69600,101200,87100,95500,85500,135600,91200,4800,12200,86600,80300,2272800,1447100,0,0,0,0,0,
000017.SZ,000017,20251209,94003000,81800,30800,251911,4497,0,,,4469000,36540768,82500,81000,81200,82500,81900,82000,82100,82200,82300,82400,82500,82600,82700,82800,121100,13400,79500,19100,8500,29900,44900,41500,13800,23200,81700,81600,81500,81400,81300,81200,81100,81000,80900,80800,111200,70000,101200,87100,95500,85500,135600,91200,4800,12200,86600,80300,2255600,1468400,0,0,0,0,0,
000017.SZ,000017,20251209,94006000,81900,68100,557620,4624,0,,,4537100,37098388,82500,81000,81200,82500,82000,82100,82200,82300,82400,82500,82600,82700,82800,82900,13900,79500,19100,8500,29900,44900,41500,13300,23200,18600,81900,81800,81700,81600,81500,81400,81300,81200,81100,81000,10100,5900,114300,69900,101200,87100,95500,85500,135600,91200,86900,80300,2137400,1462400,0,0,0,0,0,
000017.SZ,000017,20251209,94009000,81700,17700,144879,4647,0,,,4554800,37243267,82500,81000,81200,82500,81900,82000,82200,82300,82400,82500,82600,82700,82800,82900,3700,14200,20300,8500,29900,44900,41500,13300,23200,18600,81700,81600,81500,81400,81300,81200,81100,81000,80900,80800,112200,89900,101200,87100,95500,85500,135600,91200,4800,12200,87000,80300,2062100,1465900,0,0,0,0,0,
000017.SZ,000017,20251209,94012000,81900,3400,27843,4651,0,,,4558200,37271110,82500,81000,81200,82500,81900,82000,82200,82300,82400,82500,82600,82700,82800,82900,2800,14200,20300,8500,29900,44900,41500,13300,23200,19900,81800,81700,81600,81500,81400,81300,81200,81100,81000,80900,2400,113500,89900,101200,87100,95500,85500,135600,91200,4800,87000,80300,2061900,1469600,0,0,0,0,0,
000017.SZ,000017,20251209,94015000,81700,16800,137509,4679,0,,,4575000,37408619,82500,81000,81200,82500,81900,82000,82200,82300,82400,82500,82600,82700,82800,82900,4500,15400,21900,8500,29900,44900,41500,13300,23200,19900,81800,81700,81600,81500,81400,81300,81200,81100,81000,80900,6200,125300,89900,101200,87100,95500,85500,135600,91200,4800,87000,80300,2066400,1485200,0,0,0,0,0,
000017.SZ,000017,20251209,94018000,81800,500,4090,4682,0,,,4575500,37412709,82500,81000,81200,82500,81900,82000,82200,82300,82400,82500,82600,82700,82800,82900,3900,17400,21900,8500,29900,44900,41500,13300,23200,18400,81800,81700,81600,81500,81400,81300,81200,81100,81000,80900,12500,122500,89900,101200,87100,95500,85500,135600,116300,4800,87000,80300,2068000,1513800,0,0,0,0,0,
000017.SZ,000017,20251209,94021000,81900,23000,188480,4716,0,,,4598500,37601189,82500,81000,81200,82500,82000,82100,82200,82300,82400,82500,82600,82700,82800,82900,4600,900,21900,8500,29900,44900,41500,13300,23200,18400,81900,81800,81700,81600,81500,81400,81300,81200,81100,81000,17800,29700,122500,89900,101200,87100,95500,85500,135600,116300,87100,80400,2053200,1548800,0,0,0,0,0,
000017.SZ,000017,20251209,94024000,82100,17500,143630,4742,0,,,4616000,37744819,82500,81000,81200,82500,82200,82300,82400,82500,82600,82700,82800,82900,83000,83100,22100,9600,29900,44900,41500,13300,23200,18400,42800,41400,82000,81900,81800,81700,81600,81500,81400,81300,81200,81100,12800,21900,15300,121700,89900,101200,87100,97500,82900,73700,87100,80400,2049800,1488000,0,0,0,0,0,
000017.SZ,000017,20251209,94027000,82000,5500,45106,4755,0,,,4621500,37789925,82500,81000,81200,82500,82100,82200,82300,82400,82500,82600,82700,82800,82900,83000,2200,22100,9900,29900,44900,41500,13300,23200,18400,42800,82000,81900,81800,81700,81600,81500,81400,81300,81200,81100,19000,21900,15700,111100,89900,100000,87100,97500,82900,73700,87100,80300,2054800,1487800,0,0,0,0,0,
000017.SZ,000017,20251209,94030000,82100,17900,146860,4777,0,,,4639400,37936785,82500,81000,81200,82500,82200,82300,82400,82500,82600,82700,82800,82900,83000,83100,22000,9600,29900,48900,41500,13300,23200,18400,42800,41400,82000,81900,81800,81700,81600,81500,81400,81300,81200,81100,14400,21900,11600,111100,89500,100000,87100,97500,82900,73700,87100,80300,2055700,1478700,0,0,0,0,0,
000017.SZ,000017,20251209,94033000,82000,30900,253418,4798,0,,,4670300,38190203,82500,81000,81200,82500,82100,82200,82300,82400,82500,82600,82700,82800,82900,83000,100,20100,10200,29900,48900,41500,13300,23200,18400,42800,81900,81800,81700,81600,81500,81400,81300,81200,81100,81000,26800,10600,111100,89500,100000,87100,97500,82900,73700,116300,87100,80300,2054500,1468100,0,0,0,0,0,
000017.SZ,000017,20251209,94036000,82000,20200,165765,4818,0,,,4690500,38355968,82500,81000,81200,82500,82000,82100,82200,82300,82400,82500,82600,82700,82800,82900,1200,3400,20500,9600,22500,48900,41500,13300,23200,18400,81900,81800,81700,81600,81500,81400,81300,81200,81100,81000,36700,14000,111100,89500,100000,87100,97500,82900,73700,122300,87100,80300,2068600,1487100,0,0,0,0,0,
000017.SZ,000017,20251209,94039000,82000,11700,96005,4835,0,,,4702200,38451973,82500,81000,81200,82500,82200,82300,82400,82500,82600,82700,82800,82900,83000,83100,17900,8500,22500,48900,42600,13300,23200,18400,43400,41400,82000,81900,81800,81700,81600,81500,81400,81300,81200,81100,7400,45800,14000,108500,91600,100000,87100,97500,82900,73700,87100,80400,2065400,1502700,0,0,0,0,0,
000017.SZ,000017,20251209,94042000,81900,15100,123929,4846,0,,,4717300,38575902,82500,81000,81200,82500,82100,82200,82300,82400,82500,82600,82700,82800,82900,83000,2100,14100,8500,22500,48900,43400,13300,23200,18400,43400,81900,81800,81700,81600,81500,81400,81300,81200,81100,81000,44300,14000,108400,91600,100000,87100,97500,82900,73700,121900,87100,80400,2071800,1493700,0,0,0,0,0,
000017.SZ,000017,20251209,94045000,82000,2700,22159,4850,0,,,4720000,38598061,82500,81000,81200,82500,82000,82100,82200,82300,82400,82500,82600,82700,82800,82900,300,400,14100,8700,22500,49400,43400,13300,23200,18400,81900,81800,81700,81600,81500,81400,81300,81200,81100,81000,34600,14000,96200,91600,100000,87100,96700,82900,73700,121900,87100,80300,2071100,1471000,0,0,0,0,0,
000017.SZ,000017,20251209,94048000,82000,1400,11480,4854,0,,,4721400,38609541,82500,81000,81200,82500,82000,82100,82200,82300,82400,82500,82600,82700,82800,82900,10400,2600,14300,9700,22500,49400,42300,13300,23200,18400,81900,81800,81700,81600,81500,81400,81300,81200,81100,81000,48700,14000,96200,91600,100000,87100,96700,82900,73700,121900,87100,80300,2086600,1486200,0,0,0,0,0,
000017.SZ,000017,20251209,94051000,81900,12200,100037,4865,0,,,4733600,38709578,82500,81000,81200,82500,82100,82200,82300,82400,82500,82600,82700,82800,82900,83000,2900,14300,9700,22500,49400,42300,13300,23200,18400,43300,81900,81800,81700,81600,81500,81400,81300,81200,81100,81000,47100,15100,96200,91600,102000,87100,96700,82900,73700,121900,87100,80300,2076500,1487700,0,0,0,0,0,
000017.SZ,000017,20251209,94054000,82100,1900,15568,4869,0,,,4735500,38725146,82500,81000,81200,82500,82100,82200,82300,82400,82500,82600,82700,82800,82900,83000,3600,14100,10900,22500,49400,41500,13300,23200,18400,43300,81900,81800,81700,81600,81500,81400,81300,81200,81100,81000,45800,15500,96200,91600,91800,87100,96700,82900,73700,121900,87100,80300,2077100,1476600,0,0,0,0,0,
000017.SZ,000017,20251209,94057000,82000,2500,20485,4872,0,,,4738000,38745631,82500,81000,81200,82500,82000,82100,82200,82300,82400,82500,82600,82700,82800,82900,400,4000,13900,10900,23700,49400,41500,13300,23200,18400,81900,81800,81700,81600,81500,81400,81300,81200,81100,81000,48200,15500,96200,91600,91800,87100,96700,82900,73700,121900,87100,80300,2080000,1479000,0,0,0,0,0,
000017.SZ,000017,20251209,94100000,81900,18300,149964,4894,0,,,4756300,38895595,82500,81000,81200,82500,82000,82100,82200,82300,82400,82500,82600,82700,82800,82900,57900,5700,11500,10900,23700,48400,41500,13300,23200,18400,81900,81800,81700,81600,81500,81400,81300,81200,81100,81000,33400,15500,96200,91600,91800,87400,96700,82900,73700,123900,87000,80300,2135800,1466500,0,0,0,0,0,
000017.SZ,000017,20251209,94103000,81900,5700,46684,4902,0,,,4762000,38942279,82500,81000,81200,82500,82000,82100,82200,82300,82400,82500,82600,82700,82800,82900,58400,6700,11600,10900,22500,48400,41500,13300,23200,18400,81900,81800,81700,81600,81500,81400,81300,81200,81100,81000,27800,18000,96200,91600,94400,87400,96700,82900,73700,125900,87000,80300,2136200,1469000,0,0,0,0,0,
000017.SZ,000017,20251209,94106000,82000,15700,128729,4911,0,,,4777700,39071008,82500,81000,81200,82500,82000,82100,82200,82300,82400,82500,82600,82700,82800,82900,7300,24100,11600,10900,22500,48400,41500,13300,23200,18400,81900,81800,81700,81600,81500,81400,81300,81200,81100,81000,26500,18000,97200,91600,94400,87400,96700,82900,73700,125900,87000,80300,2102600,1468700,0,0,0,0,0,
000017.SZ,000017,20251209,94109000,81900,6200,50829,4922,0,,,4783900,39121837,82500,81000,81200,82500,82000,82100,82200,82300,82400,82500,82600,82700,82800,82900,2600,24100,11900,10900,22500,48200,41500,13300,23200,18400,81900,81800,81700,81600,81500,81400,81300,81200,81100,81000,36000,18000,97200,91600,94400,87400,96700,82900,73700,125900,87100,80300,2100000,1478200,0,0,0,0,0,
000017.SZ,000017,20251209,94112000,82000,3300,27055,4933,0,,,4787200,39148892,82500,81000,81200,82500,82100,82200,82300,82400,82500,82600,82700,82800,82900,83000,24100,10400,10900,22500,48200,41500,13300,23200,18400,43300,81900,81800,81700,81600,81500,81400,81300,81200,81100,81000,34200,18300,97200,91600,95600,87400,96700,82900,73700,125900,87100,80300,2095900,1477900,0,0,0,0,0,
000017.SZ,000017,20251209,94115000,82100,19600,160896,4962,0,,,4806800,39309788,82500,81000,81200,82500,82100,82200,82300,82400,82500,82600,82700,82800,82900,83000,5700,10700,10900,23800,48200,41500,13300,23200,18400,43300,81900,81800,81700,81600,81500,81400,81300,81200,81100,81000,33200,18800,97200,91600,95600,87400,96700,82900,73700,125900,87100,80300,2079100,1477400,0,0,0,0,0,
000017.SZ,000017,20251209,94118000,81900,7000,57393,4975,0,,,4813800,39367181,82500,81000,81200,82500,82100,82200,82300,82400,82500,82600,82700,82800,82900,83000,3900,10700,10900,23800,48200,41500,13300,23200,18400,43300,81900,81800,81700,81600,81500,81400,81300,81200,81100,81000,30600,18800,97200,91600,95600,87400,96700,82900,73700,125900,87100,80300,2078200,1474800,0,0,0,0,0,
000017.SZ,000017,20251209,94121000,82100,300,2463,4976,0,,,4814100,39369644,82500,81000,81200,82500,82100,82200,82300,82400,82500,82600,82700,82800,82900,83000,7700,10700,10900,23800,48200,41500,13300,23200,18400,43300,81900,81800,81700,81600,81500,81400,81300,81200,81100,81000,30800,18800,97200,92000,95600,87400,96700,82900,73700,125900,87100,80300,2082000,1475400,0,0,0,0,0,
000017.SZ,000017,20251209,94124000,82000,500,4096,4979,0,,,4814600,39373740,82500,81000,81200,82500,82100,82200,82300,82400,82500,82600,82700,82800,82900,83000,7900,10700,15100,23800,48200,41500,13300,23200,18400,43300,82000,81900,81800,81700,81600,81500,81400,81300,81200,81100,17300,30400,23400,97200,92000,95600,87400,96700,82900,73700,87100,80400,2082300,1496900,0,0,0,0,0,
000017.SZ,000017,20251209,94127000,82100,1100,9031,4980,0,,,4815700,39382771,82500,81000,81200,82500,82100,82200,82300,82400,82500,82600,82700,82800,82900,83000,24600,12500,15100,22500,49200,41500,13300,23200,18400,43300,82000,81900,81800,81700,81600,81500,81400,81300,81200,81100,27400,32500,23400,86800,92000,95600,87400,96700,82900,73700,87000,80400,2100500,1498700,0,0,0,0,0,
000017.SZ,000017,20251209,94130000,82100,600,4926,4981,0,,,4816300,39387697,82500,81000,81200,82500,82100,82200,82300,82400,82500,82600,82700,82800,82900,83000,24600,13500,15100,22500,49200,41500,13300,23200,18400,43300,82000,81900,81800,81700,81600,81500,81400,81300,81200,81100,29200,32400,23400,86800,92000,95600,87400,96700,82900,73700,87000,80400,2101500,1500400,0,0,0,0,0,
000017.SZ,000017,20251209,94133000,82000,27000,221457,4997,0,,,4843300,39609154,82500,81000,81200,82500,82100,82200,82300,82400,82500,82600,82700,82800,82900,83000,18900,13500,15100,22500,49200,41500,13300,23200,18400,43300,82000,81900,81800,81700,81600,81500,81400,81300,81200,81100,13700,32400,23400,86800,92000,95600,86700,96700,82900,73700,87100,80300,2095700,1460600,0,0,0,0,0,
000017.SZ,000017,20251209,94136000,82000,2700,22140,5000,0,,,4846000,39631294,82500,81000,81200,82500,82100,82200,82300,82400,82500,82600,82700,82800,82900,83000,18900,13500,15100,22500,49200,41500,13300,23200,18400,43400,82000,81900,81800,81700,81600,81500,81400,81300,81200,81100,20900,32400,23900,86800,92000,95600,86700,96700,82900,73700,87100,80300,2095800,1468300,0,0,0,0,0,
000017.SZ,000017,20251209,94139000,82100,3500,28722,5007,0,,,4849500,39660016,82500,81000,81200,82500,82100,82200,82300,82400,82500,82600,82700,82800,82900,83000,20400,13500,15100,22500,49200,41500,13300,23200,18400,43400,82000,81900,81800,81700,81600,81500,81400,81300,81200,81100,19600,32400,23900,86800,92000,95600,86700,96700,82900,73700,87100,80300,2097500,1467000,0,0,0,0,0,
000017.SZ,000017,20251209,94142000,82100,2800,22985,5010,0,,,4852300,39683001,82500,81000,81200,82500,82100,82200,82300,82400,82500,82600,82700,82800,82900,83000,17900,13500,16200,29900,49200,41500,13300,23200,18400,40800,82000,81900,81800,81700,81600,81500,81400,81300,81200,81100,19300,32400,23900,86800,92000,95600,86700,96700,82900,73700,87100,80300,2101000,1466700,0,0,0,0,0,
000017.SZ,000017,20251209,94145000,82100,0,0,5010,0,,,4852300,39683001,82500,81000,81200,82500,82100,82200,82300,82400,82500,82600,82700,82800,82900,83000,21600,13500,16200,29900,49200,41500,13800,23200,18400,40800,82000,81900,81800,81700,81600,81500,81400,81300,81200,81100,39300,32400,23600,84400,92000,95600,86700,96700,82900,73700,87000,80300,2105100,1484200,0,0,0,0,0,
000017.SZ,000017,20251209,94148000,82000,4700,38559,5016,0,,,4857000,39721560,82500,81000,81200,82500,82100,82200,82300,82400,82500,82600,82700,82800,82900,83000,19700,14500,16200,29900,49200,41500,13800,23200,18400,40800,82000,81900,81800,81700,81600,81500,81400,81300,81200,81100,38300,32400,23600,84400,92000,95600,86700,96700,82900,73700,87000,80300,2104200,1478300,0,0,0,0,0,
000017.SZ,000017,20251209,94151000,82100,1900,15597,5018,0,,,4858900,39737157,82500,81000,81200,82500,82100,82200,82300,82400,82500,82600,82700,82800,82900,83000,18200,14500,16200,29900,49200,41500,13800,23200,18400,40800,82000,81900,81800,81700,81600,81500,81400,81300,81200,81100,38100,33400,23600,84400,92000,95600,86700,96700,82900,73700,87000,80400,2102700,1479100,0,0,0,0,0,
000017.SZ,000017,20251209,94154000,82100,300,2463,5019,0,,,4859200,39739620,82500,81000,81200,82500,82100,82200,82300,82400,82500,82600,82700,82800,82900,83000,28300,14500,16200,29900,49200,41500,13800,23200,18400,40800,82000,81900,81800,81700,81600,81500,81400,81300,81200,81100,38100,33400,23600,84400,92000,95800,86700,96700,82900,73700,87000,80300,2112800,1485500,0,0,0,0,0,
