万得代码,交易所代码,自然日,时间,成交编号,成交代码,委托代码,BS标志,成交价格,成交数量,叫卖序号,叫买序号,
000017.SZ,000017,20251209,91502500,243157,C,0, ,0,100,243156,0,
000017.SZ,000017,20251209,91506580,310388,C,0, ,0,100,310385,0,
000017.SZ,000017,20251209,91632870,347749,C,0, ,0,8000,0,14951,
000017.SZ,000017,20251209,91823560,386869,C,0, ,0,6000,0,373351,
000017.SZ,000017,20251209,91850880,397373,C,0, ,0,2000,237674,0,
000017.SZ,000017,20251209,91908690,404701,C,0, ,0,18000,141220,0,
000017.SZ,000017,20251209,91947220,421254,C,0, ,0,1800,0,157403,
000017.SZ,000017,20251209,91949930,422371,C,0, ,0,2100,0,308375,
000017.SZ,000017,20251209,92500000,598345,0,0,B,81200,100,47624,54006,
000017.SZ,000017,20251209,92500000,598346,0,0,B,81200,100,47624,58243,
000017.SZ,000017,20251209,92500000,598347,0,0,B,81200,100,47624,85722,
000017.SZ,000017,20251209,92500000,598348,0,0,S,81200,100,200206,85722,
000017.SZ,000017,20251209,92500000,598349,0,0,S,81200,300,200206,192619,
000017.SZ,000017,20251209,92500000,598350,0,0,S,81200,300,200207,192619,
000017.SZ,000017,20251209,92500000,598351,0,0,B,81200,700,200207,544652,
000017.SZ,000017,20251209,92500000,598352,0,0,B,81200,1000,200207,551667,
000017.SZ,000017,20251209,92500000,598353,0,0,B,81200,600,247108,551667,
000017.SZ,000017,20251209,92500000,598354,0,0,B,81200,1400,373090,551667,
000017.SZ,000017,20251209,92500000,598355,0,0,B,81200,1000,388186,551667,
000017.SZ,000017,20251209,92500000,598356,0,0,B,81200,100,388186,562314,
000017.SZ,000017,20251209,92500000,598357,0,0,B,81200,100,407103,562314,
000017.SZ,000017,20251209,92500000,598358,0,0,B,81200,500,425845,562314,
000017.SZ,000017,20251209,92500000,598359,0,0,B,81200,100,426865,562314,
000017.SZ,000017,20251209,92500000,598360,0,0,B,81200,100,430346,562421,
000017.SZ,000017,20251209,92500000,598361,0,0,B,81200,2500,432874,562421,
000017.SZ,000017,20251209,92500000,598362,0,0,B,81200,1000,432874,581662,
000017.SZ,000017,20251209,92500000,598363,0,0,B,81200,1800,432874,595468,
000017.SZ,000017,20251209,92500000,598364,0,0,B,81200,1400,432874,582776,
000017.SZ,000017,20251209,92500000,598365,0,0,B,81200,600,435787,582776,
000017.SZ,000017,20251209,92500000,598366,0,0,B,81200,100,456457,582776,
000017.SZ,000017,20251209,92500000,598367,0,0,B,81200,200,465264,582776,
000017.SZ,000017,20251209,92500000,598368,0,0,B,81200,100,470694,582776,
000017.SZ,000017,20251209,92500000,598369,0,0,B,81200,300,470702,582776,
000017.SZ,000017,20251209,92500000,598370,0,0,B,81200,1400,471892,582776,
000017.SZ,000017,20251209,92500000,598371,0,0,B,81200,1600,471893,582776,
000017.SZ,000017,20251209,92500000,598372,0,0,B,81200,1600,472122,582776,
000017.SZ,000017,20251209,92500000,598373,0,0,B,81200,100,472179,582776,
000017.SZ,000017,20251209,92500000,598374,0,0,B,81200,400,472179,590585,
000017.SZ,000017,20251209,92500000,598375,0,0,B,81200,700,472211,590585,
000017.SZ,000017,20251209,92500000,598376,0,0,B,81200,1600,472481,590585,
000017.SZ,000017,20251209,92500000,598377,0,0,B,81200,900,472519,590585,
000017.SZ,000017,20251209,92500000,598378,0,0,B,81200,3800,472519,590835,
000017.SZ,000017,20251209,92500000,598379,0,0,B,81200,1600,472526,590835,
000017.SZ,000017,20251209,92500000,598380,0,0,B,81200,2000,472529,590835,
000017.SZ,000017,20251209,92500000,598381,0,0,B,81200,1000,473367,590835,
000017.SZ,000017,20251209,92500000,598382,0,0,B,81200,1500,473554,590835,
000017.SZ,000017,20251209,92500000,598383,0,0,B,81200,1400,473562,590835,
000017.SZ,000017,20251209,92500000,598384,0,0,B,81200,200,473562,596451,
000017.SZ,000017,20251209,92500000,598385,0,0,B,81200,800,474794,596451,
000017.SZ,000017,20251209,92500000,598386,0,0,B,81200,200,474826,596451,
000017.SZ,000017,20251209,92500000,598387,0,0,B,81200,1000,474892,596451,
000017.SZ,000017,20251209,92500000,598388,0,0,B,81200,2500,474893,596451,
000017.SZ,000017,20251209,92500000,598389,0,0,B,81200,800,474894,596451,
000017.SZ,000017,20251209,92500000,598390,0,0,B,81200,1300,475105,596451,
000017.SZ,000017,20251209,92500000,598391,0,0,B,81200,800,475381,596451,
000017.SZ,000017,20251209,92500000,598392,0,0,B,81200,2000,476657,596451,
000017.SZ,000017,20251209,92500000,598393,0,0,B,81200,500,478718,596451,
000017.SZ,000017,20251209,92500000,598394,0,0,B,81200,100,478743,596451,
000017.SZ,000017,20251209,92500000,598395,0,0,B,81200,600,478813,596451,
000017.SZ,000017,20251209,92500000,598396,0,0,B,81200,800,478815,596451,
000017.SZ,000017,20251209,92500000,598397,0,0,B,81200,100,478816,596451,
000017.SZ,000017,20251209,92500000,598398,0,0,B,81200,500,478816,596683,
000017.SZ,000017,20251209,92500000,598399,0,0,B,81200,800,478816,590245,
000017.SZ,000017,20251209,92500000,598400,0,0,B,81200,500,479099,590245,
000017.SZ,000017,20251209,92500000,598401,0,0,B,81200,1600,482592,590245,
000017.SZ,000017,20251209,92500000,598402,0,0,B,81200,100,482640,590245,
000017.SZ,000017,20251209,92500000,598403,0,0,B,81200,700,482706,590245,
000017.SZ,000017,20251209,92500000,598404,0,0,B,81200,200,483149,590245,
000017.SZ,000017,20251209,92500000,598405,0,0,B,81200,500,486586,590245,
000017.SZ,000017,20251209,92500000,598406,0,0,B,81200,500,486666,590245,
000017.SZ,000017,20251209,92500000,598407,0,0,B,81200,500,486667,590245,
000017.SZ,000017,20251209,92500000,598408,0,0,B,81200,200,487170,590245,
000017.SZ,000017,20251209,92500000,598409,0,0,B,81200,100,490609,590245,
000017.SZ,000017,20251209,92500000,598410,0,0,B,81200,100,491047,590245,
000017.SZ,000017,20251209,92500000,598411,0,0,B,81200,100,493486,590245,
000017.SZ,000017,20251209,92500000,598412,0,0,B,81200,800,494824,590245,
000017.SZ,000017,20251209,92500000,598413,0,0,B,81200,200,495296,590245,
000017.SZ,000017,20251209,92500000,598414,0,0,B,81200,200,496994,590245,
000017.SZ,000017,20251209,92500000,598415,0,0,B,81200,500,497635,590245,
000017.SZ,000017,20251209,92500000,598416,0,0,B,81200,800,497851,590245,
000017.SZ,000017,20251209,92500000,598417,0,0,B,81200,500,499035,590245,
000017.SZ,000017,20251209,92500000,598418,0,0,B,81200,100,499409,590245,
000017.SZ,000017,20251209,92500000,598419,0,0,B,81200,2100,501122,590245,
000017.SZ,000017,20251209,92500000,598420,0,0,B,81200,100,503255,590245,
000017.SZ,000017,20251209,92500000,598421,0,0,B,81200,500,503323,590245,
000017.SZ,000017,20251209,92500000,598422,0,0,B,81200,500,507734,590245,
000017.SZ,000017,20251209,92500000,598423,0,0,B,81200,900,507776,590245,
000017.SZ,000017,20251209,92500000,598424,0,0,B,81200,100,508398,590245,
000017.SZ,000017,20251209,92500000,598425,0,0,B,81200,500,512588,590245,
000017.SZ,000017,20251209,92500000,598426,0,0,B,81200,100,513018,590245,
000017.SZ,000017,20251209,92500000,598427,0,0,B,81200,2000,513093,590245,
000017.SZ,000017,20251209,92500000,598428,0,0,B,81200,2600,514279,590245,
000017.SZ,000017,20251209,92500000,598429,0,0,B,81200,600,514279,594371,
000017.SZ,000017,20251209,92500000,598430,0,0,B,81200,1000,514279,569057,
000017.SZ,000017,20251209,92500000,598431,0,0,S,81200,100,514279,458253,
000017.SZ,000017,20251209,92500000,598432,0,0,B,81200,4700,514279,597482,
000017.SZ,000017,20251209,92500000,598433,0,0,B,81200,700,517623,597482,
000017.SZ,000017,20251209,92500000,598434,0,0,B,81200,700,517623,597597,
000017.SZ,000017,20251209,92500000,598435,0,0,B,81200,300,517659,597597,
000017.SZ,000017,20251209,92500000,598436,0,0,B,81200,1700,517735,597597,
000017.SZ,000017,20251209,92500000,598437,0,0,B,81200,600,517736,597597,
000017.SZ,000017,20251209,92500000,598438,0,0,S,81200,100,517736,89661,
000017.SZ,000017,20251209,92500000,598439,0,0,S,81200,2800,517736,393491,
000017.SZ,000017,20251209,92500000,598440,0,0,S,81200,200,518407,393491,
000017.SZ,000017,20251209,92500000,598441,0,0,S,81200,400,518407,39516,
000017.SZ,000017,20251209,92500000,598442,0,0,S,81200,200,518407,164653,
000017.SZ,000017,20251209,92500000,598443,0,0,B,81200,300,518407,597897,
000017.SZ,000017,20251209,92500000,598444,0,0,B,81200,100,522737,597897,
000017.SZ,000017,20251209,92500000,598445,0,0,B,81200,500,522823,597897,
000017.SZ,000017,20251209,92500000,598446,0,0,B,81200,400,526996,597897,
000017.SZ,000017,20251209,92500000,598447,0,0,B,81200,100,527964,597897,
000017.SZ,000017,20251209,92500000,598448,0,0,B,81200,1900,530561,597897,
000017.SZ,000017,20251209,92500000,598449,0,0,S,81200,300,530561,18967,
000017.SZ,000017,20251209,92500000,598450,0,0,S,81200,300,530561,30360,
000017.SZ,000017,20251209,92500000,598451,0,0,S,81200,300,539554,30360,
000017.SZ,000017,20251209,92500000,598452,0,0,S,81200,100,539878,30360,
000017.SZ,000017,20251209,92500000,598453,0,0,S,81200,500,540644,30360,
000017.SZ,000017,20251209,92500000,598454,0,0,S,81200,100,540644,31828,
000017.SZ,000017,20251209,92500000,598455,0,0,S,81200,100,540644,34647,
000017.SZ,000017,20251209,92500000,598456,0,0,S,81200,200,540644,94456,
000017.SZ,000017,20251209,92500000,598457,0,0,S,81200,200,544791,94456,
000017.SZ,000017,20251209,92500000,598458,0,0,S,81200,1000,544791,147426,
000017.SZ,000017,20251209,92500000,598459,0,0,S,81200,100,546948,167605,
000017.SZ,000017,20251209,92500000,598460,0,0,S,81200,100,563379,167605,
000017.SZ,000017,20251209,92500000,598461,0,0,S,81200,300,563379,174101,
000017.SZ,000017,20251209,92500000,598462,0,0,S,81200,200,569486,174101,
000017.SZ,000017,20251209,92500000,598463,0,0,S,81200,100,571806,174101,
000017.SZ,000017,20251209,92500000,598464,0,0,S,81200,600,575422,174101,
000017.SZ,000017,20251209,92500000,598465,0,0,S,81200,200,575422,221892,
000017.SZ,000017,20251209,92500000,598466,0,0,S,81200,400,575422,248335,
000017.SZ,000017,20251209,92500000,598467,0,0,S,81200,200,575422,264678,
000017.SZ,000017,20251209,92500000,598468,0,0,S,81200,100,575422,268248,
000017.SZ,000017,20251209,92500000,598469,0,0,S,81200,100,575422,302371,
000017.SZ,000017,20251209,92500000,598470,0,0,B,81200,100,575422,584623,
000017.SZ,000017,20251209,92500000,598471,0,0,B,81200,3200,575422,584909,
000017.SZ,000017,20251209,92500000,598472,0,0,B,81200,1000,575703,584909,
000017.SZ,000017,20251209,92500000,598473,0,0,B,81200,5800,576094,584909,
000017.SZ,000017,20251209,92500000,598474,0,0,B,81200,1400,576104,584909,
000017.SZ,000017,20251209,92500000,598475,0,0,B,81200,1000,576275,584909,
000017.SZ,000017,20251209,92500000,598476,0,0,B,81200,100,576275,585132,
000017.SZ,000017,20251209,92500000,598477,0,0,B,81200,2400,576275,590359,
000017.SZ,000017,20251209,92500000,598478,0,0,S,81200,400,576275,336919,
000017.SZ,000017,20251209,92500000,598479,0,0,S,81200,300,576275,352445,
000017.SZ,000017,20251209,92500000,598480,0,0,S,81200,400,576342,352445,
000017.SZ,000017,20251209,92500000,598481,0,0,S,81200,500,576342,396415,
000017.SZ,000017,20251209,92500000,598482,0,0,S,81200,1200,576342,444351,
000017.SZ,000017,20251209,92500000,598483,0,0,B,81200,1600,576342,593724,
000017.SZ,000017,20251209,92500000,598484,0,0,B,81200,500,576342,596249,
000017.SZ,000017,20251209,92500000,598485,0,0,B,81200,15300,576581,596249,
000017.SZ,000017,20251209,92500000,598486,0,0,B,81200,3800,576581,583273,
000017.SZ,000017,20251209,92500000,598487,0,0,S,81200,200,576581,531814,
000017.SZ,000017,20251209,92500000,598488,0,0,B,81200,500,576581,586422,
000017.SZ,000017,20251209,92500000,598489,0,0,B,81200,1800,576769,586422,
000017.SZ,000017,20251209,92500000,598490,0,0,B,81200,1300,577962,586422,
000017.SZ,000017,20251209,92500000,598491,0,0,B,81200,200,577962,589777,
000017.SZ,000017,20251209,92500000,598492,0,0,B,81200,300,578596,589777,
000017.SZ,000017,20251209,92500000,598493,0,0,B,81200,800,585741,589777,
000017.SZ,000017,20251209,92500000,598494,0,0,B,81200,1000,587963,589777,
000017.SZ,000017,20251209,92500000,598495,0,0,S,81200,600,592754,589777,
000017.SZ,000017,20251209,92500000,598496,0,0,B,81200,1500,388274,589777,
000017.SZ,000017,20251209,92500000,598497,0,0,B,81200,5500,429457,589777,
000017.SZ,000017,20251209,92500000,598498,0,0,B,81200,1300,256592,589777,
000017.SZ,000017,20251209,92500000,598499,0,0,B,81200,3600,459612,589777,
000017.SZ,000017,20251209,92500000,598500,0,0,S,81200,1000,459612,26895,
000017.SZ,000017,20251209,92500000,598501,0,0,S,81200,400,459612,213176,
000017.SZ,000017,20251209,92500000,598502,0,0,S,81200,100,459612,401680,
000017.SZ,000017,20251209,92500000,598503,0,0,S,81200,400,589155,401680,
000017.SZ,000017,20251209,92500000,598504,0,0,S,81200,1500,589155,521019,
000017.SZ,000017,20251209,92500000,598505,0,0,B,81200,300,493945,521019,
000017.SZ,000017,20251209,92500000,598506,0,0,B,81200,900,493945,541759,
000017.SZ,000017,20251209,92500000,598507,0,0,S,81200,100,591057,541759,
000017.SZ,000017,20251209,92500000,598508,0,0,S,81200,800,591130,541759,
000017.SZ,000017,20251209,92500000,598509,0,0,S,81200,1800,591745,541759,
000017.SZ,000017,20251209,92500000,598510,0,0,B,81200,4000,537714,541759,
000017.SZ,000017,20251209,92500000,598511,0,0,S,81200,700,582923,541759,
000017.SZ,000017,20251209,92500000,598512,0,0,S,81200,100,583401,541759,
000017.SZ,000017,20251209,92500000,598513,0,0,S,81200,700,585101,541759,
000017.SZ,000017,20251209,92500000,598514,0,0,S,81200,2100,585248,541759,
000017.SZ,000017,20251209,92500000,598515,0,0,S,81200,1000,585886,541759,
000017.SZ,000017,20251209,92500000,598516,0,0,S,81200,16500,574136,541759,
000017.SZ,000017,20251209,92500000,598517,0,0,B,81200,3500,539089,541759,
000017.SZ,000017,20251209,92500000,598518,0,0,S,81200,200,553153,541759,
000017.SZ,000017,20251209,92500000,598519,0,0,B,81200,2400,480037,541759,
000017.SZ,000017,20251209,92500000,598520,0,0,B,81200,3000,515537,541759,
000017.SZ,000017,20251209,92500000,598521,0,0,B,81200,200,455987,541759,
000017.SZ,000017,20251209,92500000,598522,0,0,B,81200,600,459411,541759,
000017.SZ,000017,20251209,92500000,598523,0,0,B,81200,900,494300,541759,
000017.SZ,000017,20251209,92500000,598524,0,0,S,81200,200,587504,541759,
000017.SZ,000017,20251209,92500000,598525,0,0,B,81200,300,507512,541759,
000017.SZ,000017,20251209,92500000,598526,0,0,B,81200,1000,517053,551299,
000017.SZ,000017,20251209,92500000,598527,0,0,B,81200,1700,517053,594191,
000017.SZ,000017,20251209,92500000,598528,0,0,B,81200,300,523865,595078,
000017.SZ,000017,20251209,92500000,598529,0,0,S,81200,400,523865,461484,
000017.SZ,000017,20251209,92500000,598530,0,0,S,81200,100,523865,484032,
000017.SZ,000017,20251209,92500000,598531,0,0,S,81200,400,523865,76784,
000017.SZ,000017,20251209,92500000,598532,0,0,S,81200,3000,593680,76784,
000017.SZ,000017,20251209,92500000,598533,0,0,S,81200,4200,593725,76784,
000017.SZ,000017,20251209,92500000,598534,0,0,S,81200,100,593725,201170,
000017.SZ,000017,20251209,92500000,598535,0,0,S,81200,100,593725,455180,
000017.SZ,000017,20251209,92500000,598536,0,0,S,81200,400,593878,455180,
000017.SZ,000017,20251209,92500000,598537,0,0,S,81200,200,593878,455611,
000017.SZ,000017,20251209,92500000,598538,0,0,S,81200,300,593878,466047,
000017.SZ,000017,20251209,92500000,598539,0,0,S,81200,1000,593878,474966,
000017.SZ,000017,20251209,92500000,598540,0,0,S,81200,1700,593878,498658,
000017.SZ,000017,20251209,92500000,598541,0,0,S,81200,200,593878,505168,
000017.SZ,000017,20251209,92500000,598542,0,0,S,81200,2800,593890,505168,
000017.SZ,000017,20251209,92500000,598543,0,0,S,81200,100,593890,539707,
000017.SZ,000017,20251209,92500000,598544,0,0,S,81200,1900,594102,539707,
000017.SZ,000017,20251209,92500000,598545,0,0,S,81200,5900,594102,42343,
000017.SZ,000017,20251209,92500000,598546,0,0,S,81200,900,594529,42343,
000017.SZ,000017,20251209,92500000,598547,0,0,S,81200,200,594529,437205,
000017.SZ,000017,20251209,92500000,598548,0,0,S,81200,1000,594529,454033,
000017.SZ,000017,20251209,92500000,598549,0,0,S,81200,200,594529,470590,
000017.SZ,000017,20251209,92500000,598550,0,0,S,81200,2000,594529,471545,
000017.SZ,000017,20251209,92500000,598551,0,0,S,81200,4500,594529,588185,
000017.SZ,000017,20251209,92500000,598552,0,0,S,81200,3800,594529,589182,
000017.SZ,000017,20251209,92500000,598553,0,0,S,81200,4000,594529,589554,
000017.SZ,000017,20251209,92500000,598554,0,0,S,81200,3700,594529,443100,
000017.SZ,000017,20251209,92500000,598555,0,0,S,81200,1200,575822,443100,
000017.SZ,000017,20251209,92500000,598556,0,0,S,81200,2100,575822,308383,
000017.SZ,000017,20251209,92500000,598557,0,0,S,81200,600,575822,359933,
000017.SZ,000017,20251209,92500000,598558,0,0,S,81200,500,484894,359933,
000017.SZ,000017,20251209,92500000,598559,0,0,S,81200,2100,492875,359933,
000017.SZ,000017,20251209,92500000,598560,0,0,S,81200,1000,492875,389199,
000017.SZ,000017,20251209,92500000,598561,0,0,S,81200,300,492875,437258,
000017.SZ,000017,20251209,92500000,598562,0,0,S,81200,1000,492875,438496,
000017.SZ,000017,20251209,92500000,598563,0,0,S,81200,1100,501547,438496,
000017.SZ,000017,20251209,92500000,598564,0,0,S,81200,1000,501547,450458,
000017.SZ,000017,20251209,92500000,598565,0,0,B,81200,600,501547,513064,
000017.SZ,000017,20251209,92500000,598566,0,0,B,81200,100,503905,513064,
000017.SZ,000017,20251209,92500000,598567,0,0,S,81200,2000,553138,513064,
000017.SZ,000017,20251209,92500000,598568,0,0,B,81200,400,465866,513064,
000017.SZ,000017,20251209,92500000,598569,0,0,B,81200,100,465866,525435,
000017.SZ,000017,20251209,92500000,598570,0,0,S,81200,100,545659,525435,
000017.SZ,000017,20251209,92500000,598571,0,0,B,81200,2100,545659,584311,
000017.SZ,000017,20251209,92500000,598572,0,0,B,81200,100,551606,584311,
000017.SZ,000017,20251209,92500000,598573,0,0,B,81200,3900,557952,584311,
000017.SZ,000017,20251209,92500000,598574,0,0,S,81200,900,557952,33688,
000017.SZ,000017,20251209,92500000,598575,0,0,S,81200,2000,557952,219157,
000017.SZ,000017,20251209,92500000,598576,0,0,S,81200,400,557952,491293,
000017.SZ,000017,20251209,92500000,598577,0,0,S,81200,100,557952,499692,
000017.SZ,000017,20251209,92500000,598578,0,0,B,81200,1200,557952,577136,
000017.SZ,000017,20251209,92500000,598579,0,0,B,81200,22700,557952,598100,
000017.SZ,000017,20251209,92500000,598580,0,0,B,81200,100,573691,598100,
000017.SZ,000017,20251209,92500000,598581,0,0,B,81200,700,453857,598100,
000017.SZ,000017,20251209,92500000,598582,0,0,B,81200,1500,561723,598100,
000017.SZ,000017,20251209,92500000,598583,0,0,B,81200,200,460099,598100,
000017.SZ,000017,20251209,92500000,598584,0,0,B,81200,25700,585711,598100,
000017.SZ,000017,20251209,93000040,695299,0,0,S,81200,2100,695298,598100,
000017.SZ,000017,20251209,93000040,695300,0,0,S,81200,100,695298,691801,
000017.SZ,000017,20251209,93000040,695301,0,0,S,81200,100,695298,693266,
000017.SZ,000017,20251209,93000040,695302,0,0,S,81100,100,695298,535787,
000017.SZ,000017,20251209,93000060,702862,0,0,B,81400,200,462022,702861,
000017.SZ,000017,20251209,93000060,702863,0,0,B,81700,2300,467302,702861,
000017.SZ,000017,20251209,93000060,702975,0,0,B,81700,100,467302,702974,
000017.SZ,000017,20251209,93000060,705202,0,0,S,81200,500,705201,700125,
000017.SZ,000017,20251209,93000060,709377,0,0,S,81200,400,709376,700125,
000017.SZ,000017,20251209,93000070,710689,0,0,S,81400,200,710688,710652,
000017.SZ,000017,20251209,93000070,710690,0,0,S,81200,100,710688,700125,
000017.SZ,000017,20251209,93000070,712383,C,0, ,0,6800,0,580006,
000017.SZ,000017,20251209,93000070,713493,0,0,B,81200,100,710688,713492,
000017.SZ,000017,20251209,93000090,723854,0,0,B,81200,100,710688,723853,
000017.SZ,000017,20251209,93000100,727644,C,0, ,0,100,0,517985,
000017.SZ,000017,20251209,93000100,730384,0,0,B,81200,100,710688,730383,
000017.SZ,000017,20251209,93000110,732102,C,0, ,0,1800,0,29460,
000017.SZ,000017,20251209,93000110,734700,0,0,B,81200,400,710688,734699,
000017.SZ,000017,20251209,93000110,734701,0,0,B,81200,300,712353,734699,
000017.SZ,000017,20251209,93000110,735224,0,0,S,81300,6300,735223,734699,
000017.SZ,000017,20251209,93000110,736668,C,0, ,0,1000,0,521747,
000017.SZ,000017,20251209,93000120,741674,0,0,B,81200,600,735223,741673,
000017.SZ,000017,20251209,93000130,748642,C,0, ,0,200,748419,0,
000017.SZ,000017,20251209,93000140,751136,0,0,S,81100,200,751135,535787,
000017.SZ,000017,20251209,93000140,751519,0,0,S,81100,200,751518,535787,
000017.SZ,000017,20251209,93000140,752182,0,0,B,81200,1200,735223,752181,
000017.SZ,000017,20251209,93000140,753207,0,0,B,81200,1200,735223,753206,
000017.SZ,000017,20251209,93000140,753208,0,0,B,81200,100,739096,753206,
000017.SZ,000017,20251209,93000140,753209,0,0,B,81200,1000,742077,753206,
000017.SZ,000017,20251209,93000140,753210,0,0,B,81200,100,750750,753206,
000017.SZ,000017,20251209,93000150,757168,C,0, ,0,300,0,324738,
000017.SZ,000017,20251209,93000160,764994,C,0, ,0,2300,549662,0,
000017.SZ,000017,20251209,93000180,773975,0,0,S,81600,100,773974,755968,
000017.SZ,000017,20251209,93000180,774984,C,0, ,0,15000,0,589657,
000017.SZ,000017,20251209,93000180,775714,C,0, ,0,200,0,486623,
000017.SZ,000017,20251209,93000190,779017,0,0,S,81600,1700,779016,755968,
000017.SZ,000017,20251209,93000190,779090,0,0,S,81600,1300,779089,755968,
000017.SZ,000017,20251209,93000190,779091,0,0,S,81500,3400,779089,753206,
000017.SZ,000017,20251209,93000190,779092,0,0,S,81400,2000,779089,756059,
000017.SZ,000017,20251209,93000190,780049,0,0,S,81400,200,780048,756059,
000017.SZ,000017,20251209,93000200,782425,0,0,S,81400,400,782424,756059,
000017.SZ,000017,20251209,93000210,786265,0,0,S,81400,500,786264,770874,
000017.SZ,000017,20251209,93000210,786266,0,0,S,81400,100,786264,781751,
000017.SZ,000017,20251209,93000210,786267,0,0,S,81300,100,786264,755679,
000017.SZ,000017,20251209,93000230,794542,0,0,S,81400,500,794541,793210,
000017.SZ,000017,20251209,93000230,794543,0,0,S,81300,4900,794541,755679,
000017.SZ,000017,20251209,93000230,794544,0,0,S,81300,200,794541,758572,
000017.SZ,000017,20251209,93000230,794545,0,0,S,81300,300,794541,762589,
000017.SZ,000017,20251209,93000230,794546,0,0,S,81300,200,794541,793557,
000017.SZ,000017,20251209,93000230,794547,0,0,S,81300,600,794541,793893,
000017.SZ,000017,20251209,93000250,800448,0,0,S,81400,500,800447,797020,
000017.SZ,000017,20251209,93000260,803388,0,0,B,81700,1700,467302,803387,
000017.SZ,000017,20251209,93000260,803589,C,0, ,0,100,0,560293,
000017.SZ,000017,20251209,93000260,805056,C,0, ,0,1000,0,758804,
000017.SZ,000017,20251209,93000270,806643,0,0,S,81300,600,806642,793893,
000017.SZ,000017,20251209,93000290,813675,C,0, ,0,500,0,112094,
000017.SZ,000017,20251209,93000300,818072,0,0,S,81200,200,818071,813222,
000017.SZ,000017,20251209,93000310,820284,0,0,S,81100,100,820283,551837,
000017.SZ,000017,20251209,93000330,827502,0,0,B,81200,1300,818071,827501,
000017.SZ,000017,20251209,93000330,827503,0,0,B,81200,200,824288,827501,
000017.SZ,000017,20251209,93000340,829605,0,0,S,81100,1000,829604,551837,
000017.SZ,000017,20251209,93000390,840288,0,0,S,81100,500,840287,551837,
000017.SZ,000017,20251209,93000430,846953,0,0,B,81200,200,824288,846952,
000017.SZ,000017,20251209,93000450,850316,C,0, ,0,1100,438424,0,
000017.SZ,000017,20251209,93000480,855357,C,0, ,0,7300,0,53025,
000017.SZ,000017,20251209,93000480,855620,0,0,S,81200,300,855619,846952,
000017.SZ,000017,20251209,93000480,855621,0,0,S,81200,800,855619,851172,
000017.SZ,000017,20251209,93000480,855622,0,0,S,81200,2500,855619,854125,
000017.SZ,000017,20251209,93000480,855623,0,0,S,81100,400,855619,551837,
000017.SZ,000017,20251209,93000480,855624,0,0,S,81100,1100,855619,733988,
000017.SZ,000017,20251209,93000510,860598,C,0, ,0,2300,0,551826,
000017.SZ,000017,20251209,93000520,861619,0,0,S,81200,100,861618,857960,
000017.SZ,000017,20251209,93000540,866066,0,0,B,81300,2000,806642,866065,
000017.SZ,000017,20251209,93000550,867343,0,0,S,81200,600,867342,857960,
000017.SZ,000017,20251209,93000570,870523,C,0, ,0,2200,0,512987,
000017.SZ,000017,20251209,93000580,871443,0,0,B,81300,400,806642,871442,
000017.SZ,000017,20251209,93000590,872473,0,0,B,81300,700,806642,872472,
000017.SZ,000017,20251209,93000600,874764,0,0,S,81200,100,874763,857960,
000017.SZ,000017,20251209,93000600,875770,0,0,B,81300,200,806642,875769,
000017.SZ,000017,20251209,93000610,876080,0,0,S,81200,300,876079,857960,
000017.SZ,000017,20251209,93000620,878003,0,0,B,81300,1800,806642,878002,
000017.SZ,000017,20251209,93000620,878004,0,0,B,81300,200,875108,878002,
000017.SZ,000017,20251209,93000620,878386,0,0,S,81200,2400,878385,857960,
000017.SZ,000017,20251209,93000620,878387,0,0,S,81100,300,878385,733988,
000017.SZ,000017,20251209,93000630,880393,0,0,B,81300,1000,875108,880392,
000017.SZ,000017,20251209,93000640,881310,0,0,S,81100,300,881309,733988,
000017.SZ,000017,20251209,93000670,885575,0,0,B,81300,200,875108,885574,
000017.SZ,000017,20251209,93000670,885576,0,0,B,81400,200,831925,885574,
000017.SZ,000017,20251209,93000670,886433,0,0,B,81400,500,831925,886432,
000017.SZ,000017,20251209,93000680,887827,0,0,B,81400,3000,831925,887826,
000017.SZ,000017,20251209,93000730,895727,0,0,B,81400,900,831925,895726,
000017.SZ,000017,20251209,93000730,896084,0,0,S,81200,1300,896083,884032,
000017.SZ,000017,20251209,93000730,896085,0,0,S,81200,500,896083,891806,
000017.SZ,000017,20251209,93000730,896086,0,0,S,81200,1600,896083,894766,
000017.SZ,000017,20251209,93000740,897976,0,0,S,81200,200,897975,894766,
000017.SZ,000017,20251209,93000740,898049,0,0,B,81400,200,831925,898048,
000017.SZ,000017,20251209,93000750,899525,C,0, ,0,5400,716737,0,
000017.SZ,000017,20251209,93000750,900577,0,0,B,81400,2600,831925,900576,
000017.SZ,000017,20251209,93000770,903436,C,0, ,0,1500,0,30196,
000017.SZ,000017,20251209,93000790,905382,0,0,B,81400,400,831925,905381,
000017.SZ,000017,20251209,93000810,909016,0,0,B,81400,100,831925,909015,
000017.SZ,000017,20251209,93000810,909031,0,0,B,81400,2000,831925,909030,
000017.SZ,000017,20251209,93000810,909199,0,0,S,81200,2000,909198,894766,
000017.SZ,000017,20251209,93000850,914613,0,0,S,81200,1000,914612,894766,
000017.SZ,000017,20251209,93000890,921770,0,0,B,81400,200,831925,921769,
000017.SZ,000017,20251209,93000890,923128,0,0,S,81200,100,923127,894766,
000017.SZ,000017,20251209,93000910,925031,C,0, ,0,2400,0,483393,
000017.SZ,000017,20251209,93000960,933225,C,0, ,0,8600,96522,0,
000017.SZ,000017,20251209,93001020,940667,0,0,B,81400,3700,831925,940666,
000017.SZ,000017,20251209,93001040,944273,0,0,S,81300,100,944272,929187,
000017.SZ,000017,20251209,93001040,944274,0,0,S,81200,900,944272,894766,
000017.SZ,000017,20251209,93001050,945711,0,0,S,81200,700,945710,894766,
000017.SZ,000017,20251209,93001060,946216,0,0,S,81200,500,946215,894766,
000017.SZ,000017,20251209,93001100,951460,0,0,S,81200,800,951459,894766,
000017.SZ,000017,20251209,93001120,953782,0,0,B,81400,1100,831925,953781,
000017.SZ,000017,20251209,93001140,955509,0,0,B,81400,2200,831925,955508,
000017.SZ,000017,20251209,93001160,957547,0,0,B,81400,100,831925,957546,
000017.SZ,000017,20251209,93001180,959780,0,0,S,81200,3000,959779,894766,
000017.SZ,000017,20251209,93001290,970208,0,0,S,81200,1200,970207,894766,
000017.SZ,000017,20251209,93001310,971897,0,0,S,81200,300,971896,894766,
000017.SZ,000017,20251209,93001310,971898,0,0,S,81200,200,971896,898147,
000017.SZ,000017,20251209,93001430,980543,0,0,S,81200,100,980542,898147,
000017.SZ,000017,20251209,93001430,980544,0,0,S,81200,600,980542,902922,
000017.SZ,000017,20251209,93001430,980545,0,0,S,81200,100,980542,910787,
000017.SZ,000017,20251209,93001430,981109,0,0,B,81400,400,831925,981108,
000017.SZ,000017,20251209,93001430,981111,0,0,B,81400,600,831925,981110,
000017.SZ,000017,20251209,93001430,981116,0,0,B,81400,200,831925,981115,
000017.SZ,000017,20251209,93001450,982309,0,0,B,81400,11900,831925,982308,
000017.SZ,000017,20251209,93001540,990841,0,0,B,81300,200,982838,990840,
000017.SZ,000017,20251209,93001540,990842,0,0,B,81400,700,831925,990840,
000017.SZ,000017,20251209,93001540,990986,0,0,B,81400,700,831925,990985,
000017.SZ,000017,20251209,93001540,991018,0,0,S,81200,1900,991017,910787,
000017.SZ,000017,20251209,93001540,991019,0,0,S,81200,100,991017,911029,
000017.SZ,000017,20251209,93001540,991020,0,0,S,81200,100,991017,913387,
000017.SZ,000017,20251209,93001540,991021,0,0,S,81200,600,991017,923407,
000017.SZ,000017,20251209,93001540,991022,0,0,S,81200,200,991017,933527,
000017.SZ,000017,20251209,93001540,991023,0,0,S,81200,1000,991017,971698,
000017.SZ,000017,20251209,93001540,991024,0,0,S,81200,1000,991017,973089,
000017.SZ,000017,20251209,93001540,991025,0,0,S,81200,1800,991017,974212,
000017.SZ,000017,20251209,93001590,995027,0,0,B,81200,900,991017,995026,
000017.SZ,000017,20251209,93001600,996071,0,0,B,81200,800,991017,996070,
000017.SZ,000017,20251209,93001610,997006,C,0, ,0,2800,387349,0,
000017.SZ,000017,20251209,93001630,999634,0,0,B,81200,100,991017,999633,
000017.SZ,000017,20251209,93001640,1000505,C,0, ,0,1000,0,566669,
000017.SZ,000017,20251209,93001650,1001794,0,0,B,81200,500,991017,1001793,
000017.SZ,000017,20251209,93001680,1004441,0,0,B,81200,300,991017,1004440,
000017.SZ,000017,20251209,93001680,1004559,0,0,B,81200,200,991017,1004558,
000017.SZ,000017,20251209,93001690,1005241,0,0,B,81200,100,991017,1005240,
000017.SZ,000017,20251209,93001690,1005245,0,0,B,81200,400,991017,1005244,
000017.SZ,000017,20251209,93001740,1009132,0,0,B,81200,1000,991017,1009131,
000017.SZ,000017,20251209,93001790,1013594,0,0,B,81200,200,991017,1013593,
000017.SZ,000017,20251209,93001840,1017852,0,0,B,81200,1300,991017,1017851,
000017.SZ,000017,20251209,93001840,1017853,0,0,B,81200,2100,1010347,1017851,
000017.SZ,000017,20251209,93001850,1018789,0,0,B,81200,1000,1010347,1018788,
000017.SZ,000017,20251209,93001850,1018998,0,0,B,81200,200,1010347,1018997,
000017.SZ,000017,20251209,93001850,1019398,C,0, ,0,600,0,574818,
000017.SZ,000017,20251209,93001890,1022193,0,0,B,81200,700,1010347,1022192,
000017.SZ,000017,20251209,93001890,1022665,0,0,B,81200,700,1010347,1022664,
000017.SZ,000017,20251209,93001910,1024726,0,0,B,81200,5000,1010347,1024725,
000017.SZ,000017,20251209,93001990,1033481,0,0,B,81200,400,1010347,1033480,
000017.SZ,000017,20251209,93001990,1033482,0,0,B,81200,600,1022222,1033480,
000017.SZ,000017,20251209,93002000,1034756,0,0,S,81200,300,1034755,1033480,
000017.SZ,000017,20251209,93002020,1036815,C,0, ,0,200,0,193456,
000017.SZ,000017,20251209,93002030,1037845,0,0,S,81200,200,1037844,1033480,
000017.SZ,000017,20251209,93002030,1037846,0,0,S,81200,1300,1037844,1035751,
000017.SZ,000017,20251209,93002040,1038184,0,0,S,81200,100,1038183,1035751,
000017.SZ,000017,20251209,93002040,1038185,0,0,S,81200,500,1038183,1036196,
000017.SZ,000017,20251209,93002040,1038258,0,0,S,81200,100,1038257,1036196,
000017.SZ,000017,20251209,93002080,1041889,0,0,S,81200,800,1041888,1036196,
000017.SZ,000017,20251209,93002110,1043661,0,0,S,81200,300,1043660,1036196,
000017.SZ,000017,20251209,93002130,1045783,0,0,B,81400,2500,831925,1045782,
000017.SZ,000017,20251209,93002140,1046200,0,0,B,81400,1100,831925,1046199,
000017.SZ,000017,20251209,93002190,1049692,0,0,B,81400,100,831925,1049691,
000017.SZ,000017,20251209,93002200,1050421,0,0,B,81400,1200,831925,1050420,
000017.SZ,000017,20251209,93002200,1050536,0,0,B,81400,2500,831925,1050535,
000017.SZ,000017,20251209,93002210,1051602,0,0,S,81200,600,1051601,1036196,
000017.SZ,000017,20251209,93002210,1051603,0,0,S,81200,500,1051601,1036197,
000017.SZ,000017,20251209,93002240,1053238,0,0,B,81400,100,831925,1053237,
000017.SZ,000017,20251209,93002240,1053265,0,0,B,81400,600,831925,1053264,
000017.SZ,000017,20251209,93002240,1053271,0,0,B,81400,400,831925,1053270,
000017.SZ,000017,20251209,93002240,1053273,0,0,B,81400,100,831925,1053272,
000017.SZ,000017,20251209,93002260,1054721,0,0,S,81200,1000,1054720,1036197,
000017.SZ,000017,20251209,93002260,1054722,0,0,S,81200,900,1054720,1036362,
000017.SZ,000017,20251209,93002260,1054723,0,0,S,81200,1500,1054720,1038226,
000017.SZ,000017,20251209,93002260,1054724,0,0,S,81200,300,1054720,1042571,
000017.SZ,000017,20251209,93002280,1055845,0,0,S,81200,500,1055844,1042571,
000017.SZ,000017,20251209,93002330,1058157,0,0,S,81200,1200,1058156,1042571,
000017.SZ,000017,20251209,93002330,1058158,0,0,S,81200,2000,1058156,1055733,
000017.SZ,000017,20251209,93002330,1058159,0,0,S,81100,2800,1058156,733988,
000017.SZ,000017,20251209,93002560,1071626,C,0, ,0,100,0,830009,
000017.SZ,000017,20251209,93002560,1071779,0,0,S,81300,800,1071778,1067203,
000017.SZ,000017,20251209,93002560,1071780,0,0,S,81200,1000,1071778,1068286,
000017.SZ,000017,20251209,93002560,1071781,0,0,S,81100,2500,1071778,733988,
000017.SZ,000017,20251209,93002560,1071782,0,0,S,81100,2700,1071778,778120,
000017.SZ,000017,20251209,93002560,1071783,0,0,S,81100,1900,1071778,799698,
000017.SZ,000017,20251209,93002560,1071784,0,0,S,81100,100,1071778,821376,
000017.SZ,000017,20251209,93002560,1071785,0,0,S,81100,800,1071778,854488,
000017.SZ,000017,20251209,93002560,1071786,0,0,S,81100,1000,1071778,864571,
000017.SZ,000017,20251209,93002560,1071787,0,0,S,81100,5000,1071778,906865,
000017.SZ,000017,20251209,93002560,1071788,0,0,S,81100,1900,1071778,916613,
000017.SZ,000017,20251209,93002600,1074386,0,0,S,81300,300,1074385,1073345,
000017.SZ,000017,20251209,93002650,1078366,0,0,B,81400,100,831925,1078365,
000017.SZ,000017,20251209,93002660,1079008,0,0,S,81300,400,1079007,1073345,
000017.SZ,000017,20251209,93002690,1080986,C,0, ,0,200,0,517619,
000017.SZ,000017,20251209,93002710,1082354,0,0,S,81300,400,1082353,1074155,
000017.SZ,000017,20251209,93002720,1082618,0,0,S,81300,100,1082617,1074155,
000017.SZ,000017,20251209,93002760,1085161,0,0,S,81300,500,1085160,1074155,
000017.SZ,000017,20251209,93002800,1087663,0,0,S,81300,500,1087662,1081407,
000017.SZ,000017,20251209,93002850,1090424,0,0,S,81300,200,1090423,1081407,
000017.SZ,000017,20251209,93002870,1091744,0,0,B,81300,100,1090423,1091743,
000017.SZ,000017,20251209,93002870,1091745,0,0,B,81400,400,831925,1091743,
000017.SZ,000017,20251209,93002890,1093388,0,0,B,81200,2700,1093302,1093387,
000017.SZ,000017,20251209,93002920,1094741,0,0,B,81200,2400,1093302,1094740,
000017.SZ,000017,20251209,93002920,1094742,0,0,B,81400,100,831925,1094740,
000017.SZ,000017,20251209,93003000,1100142,0,0,B,81200,100,1099394,1100141,
000017.SZ,000017,20251209,93003100,1107999,0,0,B,81200,400,1099394,1107998,
000017.SZ,000017,20251209,93003110,1108511,0,0,S,81100,200,1108510,916613,
000017.SZ,000017,20251209,93003190,1113513,0,0,B,81200,200,1099394,1113512,
000017.SZ,000017,20251209,93003190,1113518,0,0,B,81200,200,1099394,1113517,
000017.SZ,000017,20251209,93003190,1113697,0,0,B,81200,300,1099394,1113696,
000017.SZ,000017,20251209,93003190,1113698,0,0,B,81200,1500,1104141,1113696,
000017.SZ,000017,20251209,93003200,1113977,0,0,B,81200,3600,1104141,1113976,
000017.SZ,000017,20251209,93003200,1114058,0,0,B,81200,300,1104141,1114057,
000017.SZ,000017,20251209,93003200,1114063,0,0,B,81200,1800,1104141,1114062,
000017.SZ,000017,20251209,93003200,1114072,0,0,B,81200,2800,1104141,1114071,
000017.SZ,000017,20251209,93003200,1114073,0,0,B,81200,8000,1108374,1114071,
000017.SZ,000017,20251209,93003260,1116954,0,0,S,81300,600,1116953,1114132,
000017.SZ,000017,20251209,93003260,1116955,0,0,S,81300,400,1116953,1114137,
000017.SZ,000017,20251209,93003260,1116956,0,0,S,81300,200,1116953,1114138,
000017.SZ,000017,20251209,93003320,1119683,0,0,S,81300,200,1119682,1114138,
000017.SZ,000017,20251209,93003320,1119684,0,0,S,81300,1500,1119682,1114182,
000017.SZ,000017,20251209,93003550,1130803,0,0,B,81400,200,831925,1130802,
000017.SZ,000017,20251209,93003590,1132481,C,0, ,0,300,0,363153,
000017.SZ,000017,20251209,93003600,1133008,C,0, ,0,2600,1071632,0,
000017.SZ,000017,20251209,93003630,1135219,C,0, ,0,128900,0,516198,
000017.SZ,000017,20251209,93003670,1137412,C,0, ,0,600,1071904,0,
000017.SZ,000017,20251209,93003700,1139478,0,0,S,81300,1000,1139477,1114182,
000017.SZ,000017,20251209,93003750,1142247,C,0, ,0,3100,1075378,0,
000017.SZ,000017,20251209,93003780,1143877,C,0, ,0,500,0,1058906,
000017.SZ,000017,20251209,93003830,1146448,0,0,S,81300,600,1146447,1114182,
000017.SZ,000017,20251209,93003830,1146449,0,0,S,81300,300,1146447,1114988,
000017.SZ,000017,20251209,93003830,1146450,0,0,S,81300,400,1146447,1114989,
000017.SZ,000017,20251209,93003830,1146451,0,0,S,81300,300,1146447,1114990,
000017.SZ,000017,20251209,93003830,1146452,0,0,S,81300,100,1146447,1115004,
000017.SZ,000017,20251209,93003830,1146453,0,0,S,81200,400,1146447,1114071,
000017.SZ,000017,20251209,93003830,1146454,0,0,S,81200,200,1146447,1114095,
000017.SZ,000017,20251209,93003830,1146455,0,0,S,81200,200,1146447,1114991,
000017.SZ,000017,20251209,93003920,1149739,0,0,S,81200,100,1149738,1114991,
000017.SZ,000017,20251209,93003920,1149740,0,0,S,81200,300,1149738,1114992,
000017.SZ,000017,20251209,93003920,1149741,0,0,S,81200,400,1149738,1114993,
000017.SZ,000017,20251209,93003920,1149742,0,0,S,81100,800,1149738,916613,
000017.SZ,000017,20251209,93003960,1151689,0,0,S,81100,1400,1151688,916613,
000017.SZ,000017,20251209,93004000,1153730,0,0,B,81300,1900,1151450,1153729,
000017.SZ,000017,20251209,93004000,1153731,0,0,B,81400,100,831925,1153729,
000017.SZ,000017,20251209,93004040,1157117,0,0,S,81100,800,1157116,916613,
000017.SZ,000017,20251209,93004050,1158117,0,0,B,81400,1300,831925,1158116,
000017.SZ,000017,20251209,93004100,1160051,C,0, ,0,30100,0,726971,
000017.SZ,000017,20251209,93004270,1166852,0,0,S,81300,200,1166851,1165441,
000017.SZ,000017,20251209,93004270,1166853,0,0,S,81200,300,1166851,1160768,
000017.SZ,000017,20251209,93004270,1166854,0,0,S,81200,1000,1166851,1161083,
000017.SZ,000017,20251209,93004270,1166855,0,0,S,81200,100,1166851,1161144,
000017.SZ,000017,20251209,93004270,1166856,0,0,S,81200,300,1166851,1161173,
000017.SZ,000017,20251209,93004270,1166857,0,0,S,81200,200,1166851,1161174,
000017.SZ,000017,20251209,93004530,1177970,0,0,B,81400,800,831925,1177969,
000017.SZ,000017,20251209,93004590,1180371,0,0,S,81200,500,1180370,1161174,
000017.SZ,000017,20251209,93004590,1180372,0,0,S,81200,500,1180370,1161241,
000017.SZ,000017,20251209,93004640,1182758,0,0,B,81400,500,831925,1182757,
000017.SZ,000017,20251209,93004680,1184218,C,0, ,0,200,888190,0,
000017.SZ,000017,20251209,93004680,1184231,C,0, ,0,700,888170,0,
000017.SZ,000017,20251209,93004730,1185717,0,0,B,81400,300,831925,1185716,
000017.SZ,000017,20251209,93004860,1190756,0,0,S,81300,600,1190755,1188429,
000017.SZ,000017,20251209,93004860,1190758,0,0,S,81300,100,1190757,1188429,
000017.SZ,000017,20251209,93004890,1191927,0,0,B,81400,300,831925,1191926,
000017.SZ,000017,20251209,93004980,1195372,0,0,S,81300,300,1195371,1188429,
000017.SZ,000017,20251209,93005060,1200525,0,0,S,81200,100,1200524,1161808,
000017.SZ,000017,20251209,93005100,1201898,C,0, ,0,2500,249707,0,
000017.SZ,000017,20251209,93005140,1203358,0,0,S,81200,200,1203357,1184726,
000017.SZ,000017,20251209,93005150,1203792,0,0,S,81200,300,1203791,1184726,
000017.SZ,000017,20251209,93005150,1203793,0,0,S,81200,1500,1203791,1186988,
000017.SZ,000017,20251209,93005160,1203950,0,0,S,81200,2600,1203949,1186988,
000017.SZ,000017,20251209,93005160,1203951,0,0,S,81200,500,1203949,1191777,
000017.SZ,000017,20251209,93005160,1203952,0,0,S,81200,300,1203949,1192554,
000017.SZ,000017,20251209,93005160,1203953,0,0,S,81200,100,1203949,1194337,
000017.SZ,000017,20251209,93005160,1203954,0,0,S,81200,1500,1203949,1198975,
000017.SZ,000017,20251209,93005160,1203955,0,0,S,81200,600,1203949,1201694,
000017.SZ,000017,20251209,93005160,1203956,0,0,S,81100,2400,1203949,916613,
000017.SZ,000017,20251209,93005330,1208089,0,0,S,81100,300,1208088,916613,
000017.SZ,000017,20251209,93005330,1208099,0,0,S,81100,100,1208098,916613,
000017.SZ,000017,20251209,93005330,1208100,0,0,S,81100,1000,1208098,925745,
000017.SZ,000017,20251209,93005330,1208101,0,0,S,81100,1300,1208098,969000,
000017.SZ,000017,20251209,93005330,1208102,0,0,S,81100,100,1208098,1013531,
000017.SZ,000017,20251209,93005350,1208494,0,0,B,81200,500,1204738,1208493,
000017.SZ,000017,20251209,93005360,1208837,0,0,B,81200,200,1204738,1208836,
000017.SZ,000017,20251209,93005480,1211768,0,0,B,81200,900,1204738,1211767,
000017.SZ,000017,20251209,93005540,1213127,0,0,B,81200,300,1204738,1213126,
000017.SZ,000017,20251209,93005550,1213400,0,0,B,81200,300,1204738,1213399,
000017.SZ,000017,20251209,93005550,1213504,0,0,B,81200,200,1204738,1213503,
000017.SZ,000017,20251209,93005670,1216751,0,0,S,81100,100,1216750,1013531,
000017.SZ,000017,20251209,93005690,1217642,C,0, ,0,79400,0,1115098,
000017.SZ,000017,20251209,93005990,1226106,0,0,B,81200,600,1204738,1226105,
000017.SZ,000017,20251209,93005990,1226107,0,0,B,81200,200,1206891,1226105,
000017.SZ,000017,20251209,93006020,1227337,0,0,B,81300,1500,1195371,1227336,
000017.SZ,000017,20251209,93006040,1228641,0,0,B,81300,500,1195371,1228640,
000017.SZ,000017,20251209,93006040,1228929,0,0,B,81300,300,1195371,1228928,
000017.SZ,000017,20251209,93006040,1229095,0,0,B,81300,400,1195371,1229094,
000017.SZ,000017,20251209,93006130,1232101,0,0,B,81300,300,1195371,1232100,
000017.SZ,000017,20251209,93006140,1232128,0,0,B,81300,100,1195371,1232127,
000017.SZ,000017,20251209,93006150,1232757,0,0,S,81200,600,1232756,1226105,
000017.SZ,000017,20251209,93006160,1233063,0,0,S,81200,1100,1233062,1226105,
000017.SZ,000017,20251209,93006220,1234764,0,0,B,81300,3000,1195371,1234763,
000017.SZ,000017,20251209,93006340,1238377,0,0,S,81200,100,1238376,1232339,
000017.SZ,000017,20251209,93006340,1238381,0,0,S,81200,100,1238380,1232339,
000017.SZ,000017,20251209,93006350,1238635,0,0,S,81200,100,1238634,1232339,
000017.SZ,000017,20251209,93006430,1240256,0,0,B,81300,2400,1195371,1240255,
000017.SZ,000017,20251209,93006460,1240976,0,0,B,81300,1400,1195371,1240975,
000017.SZ,000017,20251209,93006500,1241972,0,0,S,81300,100,1241971,1240975,
000017.SZ,000017,20251209,93006500,1241973,0,0,S,81200,300,1241971,1232339,
000017.SZ,000017,20251209,93006530,1242951,C,0, ,0,2100,0,558976,
000017.SZ,000017,20251209,93006530,1243228,0,0,S,81100,100,1243227,1013531,
000017.SZ,000017,20251209,93006540,1243373,0,0,B,81200,300,1241971,1243372,
000017.SZ,000017,20251209,93006620,1246479,0,0,B,81400,800,831925,1246478,
000017.SZ,000017,20251209,93006620,1246483,0,0,B,81400,600,831925,1246482,
000017.SZ,000017,20251209,93006710,1249252,0,0,S,81300,100,1249251,1243372,
000017.SZ,000017,20251209,93006750,1250307,0,0,S,81300,100,1250306,1243372,
000017.SZ,000017,20251209,93006760,1250482,C,0, ,0,3100,1071827,0,
000017.SZ,000017,20251209,93006770,1250720,0,0,B,81400,100,831925,1250719,
000017.SZ,000017,20251209,93006810,1252158,C,0, ,0,3100,1071824,0,
000017.SZ,000017,20251209,93006840,1253030,0,0,S,81300,100,1253029,1243372,
000017.SZ,000017,20251209,93007000,1257312,0,0,S,81300,400,1257311,1243372,
000017.SZ,000017,20251209,93007000,1257313,0,0,S,81300,300,1257311,1246860,
000017.SZ,000017,20251209,93007000,1257314,0,0,S,81300,1000,1257311,1248030,
000017.SZ,000017,20251209,93007000,1257315,0,0,S,81300,1000,1257311,1248524,
000017.SZ,000017,20251209,93007000,1257317,0,0,S,81300,2200,1257316,1249574,
000017.SZ,000017,20251209,93007000,1257323,0,0,S,81300,300,1257322,1249574,
000017.SZ,000017,20251209,93007000,1257324,0,0,S,81300,2400,1257322,1250807,
000017.SZ,000017,20251209,93007000,1257410,0,0,S,81300,100,1257409,1250807,
000017.SZ,000017,20251209,93007020,1258118,0,0,S,81300,1500,1258117,1250807,
000017.SZ,000017,20251209,93007020,1258119,0,0,S,81200,200,1258117,1249047,
000017.SZ,000017,20251209,93007020,1258120,0,0,S,81200,800,1258117,1257021,
000017.SZ,000017,20251209,93007030,1258484,0,0,S,81200,100,1258483,1257021,
000017.SZ,000017,20251209,93007220,1263719,0,0,S,81200,800,1263718,1257021,
000017.SZ,000017,20251209,93007450,1268785,C,0, ,0,700,1065264,0,
000017.SZ,000017,20251209,93007450,1268811,C,0, ,0,2700,1065351,0,
000017.SZ,000017,20251209,93007560,1272729,C,0, ,0,2500,1071483,0,
000017.SZ,000017,20251209,93007670,1275462,0,0,S,81200,600,1275461,1257021,
000017.SZ,000017,20251209,93007670,1275463,0,0,S,81200,100,1275461,1258880,
000017.SZ,000017,20251209,93007710,1276563,0,0,S,81200,200,1276562,1258880,
000017.SZ,000017,20251209,93007710,1276573,0,0,S,81200,100,1276572,1258880,
000017.SZ,000017,20251209,93007710,1276587,0,0,S,81200,100,1276586,1258880,
000017.SZ,000017,20251209,93007730,1277041,0,0,S,81200,2000,1277040,1258880,
000017.SZ,000017,20251209,93007750,1277700,0,0,S,81200,100,1277699,1258880,
000017.SZ,000017,20251209,93007860,1280132,C,0, ,0,7000,826189,0,
000017.SZ,000017,20251209,93007890,1281065,C,0, ,0,600,0,1146893,
000017.SZ,000017,20251209,93008000,1283271,0,0,S,81200,400,1283270,1258880,
000017.SZ,000017,20251209,93008000,1283272,0,0,S,81200,100,1283270,1272467,
000017.SZ,000017,20251209,93008000,1283273,0,0,S,81200,100,1283270,1273168,
000017.SZ,000017,20251209,93008000,1283274,0,0,S,81200,100,1283270,1273464,
000017.SZ,000017,20251209,93008030,1284791,0,0,S,81200,100,1284790,1275103,
000017.SZ,000017,20251209,93008030,1284795,0,0,S,81200,100,1284794,1276982,
000017.SZ,000017,20251209,93008050,1285549,0,0,S,81100,3000,1285548,1013531,
000017.SZ,000017,20251209,93008260,1288896,C,0, ,0,400,154244,0,
000017.SZ,000017,20251209,93008270,1288955,C,0, ,0,2800,1007439,0,
000017.SZ,000017,20251209,93008510,1292611,0,0,B,81200,100,1284794,1292610,
000017.SZ,000017,20251209,93008510,1292612,0,0,B,81200,100,1287429,1292610,
000017.SZ,000017,20251209,93008510,1292613,0,0,B,81200,100,1287432,1292610,
000017.SZ,000017,20251209,93008510,1292614,0,0,B,81200,300,1287435,1292610,
000017.SZ,000017,20251209,93008510,1292615,0,0,B,81200,700,1289131,1292610,
000017.SZ,000017,20251209,93008540,1292933,C,0, ,0,2400,0,572807,
000017.SZ,000017,20251209,93008680,1294970,0,0,B,81200,400,1289131,1294969,
000017.SZ,000017,20251209,93008680,1294971,0,0,B,81200,1600,1292605,1294969,
000017.SZ,000017,20251209,93008680,1294972,0,0,B,81300,700,1283736,1294969,
000017.SZ,000017,20251209,93009040,1301051,0,0,B,81200,100,1295673,1301050,
000017.SZ,000017,20251209,93009040,1301052,0,0,B,81200,100,1295675,1301050,
000017.SZ,000017,20251209,93009040,1301053,0,0,B,81200,800,1298712,1301050,
000017.SZ,000017,20251209,93009190,1303225,0,0,B,81200,100,1298712,1303224,
000017.SZ,000017,20251209,93009190,1303226,0,0,B,81300,300,1283736,1303224,
000017.SZ,000017,20251209,93009190,1303228,0,0,B,81300,200,1283736,1303227,
000017.SZ,000017,20251209,93009190,1303232,C,0, ,0,500,1083353,0,
000017.SZ,000017,20251209,93009440,1308230,0,0,S,81200,100,1308229,1303600,
000017.SZ,000017,20251209,93009480,1309384,0,0,S,81200,100,1309383,1303600,
000017.SZ,000017,20251209,93009480,1309385,0,0,S,81200,400,1309383,1304665,
000017.SZ,000017,20251209,93009600,1313931,0,0,S,81200,500,1313930,1304665,
000017.SZ,000017,20251209,93009620,1314407,0,0,S,81200,100,1314406,1304741,
000017.SZ,000017,20251209,93009700,1316174,0,0,S,81200,700,1316173,1304741,
000017.SZ,000017,20251209,93009700,1316175,0,0,S,81200,1100,1316173,1304747,
000017.SZ,000017,20251209,93009790,1317435,0,0,S,81200,1300,1317434,1304747,
000017.SZ,000017,20251209,93009820,1317731,0,0,S,81200,2600,1317730,1304747,
000017.SZ,000017,20251209,93009820,1317732,0,0,S,81200,400,1317730,1304764,
000017.SZ,000017,20251209,93009820,1317733,0,0,S,81200,600,1317730,1304770,
000017.SZ,000017,20251209,93009820,1317734,0,0,S,81200,600,1317730,1305152,
000017.SZ,000017,20251209,93009820,1317735,0,0,S,81200,4200,1317730,1305234,
000017.SZ,000017,20251209,93009820,1317736,0,0,S,81200,200,1317730,1308184,
000017.SZ,000017,20251209,93009820,1317737,0,0,S,81200,1200,1317730,1308198,
000017.SZ,000017,20251209,93009820,1317738,0,0,S,81200,2300,1317730,1308731,
000017.SZ,000017,20251209,93009820,1317739,0,0,S,81200,700,1317730,1310388,
000017.SZ,000017,20251209,93009820,1317740,0,0,S,81200,3100,1317730,1310493,
000017.SZ,000017,20251209,93009860,1318992,0,0,S,81200,600,1318991,1310493,
000017.SZ,000017,20251209,93010220,1324885,0,0,S,81200,400,1324884,1310493,
000017.SZ,000017,20251209,93010350,1328162,C,0, ,0,300,0,513618,
000017.SZ,000017,20251209,93010390,1329139,0,0,S,81200,100,1329138,1310885,
000017.SZ,000017,20251209,93010600,1332786,C,0, ,0,5000,775455,0,
000017.SZ,000017,20251209,93010690,1334989,C,0, ,0,700,1315659,0,
000017.SZ,000017,20251209,93010710,1335425,0,0,S,81200,900,1335424,1310885,
000017.SZ,000017,20251209,93010710,1335426,0,0,S,81200,700,1335424,1311266,
000017.SZ,000017,20251209,93011010,1338921,0,0,S,81200,400,1338920,1311266,
000017.SZ,000017,20251209,93011010,1338945,C,0, ,0,6700,1254645,0,
000017.SZ,000017,20251209,93011140,1340527,0,0,S,81200,1400,1340526,1311266,
000017.SZ,000017,20251209,93011170,1340861,0,0,B,81300,700,1283736,1340860,
000017.SZ,000017,20251209,93011170,1340862,0,0,B,81300,400,1306994,1340860,
000017.SZ,000017,20251209,93011170,1340863,0,0,B,81400,200,831925,1340860,
000017.SZ,000017,20251209,93011220,1341440,0,0,S,81200,100,1341439,1311266,
000017.SZ,000017,20251209,93011220,1341441,0,0,S,81200,900,1341439,1312407,
000017.SZ,000017,20251209,93011300,1342395,0,0,S,81200,100,1342394,1312407,
000017.SZ,000017,20251209,93011300,1342396,0,0,S,81100,500,1342394,1013531,
000017.SZ,000017,20251209,93011300,1342397,0,0,S,81100,2300,1342394,1028211,
000017.SZ,000017,20251209,93011480,1344135,0,0,S,81100,100,1344134,1028211,
000017.SZ,000017,20251209,93011930,1348939,0,0,S,81300,400,1348938,1346120,
000017.SZ,000017,20251209,93011930,1348940,0,0,S,81300,2000,1348938,1347955,
000017.SZ,000017,20251209,93011930,1348941,0,0,S,81200,1800,1348938,1344209,
000017.SZ,000017,20251209,93011930,1348942,0,0,S,81200,2000,1348938,1348291,
000017.SZ,000017,20251209,93011930,1348943,0,0,S,81100,3000,1348938,1028211,
000017.SZ,000017,20251209,93011930,1348944,0,0,S,81100,1000,1348938,1099064,
000017.SZ,000017,20251209,93011930,1348945,0,0,S,81100,1400,1348938,1109130,
000017.SZ,000017,20251209,93011930,1348946,0,0,S,81100,1300,1348938,1114187,
000017.SZ,000017,20251209,93011930,1348947,0,0,S,81100,500,1348938,1120604,
000017.SZ,000017,20251209,93011930,1348948,0,0,S,81100,2900,1348938,1164570,
000017.SZ,000017,20251209,93011930,1348949,0,0,S,81100,500,1348938,1187555,
000017.SZ,000017,20251209,93011930,1348950,0,0,S,81100,500,1348938,1189651,
000017.SZ,000017,20251209,93011930,1348951,0,0,S,81100,200,1348938,1190206,
000017.SZ,000017,20251209,93011930,1348952,0,0,S,81100,700,1348938,1192201,
000017.SZ,000017,20251209,93011930,1348953,0,0,S,81100,8800,1348938,1193473,
000017.SZ,000017,20251209,93011930,1348954,0,0,S,81100,500,1348938,1196489,
000017.SZ,000017,20251209,93011930,1348955,0,0,S,81100,800,1348938,1200342,
000017.SZ,000017,20251209,93011930,1348956,0,0,S,81100,2300,1348938,1207975,
000017.SZ,000017,20251209,93011930,1348957,0,0,S,81100,1600,1348938,1250747,
000017.SZ,000017,20251209,93012230,1352321,C,0, ,0,100,839035,0,
000017.SZ,000017,20251209,93012230,1352333,C,0, ,0,100,831100,0,
000017.SZ,000017,20251209,93012230,1352382,C,0, ,0,100,887821,0,
000017.SZ,000017,20251209,93012270,1353243,C,0, ,0,300,839881,0,
000017.SZ,000017,20251209,93012270,1353249,C,0, ,0,200,840391,0,
000017.SZ,000017,20251209,93012300,1354102,C,0, ,0,1100,843796,0,
000017.SZ,000017,20251209,93012430,1356019,C,0, ,0,200,1058799,0,
000017.SZ,000017,20251209,93012520,1357792,0,0,S,81100,1800,1357791,1250747,
000017.SZ,000017,20251209,93012520,1357793,0,0,S,81100,700,1357791,1250953,
000017.SZ,000017,20251209,93012620,1360895,0,0,B,81200,300,1352265,1360894,
000017.SZ,000017,20251209,93012620,1360896,0,0,B,81200,1300,1357103,1360894,
000017.SZ,000017,20251209,93012870,1364704,C,0, ,0,1300,1085620,0,
000017.SZ,000017,20251209,93012890,1364856,C,0, ,0,7100,1025090,0,
000017.SZ,000017,20251209,93013260,1370131,0,0,S,81100,100,1370130,1250953,
000017.SZ,000017,20251209,93013260,1370132,0,0,S,81100,800,1370130,1266354,
000017.SZ,000017,20251209,93013460,1374313,C,0, ,0,1200,0,572871,
000017.SZ,000017,20251209,93013790,1380432,0,0,B,81200,500,1357103,1380431,
000017.SZ,000017,20251209,93013890,1381599,C,0, ,0,1400,924477,0,
000017.SZ,000017,20251209,93013940,1382082,0,0,S,81100,1000,1382081,1266354,
000017.SZ,000017,20251209,93014020,1383056,0,0,B,81200,500,1357103,1383055,
000017.SZ,000017,20251209,93014190,1385255,0,0,S,81100,200,1385254,1266354,
000017.SZ,000017,20251209,93014300,1386370,0,0,S,81100,200,1386369,1266354,
000017.SZ,000017,20251209,93014560,1389549,0,0,B,81300,400,1352263,1389548,
000017.SZ,000017,20251209,93014630,1390325,C,0, ,0,200,0,505828,
000017.SZ,000017,20251209,93014670,1390760,0,0,S,81100,12000,1390759,1266354,
000017.SZ,000017,20251209,93014710,1391262,0,0,S,81100,700,1391261,1266354,
000017.SZ,000017,20251209,93014770,1391838,0,0,S,81100,200,1391837,1266354,
000017.SZ,000017,20251209,93014810,1392285,0,0,S,81100,1600,1392284,1266354,
000017.SZ,000017,20251209,93014880,1393051,0,0,S,81100,100,1393050,1266354,
000017.SZ,000017,20251209,93014880,1393052,0,0,S,81100,800,1393050,1378682,
000017.SZ,000017,20251209,93014880,1393053,0,0,S,81100,700,1393050,1379271,
000017.SZ,000017,20251209,93014880,1393054,0,0,S,81100,300,1393050,1381709,
000017.SZ,000017,20251209,93014880,1393061,0,0,S,81100,700,1393060,1381709,
000017.SZ,000017,20251209,93015150,1396178,0,0,S,81200,200,1396177,1395239,
000017.SZ,000017,20251209,93015150,1396179,0,0,S,81100,200,1396177,1381709,
000017.SZ,000017,20251209,93015150,1396207,0,0,B,81200,200,1396201,1396206,
000017.SZ,000017,20251209,93015160,1396297,0,0,S,81200,200,1396296,1396206,
000017.SZ,000017,20251209,93015160,1396300,0,0,S,81200,100,1396299,1396206,
000017.SZ,000017,20251209,93015160,1396397,0,0,S,81200,200,1396396,1396206,
000017.SZ,000017,20251209,93015170,1396504,0,0,S,81200,2000,1396503,1396206,
000017.SZ,000017,20251209,93015180,1396678,0,0,S,81200,400,1396677,1396206,
000017.SZ,000017,20251209,93015180,1396679,0,0,S,81200,300,1396677,1396258,
000017.SZ,000017,20251209,93015180,1396680,0,0,S,81200,400,1396677,1396594,
000017.SZ,000017,20251209,93015190,1397029,0,0,S,81200,600,1397028,1396594,
000017.SZ,000017,20251209,93015190,1397030,0,0,S,81200,100,1397028,1396970,
000017.SZ,000017,20251209,93015190,1397596,0,0,B,81200,200,1397028,1397595,
000017.SZ,000017,20251209,93015220,1398292,0,0,S,81200,1100,1398291,1397595,
000017.SZ,000017,20251209,93015220,1398293,0,0,S,81200,100,1398291,1397884,
000017.SZ,000017,20251209,93015230,1398434,0,0,S,81200,100,1398433,1397884,
000017.SZ,000017,20251209,93015230,1398435,0,0,S,81100,1100,1398433,1381709,
000017.SZ,000017,20251209,93015250,1399283,0,0,S,81200,200,1399282,1398679,
000017.SZ,000017,20251209,93015290,1400654,0,0,B,81300,500,1352263,1400653,
000017.SZ,000017,20251209,93015290,1400655,0,0,B,81300,1200,1352422,1400653,
000017.SZ,000017,20251209,93015290,1400656,0,0,B,81300,700,1357172,1400653,
000017.SZ,000017,20251209,93015300,1400808,C,0, ,0,17400,1364807,0,
000017.SZ,000017,20251209,93015300,1400908,0,0,B,81300,100,1362661,1400907,
000017.SZ,000017,20251209,93015300,1400909,0,0,B,81300,100,1385362,1400907,
000017.SZ,000017,20251209,93015300,1400910,0,0,B,81300,800,1393222,1400907,
000017.SZ,000017,20251209,93015320,1401323,0,0,B,81300,600,1393222,1401322,
000017.SZ,000017,20251209,93015320,1401324,0,0,B,81300,1900,1393318,1401322,
000017.SZ,000017,20251209,93015350,1402598,0,0,B,81300,1500,1393318,1402597,
000017.SZ,000017,20251209,93015360,1402685,C,0, ,0,500,1353465,0,
000017.SZ,000017,20251209,93015360,1402743,0,0,B,81300,3700,1393318,1402742,
000017.SZ,000017,20251209,93015360,1402744,0,0,B,81300,100,1396180,1402742,
000017.SZ,000017,20251209,93015360,1402745,0,0,B,81300,100,1396185,1402742,
000017.SZ,000017,20251209,93015360,1402746,0,0,B,81300,100,1396262,1402742,
000017.SZ,000017,20251209,93015470,1405679,0,0,S,81200,200,1405678,1398679,
000017.SZ,000017,20251209,93015490,1405993,C,0, ,0,100,1005166,0,
000017.SZ,000017,20251209,93015490,1406004,C,0, ,0,100,1003970,0,
000017.SZ,000017,20251209,93015490,1406021,C,0, ,0,100,1003995,0,
000017.SZ,000017,20251209,93015510,1406319,0,0,S,81200,100,1406318,1398679,
000017.SZ,000017,20251209,93015510,1406320,0,0,S,81200,100,1406318,1403148,
000017.SZ,000017,20251209,93015590,1407330,0,0,S,81200,300,1407329,1403148,
000017.SZ,000017,20251209,93015660,1408530,0,0,S,81200,100,1408529,1403148,
000017.SZ,000017,20251209,93015890,1415297,0,0,S,81200,100,1415296,1413375,
000017.SZ,000017,20251209,93015890,1415298,0,0,S,81100,6200,1415296,1381709,
000017.SZ,000017,20251209,93016210,1420693,0,0,S,81100,300,1420692,1381709,
000017.SZ,000017,20251209,93016800,1434146,0,0,S,81200,100,1434145,1432281,
000017.SZ,000017,20251209,93016800,1434147,0,0,S,81200,400,1434145,1433163,
000017.SZ,000017,20251209,93017220,1438930,0,0,B,81300,500,1400904,1438929,
000017.SZ,000017,20251209,93017350,1440658,0,0,S,81200,400,1440657,1433163,
000017.SZ,000017,20251209,93017350,1440659,0,0,S,81200,300,1440657,1436838,
000017.SZ,000017,20251209,93017430,1441681,C,0, ,0,1100,1253964,0,
000017.SZ,000017,20251209,93017510,1442561,0,0,S,81200,300,1442560,1436838,
000017.SZ,000017,20251209,93017700,1444450,0,0,S,81200,100,1444449,1436838,
000017.SZ,000017,20251209,93018150,1449209,0,0,S,81100,900,1449208,1381709,
000017.SZ,000017,20251209,93018270,1451076,0,0,S,81100,200,1451075,1381709,
000017.SZ,000017,20251209,93018510,1455713,C,0, ,0,700,425922,0,
000017.SZ,000017,20251209,93018710,1461011,C,0, ,0,100,943055,0,
000017.SZ,000017,20251209,93019200,1468778,C,0, ,0,3200,1416700,0,
000017.SZ,000017,20251209,93019200,1468779,C,0, ,0,15900,1400904,0,
000017.SZ,000017,20251209,93019220,1469151,0,0,S,81000,400,1469150,26954,
000017.SZ,000017,20251209,93019360,1471840,0,0,B,81100,100,1451075,1471839,
000017.SZ,000017,20251209,93019420,1473451,C,0, ,0,200,863361,0,
000017.SZ,000017,20251209,93019420,1473453,C,0, ,0,500,863267,0,
000017.SZ,000017,20251209,93019420,1473456,C,0, ,0,2900,863254,0,
000017.SZ,000017,20251209,93019420,1473457,C,0, ,0,200,863390,0,
000017.SZ,000017,20251209,93019420,1473458,C,0, ,0,2900,863230,0,
000017.SZ,000017,20251209,93019420,1473463,C,0, ,0,200,863243,0,
000017.SZ,000017,20251209,93019420,1473467,C,0, ,0,100,863945,0,
000017.SZ,000017,20251209,93019420,1473562,C,0, ,0,400,863370,0,
000017.SZ,000017,20251209,93019490,1474685,0,0,S,81000,500,1474684,58790,
000017.SZ,000017,20251209,93019490,1474706,0,0,S,81000,300,1474705,58790,
000017.SZ,000017,20251209,93019490,1474776,0,0,S,81000,600,1474775,58790,
000017.SZ,000017,20251209,93019630,1477065,C,0, ,0,200,908066,0,
000017.SZ,000017,20251209,93019750,1479151,0,0,B,81100,500,1451075,1479150,
000017.SZ,000017,20251209,93019830,1480006,0,0,B,81100,300,1451075,1480005,
000017.SZ,000017,20251209,93019830,1480007,0,0,B,81100,500,1467719,1480005,
000017.SZ,000017,20251209,93019880,1480479,0,0,B,81100,800,1467719,1480478,
000017.SZ,000017,20251209,93020030,1482613,0,0,S,81100,100,1482612,1480478,
000017.SZ,000017,20251209,93020060,1482938,0,0,S,81100,1100,1482937,1480478,
000017.SZ,000017,20251209,93020090,1483251,0,0,B,81200,100,1444449,1483250,
000017.SZ,000017,20251209,93020110,1483528,0,0,S,81100,7200,1483527,1480478,
000017.SZ,000017,20251209,93020110,1483529,0,0,S,81000,2900,1483527,58790,
000017.SZ,000017,20251209,93020110,1483530,0,0,S,81000,1000,1483527,97247,
000017.SZ,000017,20251209,93020110,1483531,0,0,S,81000,300,1483527,102669,
000017.SZ,000017,20251209,93020110,1483532,0,0,S,81000,2000,1483527,218309,
000017.SZ,000017,20251209,93020110,1483533,0,0,S,81000,200,1483527,455653,
000017.SZ,000017,20251209,93020110,1483534,0,0,S,81000,1000,1483527,466171,
000017.SZ,000017,20251209,93020110,1483535,0,0,S,81000,200,1483527,482160,
000017.SZ,000017,20251209,93020110,1483536,0,0,S,81000,2000,1483527,493364,
000017.SZ,000017,20251209,93020110,1483537,0,0,S,81000,1100,1483527,507963,
000017.SZ,000017,20251209,93020110,1483538,0,0,S,81000,2000,1483527,528113,
000017.SZ,000017,20251209,93020110,1483539,0,0,S,81000,200,1483527,537848,
000017.SZ,000017,20251209,93020110,1483540,0,0,S,81000,1100,1483527,538088,
000017.SZ,000017,20251209,93020110,1483541,0,0,S,81000,1000,1483527,551896,
000017.SZ,000017,20251209,93020110,1483542,0,0,S,81000,2000,1483527,552571,
000017.SZ,000017,20251209,93020110,1483543,0,0,S,81000,500,1483527,556922,
000017.SZ,000017,20251209,93020110,1483544,0,0,S,81000,4300,1483527,559855,
000017.SZ,000017,20251209,93020110,1483545,0,0,S,81000,100,1483527,562290,
000017.SZ,000017,20251209,93020110,1483546,0,0,S,81000,1400,1483527,574561,
000017.SZ,000017,20251209,93020110,1483547,0,0,S,81000,2000,1483527,580699,
000017.SZ,000017,20251209,93020110,1483548,0,0,S,81000,2200,1483527,583268,
000017.SZ,000017,20251209,93020110,1483549,0,0,S,81000,100,1483527,589967,
000017.SZ,000017,20251209,93020110,1483550,0,0,S,81000,1400,1483527,708519,
000017.SZ,000017,20251209,93020570,1488673,0,0,S,81000,300,1488672,708519,
000017.SZ,000017,20251209,93020570,1488674,0,0,S,81000,2200,1488672,711716,
000017.SZ,000017,20251209,93021130,1494810,0,0,B,81100,2000,1484931,1494809,
000017.SZ,000017,20251209,93021240,1497642,0,0,S,81000,1200,1497641,711716,
000017.SZ,000017,20251209,93021620,1504226,C,0, ,0,1000,0,524454,
000017.SZ,000017,20251209,93022040,1511413,C,0, ,0,1400,897074,0,
000017.SZ,000017,20251209,93022040,1511464,0,0,S,81000,500,1511463,711716,
000017.SZ,000017,20251209,93022180,1513227,0,0,S,81000,600,1513226,711716,
000017.SZ,000017,20251209,93022610,1521842,0,0,S,81000,1900,1521841,711716,
000017.SZ,000017,20251209,93022610,1521843,0,0,S,81000,700,1521841,738264,
000017.SZ,000017,20251209,93022680,1523051,0,0,B,81100,1300,1484931,1523050,
000017.SZ,000017,20251209,93022970,1526508,C,0, ,0,2500,0,567120,
000017.SZ,000017,20251209,93023650,1534150,C,0, ,0,1300,0,528342,
000017.SZ,000017,20251209,93023670,1534462,0,0,S,81000,300,1534461,738264,
000017.SZ,000017,20251209,93023670,1534463,0,0,S,81000,1200,1534461,778428,
000017.SZ,000017,20251209,93024170,1541509,0,0,S,81000,500,1541508,778428,
000017.SZ,000017,20251209,93024460,1546869,0,0,S,81000,2800,1546868,778428,
000017.SZ,000017,20251209,93024840,1553455,0,0,S,81000,500,1553454,778428,
000017.SZ,000017,20251209,93024840,1553456,0,0,S,81000,1000,1553454,787140,
000017.SZ,000017,20251209,93024840,1553457,0,0,S,81000,1600,1553454,795263,
000017.SZ,000017,20251209,93024840,1553459,0,0,S,81000,200,1553458,795263,
000017.SZ,000017,20251209,93024840,1553463,0,0,S,81000,3900,1553462,795263,
000017.SZ,000017,20251209,93024840,1553465,0,0,S,81000,200,1553464,795263,
000017.SZ,000017,20251209,93024840,1553467,0,0,S,81000,400,1553466,795263,
000017.SZ,000017,20251209,93024840,1553469,0,0,S,81000,500,1553468,795263,
000017.SZ,000017,20251209,93024840,1553471,0,0,S,81000,200,1553470,795263,
000017.SZ,000017,20251209,93024840,1553473,0,0,S,81000,100,1553472,795263,
000017.SZ,000017,20251209,93025000,1555247,0,0,B,81100,900,1484931,1555246,
000017.SZ,000017,20251209,93025070,1556000,C,0, ,0,100,1148874,0,
000017.SZ,000017,20251209,93025360,1561821,0,0,B,81100,400,1484931,1561820,
000017.SZ,000017,20251209,93025390,1562344,0,0,S,81000,1200,1562343,795263,
000017.SZ,000017,20251209,93026550,1576926,0,0,S,81000,3700,1576925,795263,
000017.SZ,000017,20251209,93026930,1580553,0,0,B,81100,2800,1484931,1580552,
000017.SZ,000017,20251209,93026930,1580554,0,0,B,81100,200,1516320,1580552,
000017.SZ,000017,20251209,93026970,1581019,C,0, ,0,1100,0,720659,
000017.SZ,000017,20251209,93027080,1582237,C,0, ,0,1300,1054843,0,
000017.SZ,000017,20251209,93027130,1582961,0,0,B,81100,800,1516320,1582960,
000017.SZ,000017,20251209,93027130,1582962,0,0,B,81100,100,1516947,1582960,
000017.SZ,000017,20251209,93027130,1582963,0,0,B,81100,100,1526007,1582960,
000017.SZ,000017,20251209,93027130,1582964,0,0,B,81100,100,1535530,1582960,
000017.SZ,000017,20251209,93027450,1589466,0,0,B,81100,1100,1535530,1589465,
000017.SZ,000017,20251209,93027480,1589967,C,0, ,0,5300,831925,0,
000017.SZ,000017,20251209,93027590,1591373,0,0,B,81100,100,1535530,1591372,
000017.SZ,000017,20251209,93027650,1592553,0,0,S,81000,100,1592552,795263,
000017.SZ,000017,20251209,93027920,1596213,0,0,S,81000,100,1596212,795263,
000017.SZ,000017,20251209,93028000,1597093,0,0,B,81100,500,1535530,1597092,
000017.SZ,000017,20251209,93028030,1597628,0,0,B,81100,400,1535530,1597627,
000017.SZ,000017,20251209,93028030,1597630,0,0,B,81100,500,1535530,1597629,
000017.SZ,000017,20251209,93028100,1598463,0,0,S,81000,100,1598462,795263,
000017.SZ,000017,20251209,93028220,1600656,0,0,S,81000,400,1600655,795263,
000017.SZ,000017,20251209,93028650,1608002,0,0,B,81100,1500,1535530,1608001,
000017.SZ,000017,20251209,93028680,1608433,0,0,B,81100,1200,1535530,1608432,
000017.SZ,000017,20251209,93028890,1611432,C,0, ,0,2200,1512397,0,
000017.SZ,000017,20251209,93029260,1616560,0,0,S,81000,900,1616559,795263,
000017.SZ,000017,20251209,93029420,1618424,0,0,B,81100,1000,1535530,1618423,
000017.SZ,000017,20251209,93029520,1619559,0,0,S,81000,6900,1619558,795263,
000017.SZ,000017,20251209,93029990,1626065,0,0,S,81000,800,1626064,795263,
000017.SZ,000017,20251209,93030020,1626496,0,0,B,81100,300,1535530,1626495,
000017.SZ,000017,20251209,93030020,1626497,0,0,B,81100,1000,1537352,1626495,
000017.SZ,000017,20251209,93030060,1627013,0,0,B,81100,400,1537352,1627012,
000017.SZ,000017,20251209,93030060,1627014,0,0,B,81100,400,1548475,1627012,
000017.SZ,000017,20251209,93030060,1627015,0,0,B,81100,200,1574077,1627012,
000017.SZ,000017,20251209,93030120,1627772,0,0,S,81000,6100,1627771,795263,
000017.SZ,000017,20251209,93030150,1628140,0,0,S,81000,600,1628139,795263,
000017.SZ,000017,20251209,93030160,1628394,0,0,B,81100,100,1574077,1628393,
000017.SZ,000017,20251209,93030160,1628416,0,0,B,81100,1000,1576416,1628415,
000017.SZ,000017,20251209,93030160,1628417,0,0,B,81100,100,1577191,1628415,
000017.SZ,000017,20251209,93030330,1631423,C,0, ,0,700,467302,0,
000017.SZ,000017,20251209,93031140,1645444,0,0,B,81200,600,1444449,1645443,
000017.SZ,000017,20251209,93031180,1646018,0,0,S,81100,500,1646017,1628415,
000017.SZ,000017,20251209,93031180,1646019,0,0,S,81100,500,1646017,1628441,
000017.SZ,000017,20251209,93031210,1646575,0,0,S,81100,300,1646574,1628441,
000017.SZ,000017,20251209,93031350,1648679,C,0, ,0,200,1054135,0,
000017.SZ,000017,20251209,93031350,1648680,C,0, ,0,300,1054123,0,
000017.SZ,000017,20251209,93031350,1648681,C,0, ,0,100,1054134,0,
000017.SZ,000017,20251209,93031350,1648682,C,0, ,0,400,1054138,0,
000017.SZ,000017,20251209,93031350,1648683,C,0, ,0,700,1054133,0,
000017.SZ,000017,20251209,93031710,1654569,0,0,S,81100,300,1654568,1628441,
000017.SZ,000017,20251209,93031890,1657122,0,0,S,81100,200,1657121,1628441,
000017.SZ,000017,20251209,93032220,1660898,0,0,S,81100,500,1660897,1628441,
000017.SZ,000017,20251209,93032220,1660899,0,0,S,81100,400,1660897,1628448,
000017.SZ,000017,20251209,93032220,1660900,0,0,S,81100,1200,1660897,1628889,
000017.SZ,000017,20251209,93032220,1660901,0,0,S,81100,200,1660897,1634455,
000017.SZ,000017,20251209,93032220,1660902,0,0,S,81100,200,1660897,1636190,
000017.SZ,000017,20251209,93032770,1666582,0,0,B,81200,6200,1444449,1666581,
000017.SZ,000017,20251209,93032770,1666583,0,0,B,81200,100,1450185,1666581,
000017.SZ,000017,20251209,93032770,1666584,0,0,B,81200,100,1482755,1666581,
000017.SZ,000017,20251209,93032770,1666585,0,0,B,81200,800,1511828,1666581,
000017.SZ,000017,20251209,93032770,1666586,0,0,B,81200,300,1542795,1666581,
000017.SZ,000017,20251209,93032770,1666587,0,0,B,81200,5400,1636151,1666581,
000017.SZ,000017,20251209,93033070,1669756,C,0, ,0,9800,0,527115,
000017.SZ,000017,20251209,93033230,1671514,0,0,S,81200,1200,1671513,1666581,
000017.SZ,000017,20251209,93033280,1672112,0,0,B,81300,100,1432060,1672111,
000017.SZ,000017,20251209,93033280,1672113,0,0,B,81300,100,1599022,1672111,
000017.SZ,000017,20251209,93033330,1673429,C,0, ,0,300,0,1616662,
000017.SZ,000017,20251209,93033350,1673755,0,0,S,81300,500,1673754,1672111,
000017.SZ,000017,20251209,93033350,1673756,0,0,S,81300,100,1673754,1672123,
000017.SZ,000017,20251209,93033360,1673937,C,0, ,0,300,0,1618627,
000017.SZ,000017,20251209,93033390,1674331,0,0,B,81400,100,1046725,1674330,
000017.SZ,000017,20251209,93033400,1674504,0,0,S,81300,1000,1674503,1672123,
000017.SZ,000017,20251209,93033410,1674636,C,0, ,0,200,0,1674333,
000017.SZ,000017,20251209,93033420,1674679,0,0,B,81400,100,1046725,1674678,
000017.SZ,000017,20251209,93033440,1674909,0,0,B,81400,200,1046725,1674908,
000017.SZ,000017,20251209,93033490,1675721,0,0,S,81300,100,1675720,1672123,
000017.SZ,000017,20251209,93033490,1675722,0,0,S,81300,1200,1675720,1672124,
000017.SZ,000017,20251209,93033510,1676026,C,0, ,0,200,0,1674682,
000017.SZ,000017,20251209,93033600,1677421,0,0,B,81400,200,1046725,1677420,
000017.SZ,000017,20251209,93034150,1685859,0,0,S,81300,700,1685858,1672124,
000017.SZ,000017,20251209,93034300,1689585,0,0,S,81300,300,1689584,1672124,
000017.SZ,000017,20251209,93034350,1690335,C,0, ,0,100,0,1650784,
000017.SZ,000017,20251209,93034490,1692114,0,0,S,81300,900,1692113,1672124,
000017.SZ,000017,20251209,93034500,1692293,0,0,B,81400,800,1046725,1692292,
000017.SZ,000017,20251209,93034500,1692294,0,0,B,81400,700,1089161,1692292,
000017.SZ,000017,20251209,93034770,1697106,C,0, ,0,6900,558116,0,
000017.SZ,000017,20251209,93034940,1699527,0,0,S,81300,100,1699526,1672124,
000017.SZ,000017,20251209,93034940,1699528,0,0,S,81300,600,1699526,1672129,
000017.SZ,000017,20251209,93035600,1708261,0,0,S,81300,700,1708260,1672129,
000017.SZ,000017,20251209,93035800,1711029,C,0, ,0,300,817176,0,
000017.SZ,000017,20251209,93036150,1716255,C,0, ,0,600,0,1671724,
000017.SZ,000017,20251209,93036150,1716275,C,0, ,0,500,0,1671739,
000017.SZ,000017,20251209,93036210,1717259,C,0, ,0,1300,0,1583491,
000017.SZ,000017,20251209,93036220,1717560,0,0,B,81400,2100,1089161,1717559,
000017.SZ,000017,20251209,93036220,1717561,0,0,B,81400,100,1210829,1717559,
000017.SZ,000017,20251209,93036270,1718637,C,0, ,0,5600,0,1145786,
000017.SZ,000017,20251209,93036270,1718648,C,0, ,0,200,0,1673406,
000017.SZ,000017,20251209,93036270,1718723,C,0, ,0,2300,0,1399192,
000017.SZ,000017,20251209,93036270,1718728,C,0, ,0,9500,0,1399205,
000017.SZ,000017,20251209,93036270,1718736,C,0, ,0,2300,0,1399232,
000017.SZ,000017,20251209,93036270,1718738,C,0, ,0,5900,0,1130475,
000017.SZ,000017,20251209,93036280,1718801,C,0, ,0,1900,0,1131028,
000017.SZ,000017,20251209,93036290,1719177,C,0, ,0,200,0,1674378,
000017.SZ,000017,20251209,93036350,1720663,0,0,S,81400,1000,1720662,1717559,
000017.SZ,000017,20251209,93036730,1729587,0,0,S,81400,200,1729586,1717559,
000017.SZ,000017,20251209,93036730,1729588,0,0,S,81400,500,1729586,1717568,
000017.SZ,000017,20251209,93036730,1729589,0,0,S,81400,100,1729586,1717569,
000017.SZ,000017,20251209,93036850,1731608,0,0,S,81400,100,1731607,1717569,
000017.SZ,000017,20251209,93036890,1732226,C,0, ,0,300,0,250787,
000017.SZ,000017,20251209,93037100,1736529,C,0, ,0,100,0,1650675,
000017.SZ,000017,20251209,93037270,1740476,C,0, ,0,100,0,1690735,
000017.SZ,000017,20251209,93037750,1748939,0,0,S,81400,200,1748938,1717569,
000017.SZ,000017,20251209,93037910,1750963,C,0, ,0,100,0,1686709,
000017.SZ,000017,20251209,93038130,1753839,0,0,B,81500,4400,805849,1753838,
000017.SZ,000017,20251209,93038130,1753840,0,0,B,81500,400,862132,1753838,
000017.SZ,000017,20251209,93038130,1753841,0,0,B,81500,2800,946026,1753838,
000017.SZ,000017,20251209,93038130,1753842,0,0,B,81500,200,974243,1753838,
000017.SZ,000017,20251209,93038130,1753843,0,0,B,81500,2600,1161315,1753838,
000017.SZ,000017,20251209,93038130,1753844,0,0,B,81500,2600,1211494,1753838,
000017.SZ,000017,20251209,93038130,1753845,0,0,B,81500,1300,1297981,1753838,
000017.SZ,000017,20251209,93038280,1756258,C,0, ,0,100,0,1672137,
000017.SZ,000017,20251209,93038500,1759876,C,0, ,0,12300,0,1095466,
000017.SZ,000017,20251209,93038520,1760386,0,0,S,81500,1300,1760385,1754062,
000017.SZ,000017,20251209,93038680,1762864,C,0, ,0,1100,0,1608115,
000017.SZ,000017,20251209,93038690,1762885,C,0, ,0,1200,0,1608147,
000017.SZ,000017,20251209,93038690,1762932,C,0, ,0,2700,0,1608220,
000017.SZ,000017,20251209,93038700,1763035,C,0, ,0,1200,0,1608303,
000017.SZ,000017,20251209,93038720,1763429,C,0, ,0,1300,954185,0,
000017.SZ,000017,20251209,93038770,1764181,C,0, ,0,4300,0,1608216,
000017.SZ,000017,20251209,93039260,1772193,0,0,B,81600,600,1139012,1772192,
000017.SZ,000017,20251209,93039260,1772194,0,0,B,81600,100,1141422,1772192,
000017.SZ,000017,20251209,93039260,1772195,0,0,B,81600,200,1447786,1772192,
000017.SZ,000017,20251209,93039260,1772196,0,0,B,81600,500,1562412,1772192,
000017.SZ,000017,20251209,93039300,1773264,C,0, ,0,2200,0,1720181,
000017.SZ,000017,20251209,93039300,1773340,C,0, ,0,2200,0,1720201,
000017.SZ,000017,20251209,93039300,1773349,C,0, ,0,2200,0,1720192,
000017.SZ,000017,20251209,93039300,1773371,C,0, ,0,2200,0,1720334,
000017.SZ,000017,20251209,93039300,1773522,C,0, ,0,1900,0,1720562,
000017.SZ,000017,20251209,93039310,1773731,C,0, ,0,2200,0,1721377,
000017.SZ,000017,20251209,93039340,1774302,C,0, ,0,200,0,1720460,
000017.SZ,000017,20251209,93039340,1774405,C,0, ,0,200,0,1722231,
000017.SZ,000017,20251209,93039350,1774617,C,0, ,0,400,0,1629471,
000017.SZ,000017,20251209,93039700,1781936,C,0, ,0,200,1085890,0,
000017.SZ,000017,20251209,93040040,1786967,C,0, ,0,8000,0,853378,
000017.SZ,000017,20251209,93040050,1787035,0,0,B,81700,100,475395,1787034,
000017.SZ,000017,20251209,93040050,1787036,0,0,B,81700,1000,1105921,1787034,
000017.SZ,000017,20251209,93040090,1787616,0,0,S,81700,1000,1787615,1787034,
000017.SZ,000017,20251209,93040130,1788187,0,0,S,81700,400,1788186,1787034,
000017.SZ,000017,20251209,93040130,1788188,0,0,S,81600,600,1788186,1772192,
000017.SZ,000017,20251209,93040130,1788189,0,0,S,81600,2400,1788186,1772197,
000017.SZ,000017,20251209,93040130,1788190,0,0,S,81600,200,1788186,1774458,
000017.SZ,000017,20251209,93040130,1788191,0,0,S,81600,1400,1788186,1774779,
000017.SZ,000017,20251209,93040130,1788192,0,0,S,81600,1000,1788186,1774837,
000017.SZ,000017,20251209,93040160,1789050,C,0, ,0,100,0,1662799,
000017.SZ,000017,20251209,93040260,1790929,0,0,S,81600,100,1790928,1774837,
000017.SZ,000017,20251209,93040280,1791354,0,0,S,81600,300,1791353,1774837,
000017.SZ,000017,20251209,93040280,1791355,0,0,S,81600,100,1791353,1774872,
000017.SZ,000017,20251209,93040300,1791731,C,0, ,0,3400,0,1755427,
000017.SZ,000017,20251209,93040300,1791808,C,0, ,0,100,0,1755471,
000017.SZ,000017,20251209,93040300,1791818,C,0, ,0,7300,0,1755492,
000017.SZ,000017,20251209,93040340,1792635,C,0, ,0,100,0,1755493,
000017.SZ,000017,20251209,93040340,1792642,C,0, ,0,3700,0,1755498,
000017.SZ,000017,20251209,93040660,1798861,C,0, ,0,200,0,1076590,
000017.SZ,000017,20251209,93040760,1800538,C,0, ,0,900,0,1771730,
000017.SZ,000017,20251209,93040770,1800692,C,0, ,0,1300,0,1754634,
000017.SZ,000017,20251209,93040770,1800697,C,0, ,0,100,0,1754641,
000017.SZ,000017,20251209,93040790,1800971,0,0,B,81800,1000,10025,1800970,
000017.SZ,000017,20251209,93040790,1800972,0,0,B,81800,100,728126,1800970,
000017.SZ,000017,20251209,93040790,1800974,0,0,B,81800,400,728126,1800973,
000017.SZ,000017,20251209,93040790,1800976,0,0,B,81800,600,728126,1800975,
000017.SZ,000017,20251209,93040790,1800978,0,0,B,81800,100,728126,1800977,
000017.SZ,000017,20251209,93040790,1800979,0,0,B,81800,700,783690,1800977,
000017.SZ,000017,20251209,93040790,1800982,0,0,B,81800,300,783690,1800981,
000017.SZ,000017,20251209,93040790,1800984,0,0,B,81800,600,783690,1800983,
000017.SZ,000017,20251209,93040790,1800986,0,0,B,81800,300,783690,1800985,
000017.SZ,000017,20251209,93040790,1800989,0,0,B,81800,1200,783690,1800988,
000017.SZ,000017,20251209,93040790,1800991,0,0,B,81800,300,783690,1800990,
000017.SZ,000017,20251209,93040790,1800993,0,0,B,81800,500,783690,1800992,
000017.SZ,000017,20251209,93040790,1800997,0,0,B,81800,200,783690,1800996,
000017.SZ,000017,20251209,93040790,1800999,0,0,B,81800,300,783690,1800998,
000017.SZ,000017,20251209,93040790,1801001,0,0,B,81800,300,783690,1801000,
000017.SZ,000017,20251209,93040800,1801056,0,0,B,81800,300,783690,1801055,
000017.SZ,000017,20251209,93040800,1801057,0,0,B,81800,1000,947193,1801055,
000017.SZ,000017,20251209,93040960,1803287,C,0, ,0,2500,0,1679839,
000017.SZ,000017,20251209,93041110,1805991,C,0, ,0,1500,0,1755664,
000017.SZ,000017,20251209,93041110,1805999,C,0, ,0,1000,0,1755665,
000017.SZ,000017,20251209,93041110,1806007,C,0, ,0,1000,0,1755688,
000017.SZ,000017,20251209,93041110,1806009,C,0, ,0,1500,0,1755685,
000017.SZ,000017,20251209,93041110,1806071,C,0, ,0,800,0,1755785,
000017.SZ,000017,20251209,93041210,1807738,C,0, ,0,1000,0,1668548,
000017.SZ,000017,20251209,93041320,1809632,0,0,B,82000,900,775888,1809631,
000017.SZ,000017,20251209,93041320,1809634,0,0,B,82000,600,775888,1809633,
000017.SZ,000017,20251209,93041320,1809636,0,0,B,82000,1200,775888,1809635,
000017.SZ,000017,20251209,93041320,1809638,0,0,B,82000,1000,775888,1809637,
000017.SZ,000017,20251209,93041320,1809647,0,0,B,82000,300,775888,1809646,
000017.SZ,000017,20251209,93041320,1809649,0,0,B,82000,1000,775888,1809648,
000017.SZ,000017,20251209,93041320,1809651,0,0,B,82000,300,775888,1809650,
000017.SZ,000017,20251209,93041320,1809653,0,0,B,82000,500,775888,1809652,
000017.SZ,000017,20251209,93041320,1809655,0,0,B,82000,700,836736,1809654,
000017.SZ,000017,20251209,93041320,1809657,0,0,B,82000,1000,836736,1809656,
000017.SZ,000017,20251209,93041320,1809659,0,0,B,82000,3300,836736,1809658,
000017.SZ,000017,20251209,93041320,1809660,0,0,B,82000,200,1188661,1809658,
000017.SZ,000017,20251209,93041320,1809661,0,0,B,82000,800,1230794,1809658,
000017.SZ,000017,20251209,93041320,1809663,0,0,B,82000,600,1230794,1809662,
000017.SZ,000017,20251209,93041410,1810977,0,0,S,82000,300,1810976,1809662,
000017.SZ,000017,20251209,93041410,1810978,0,0,S,82000,300,1810976,1809664,
000017.SZ,000017,20251209,93041430,1811294,0,0,S,82000,600,1811293,1809664,
000017.SZ,000017,20251209,93041450,1811591,C,0, ,0,200,0,1760762,
000017.SZ,000017,20251209,93041480,1812311,0,0,S,82000,100,1812310,1809689,
000017.SZ,000017,20251209,93041520,1812984,0,0,S,82000,500,1812983,1809689,
000017.SZ,000017,20251209,93041650,1814918,C,0, ,0,100,0,1742259,
000017.SZ,000017,20251209,93041710,1816033,0,0,B,82100,400,470055,1816032,
000017.SZ,000017,20251209,93041710,1816034,0,0,B,82100,300,819281,1816032,
000017.SZ,000017,20251209,93041710,1816038,0,0,B,82100,500,819281,1816037,
000017.SZ,000017,20251209,93041710,1816044,0,0,B,82100,500,926905,1816043,
000017.SZ,000017,20251209,93041710,1816046,0,0,B,82100,500,926905,1816045,
000017.SZ,000017,20251209,93041710,1816048,0,0,B,82100,400,926905,1816047,
000017.SZ,000017,20251209,93041710,1816050,0,0,B,82100,1500,926905,1816049,
000017.SZ,000017,20251209,93041710,1816051,0,0,B,82100,100,964656,1816049,
000017.SZ,000017,20251209,93041710,1816052,0,0,B,82100,500,1106020,1816049,
000017.SZ,000017,20251209,93041720,1816140,C,0, ,0,800,0,1775828,
000017.SZ,000017,20251209,93041720,1816143,C,0, ,0,1100,0,1792514,
000017.SZ,000017,20251209,93041720,1816151,C,0, ,0,1100,0,1793338,
000017.SZ,000017,20251209,93041720,1816157,C,0, ,0,1100,0,1793714,
000017.SZ,000017,20251209,93041720,1816170,C,0, ,0,100,0,1794048,
000017.SZ,000017,20251209,93041730,1816304,C,0, ,0,1100,0,1793428,
000017.SZ,000017,20251209,93041730,1816305,C,0, ,0,1100,0,1793787,
000017.SZ,000017,20251209,93041730,1816316,C,0, ,0,1100,0,1792657,
000017.SZ,000017,20251209,93041730,1816319,C,0, ,0,700,0,1795550,
000017.SZ,000017,20251209,93041730,1816320,C,0, ,0,800,0,1775911,
000017.SZ,000017,20251209,93041730,1816322,C,0, ,0,1100,0,1794119,
000017.SZ,000017,20251209,93041730,1816324,C,0, ,0,1100,0,1794842,
000017.SZ,000017,20251209,93041730,1816325,C,0, ,0,1100,0,1795491,
000017.SZ,000017,20251209,93041730,1816326,C,0, ,0,1300,0,1774872,
000017.SZ,000017,20251209,93041730,1816327,C,0, ,0,800,0,1775913,
000017.SZ,000017,20251209,93041730,1816328,C,0, ,0,100,0,1792598,
000017.SZ,000017,20251209,93041730,1816347,C,0, ,0,1400,0,1774874,
000017.SZ,000017,20251209,93041730,1816359,C,0, ,0,1400,0,1774873,
000017.SZ,000017,20251209,93041730,1816361,C,0, ,0,800,0,1775925,
000017.SZ,000017,20251209,93041730,1816362,C,0, ,0,1100,0,1793803,
000017.SZ,000017,20251209,93041730,1816363,C,0, ,0,1100,0,1794121,
000017.SZ,000017,20251209,93041730,1816365,C,0, ,0,400,0,1794854,
000017.SZ,000017,20251209,93041730,1816382,C,0, ,0,1400,0,1775002,
000017.SZ,000017,20251209,93041730,1816385,C,0, ,0,500,0,1776079,
000017.SZ,000017,20251209,93041730,1816396,C,0, ,0,1100,0,1793598,
000017.SZ,000017,20251209,93041740,1816503,C,0, ,0,800,0,1777005,
000017.SZ,000017,20251209,93041750,1816711,C,0, ,0,100,0,1796770,
000017.SZ,000017,20251209,93041780,1817225,C,0, ,0,1500,0,1754633,
000017.SZ,000017,20251209,93041880,1818915,0,0,S,82100,400,1818914,1816049,
000017.SZ,000017,20251209,93041880,1818987,0,0,S,82100,500,1818986,1816049,
000017.SZ,000017,20251209,93041880,1818988,0,0,S,82100,400,1818986,1816053,
000017.SZ,000017,20251209,93041880,1818989,0,0,S,82100,400,1818986,1816054,
000017.SZ,000017,20251209,93041880,1818990,0,0,S,82100,500,1818986,1816055,
000017.SZ,000017,20251209,93041880,1818991,0,0,S,82100,600,1818986,1816067,
000017.SZ,000017,20251209,93041880,1818992,0,0,S,82100,500,1818986,1816068,
000017.SZ,000017,20251209,93041880,1818993,0,0,S,82100,300,1818986,1816092,
000017.SZ,000017,20251209,93041880,1818994,0,0,S,82100,200,1818986,1816094,
000017.SZ,000017,20251209,93041890,1819112,0,0,S,82100,300,1819111,1816094,
000017.SZ,000017,20251209,93041890,1819113,0,0,S,82100,300,1819111,1816095,
000017.SZ,000017,20251209,93041890,1819114,0,0,S,82100,100,1819111,1816096,
000017.SZ,000017,20251209,93041950,1819949,C,0, ,0,2200,0,1755468,
000017.SZ,000017,20251209,93042010,1821118,C,0, ,0,300,0,1769794,
000017.SZ,000017,20251209,93042040,1821657,0,0,B,82200,600,795408,1821656,
000017.SZ,000017,20251209,93042040,1821659,0,0,B,82200,400,795408,1821658,
000017.SZ,000017,20251209,93042040,1821660,0,0,B,82200,100,805028,1821658,
000017.SZ,000017,20251209,93042040,1821662,0,0,B,82200,500,805028,1821661,
000017.SZ,000017,20251209,93042040,1821664,0,0,B,82200,300,805028,1821663,
000017.SZ,000017,20251209,93042040,1821665,0,0,B,82200,2200,1094266,1821663,
000017.SZ,000017,20251209,93042050,1821726,0,0,B,82200,300,1094266,1821725,
000017.SZ,000017,20251209,93042050,1821728,0,0,B,82200,500,1094266,1821727,
000017.SZ,000017,20251209,93042050,1821731,0,0,B,82200,1000,1094266,1821730,
000017.SZ,000017,20251209,93042050,1821733,0,0,B,82200,400,1094266,1821732,
000017.SZ,000017,20251209,93042050,1821736,0,0,B,82200,500,1094266,1821735,
000017.SZ,000017,20251209,93042050,1821738,0,0,B,82200,500,1094266,1821737,
000017.SZ,000017,20251209,93042050,1821740,0,0,B,82200,300,1094266,1821739,
000017.SZ,000017,20251209,93042050,1821742,0,0,B,82200,1500,1094266,1821741,
000017.SZ,000017,20251209,93042050,1821744,0,0,B,82200,300,1094266,1821743,
000017.SZ,000017,20251209,93042050,1821746,0,0,B,82200,700,1094266,1821745,
000017.SZ,000017,20251209,93042050,1821748,0,0,B,82200,400,1094266,1821747,
000017.SZ,000017,20251209,93042050,1821750,0,0,B,82200,400,1094266,1821749,
000017.SZ,000017,20251209,93042050,1821875,0,0,B,82200,300,1094266,1821874,
000017.SZ,000017,20251209,93042050,1821880,0,0,B,82200,400,1094266,1821879,
000017.SZ,000017,20251209,93042050,1821883,0,0,B,82200,300,1094266,1821882,
000017.SZ,000017,20251209,93042240,1825523,0,0,S,82200,100,1825522,1821882,
000017.SZ,000017,20251209,93042240,1825525,0,0,B,82300,1500,800683,1825524,
000017.SZ,000017,20251209,93042240,1825526,0,0,B,82300,900,929141,1825524,
000017.SZ,000017,20251209,93042240,1825527,0,0,B,82300,400,1069567,1825524,
000017.SZ,000017,20251209,93042240,1825528,0,0,B,82300,600,1078498,1825524,
000017.SZ,000017,20251209,93042240,1825529,0,0,B,82300,1000,1194410,1825524,
000017.SZ,000017,20251209,93042240,1825530,0,0,B,82300,1000,1301369,1825524,
000017.SZ,000017,20251209,93042240,1825531,0,0,B,82400,2000,14988,1825524,
000017.SZ,000017,20251209,93042240,1825532,0,0,B,82400,200,64722,1825524,
000017.SZ,000017,20251209,93042240,1825555,0,0,B,82400,4500,64722,1825554,
000017.SZ,000017,20251209,93042240,1825556,0,0,B,82400,400,111587,1825554,
000017.SZ,000017,20251209,93042240,1825557,0,0,B,82400,100,154452,1825554,
000017.SZ,000017,20251209,93042240,1825558,0,0,B,82400,100,188865,1825554,
000017.SZ,000017,20251209,93042240,1825559,0,0,B,82400,200,302259,1825554,
000017.SZ,000017,20251209,93042240,1825560,0,0,B,82400,300,330003,1825554,
000017.SZ,000017,20251209,93042240,1825561,0,0,B,82400,800,344049,1825554,
000017.SZ,000017,20251209,93042240,1825562,0,0,B,82400,200,350819,1825554,
000017.SZ,000017,20251209,93042240,1825563,0,0,B,82400,2000,369071,1825554,
000017.SZ,000017,20251209,93042240,1825564,0,0,B,82400,1000,384026,1825554,
000017.SZ,000017,20251209,93042240,1825565,0,0,B,82400,4200,391219,1825554,
000017.SZ,000017,20251209,93042240,1825569,C,0, ,0,100,0,1717679,
000017.SZ,000017,20251209,93042250,1825613,0,0,S,82300,100,1825612,1825546,
000017.SZ,000017,20251209,93042250,1825614,0,0,S,82300,300,1825612,1825547,
000017.SZ,000017,20251209,93042250,1825615,0,0,S,82300,300,1825612,1825548,
000017.SZ,000017,20251209,93042250,1825616,0,0,S,82300,300,1825612,1825549,
000017.SZ,000017,20251209,93042250,1825617,0,0,S,82300,300,1825612,1825550,
000017.SZ,000017,20251209,93042250,1825618,0,0,S,82300,300,1825612,1825552,
000017.SZ,000017,20251209,93042250,1825619,0,0,S,82200,100,1825612,1821882,
000017.SZ,000017,20251209,93042250,1825620,0,0,S,82200,500,1825612,1821884,
000017.SZ,000017,20251209,93042250,1825621,0,0,S,82200,1000,1825612,1821885,
000017.SZ,000017,20251209,93042250,1825622,0,0,S,82200,500,1825612,1821886,
000017.SZ,000017,20251209,93042250,1825623,0,0,S,82200,300,1825612,1821887,
000017.SZ,000017,20251209,93042250,1825624,0,0,S,82200,700,1825612,1821893,
000017.SZ,000017,20251209,93042250,1825625,0,0,S,82200,400,1825612,1821896,
000017.SZ,000017,20251209,93042250,1825626,0,0,S,82200,400,1825612,1821897,
000017.SZ,000017,20251209,93042250,1825627,0,0,S,82200,300,1825612,1821900,
000017.SZ,000017,20251209,93042250,1825632,C,0, ,0,100,0,1684702,
000017.SZ,000017,20251209,93042250,1825636,C,0, ,0,100,0,1789141,
000017.SZ,000017,20251209,93042250,1825844,0,0,B,82400,3400,391219,1825843,
000017.SZ,000017,20251209,93042260,1826032,0,0,B,82400,3100,391219,1826031,
000017.SZ,000017,20251209,93042270,1826557,0,0,B,82400,6600,391219,1826556,
000017.SZ,000017,20251209,93042290,1827037,C,0, ,0,1200,0,1800842,
000017.SZ,000017,20251209,93042290,1827038,C,0, ,0,200,0,1800841,
000017.SZ,000017,20251209,93042310,1827449,0,0,B,82400,2200,391219,1827448,
000017.SZ,000017,20251209,93042310,1827453,0,0,B,82400,500,391219,1827452,
000017.SZ,000017,20251209,93042310,1827457,0,0,B,82400,100,412168,1827456,
000017.SZ,000017,20251209,93042310,1827458,0,0,B,82400,800,453012,1827456,
000017.SZ,000017,20251209,93042310,1827460,0,0,B,82400,800,453012,1827459,
000017.SZ,000017,20251209,93042320,1827633,0,0,B,82400,1100,453012,1827632,
000017.SZ,000017,20251209,93042320,1827634,0,0,B,82400,200,574586,1827632,
000017.SZ,000017,20251209,93042320,1827636,0,0,B,82400,500,574586,1827635,
000017.SZ,000017,20251209,93042320,1827640,0,0,B,82400,1200,574586,1827639,
000017.SZ,000017,20251209,93042320,1827642,0,0,B,82400,400,574586,1827641,
000017.SZ,000017,20251209,93042320,1827644,0,0,B,82400,700,574586,1827643,
000017.SZ,000017,20251209,93042320,1827646,0,0,B,82400,400,574586,1827645,
000017.SZ,000017,20251209,93042320,1827647,0,0,B,82400,300,983074,1827645,
000017.SZ,000017,20251209,93042320,1827652,0,0,B,82400,1200,983074,1827651,
000017.SZ,000017,20251209,93042320,1827654,0,0,B,82400,700,983074,1827653,
000017.SZ,000017,20251209,93042320,1827656,0,0,B,82400,400,983074,1827655,
000017.SZ,000017,20251209,93042320,1827657,0,0,B,82400,100,1186053,1827655,
000017.SZ,000017,20251209,93042320,1827658,0,0,B,82400,100,1224003,1827655,
000017.SZ,000017,20251209,93042320,1827660,0,0,B,82400,600,1224003,1827659,
000017.SZ,000017,20251209,93042320,1827662,0,0,B,82400,600,1224003,1827661,
000017.SZ,000017,20251209,93042320,1827666,0,0,B,82400,100,1224003,1827665,
000017.SZ,000017,20251209,93042380,1829150,0,0,S,82400,500,1829149,1827665,
000017.SZ,000017,20251209,93042380,1829205,0,0,S,82400,500,1829204,1827667,
000017.SZ,000017,20251209,93042400,1829737,0,0,S,82400,300,1829736,1827667,
000017.SZ,000017,20251209,93042400,1829738,0,0,S,82400,1300,1829736,1827671,
000017.SZ,000017,20251209,93042400,1829739,0,0,S,82400,500,1829736,1827685,
000017.SZ,000017,20251209,93042400,1829740,0,0,S,82400,400,1829736,1827686,
000017.SZ,000017,20251209,93042400,1829741,0,0,S,82400,800,1829736,1827687,
000017.SZ,000017,20251209,93042400,1829742,0,0,S,82400,700,1829736,1827688,
000017.SZ,000017,20251209,93042400,1829743,0,0,S,82400,1000,1829736,1827803,
000017.SZ,000017,20251209,93042400,1829787,0,0,S,82400,400,1829786,1827803,
000017.SZ,000017,20251209,93042400,1829788,0,0,S,82400,800,1829786,1827804,
000017.SZ,000017,20251209,93042400,1829789,0,0,S,82400,1600,1829786,1827809,
000017.SZ,000017,20251209,93042400,1829807,0,0,S,82400,1800,1829806,1827809,
000017.SZ,000017,20251209,93042400,1829808,0,0,S,82400,300,1829806,1827816,
000017.SZ,000017,20251209,93042400,1829809,0,0,S,82400,500,1829806,1827817,
000017.SZ,000017,20251209,93042400,1829810,0,0,S,82400,1400,1829806,1827823,
000017.SZ,000017,20251209,93042400,1829811,0,0,S,82400,800,1829806,1827824,
000017.SZ,000017,20251209,93042400,1829812,0,0,S,82400,3400,1829806,1827867,
000017.SZ,000017,20251209,93042400,1829813,0,0,S,82400,300,1829806,1827880,
000017.SZ,000017,20251209,93042400,1829814,0,0,S,82400,500,1829806,1827881,
000017.SZ,000017,20251209,93042400,1829815,0,0,S,82400,1500,1829806,1828536,
000017.SZ,000017,20251209,93042400,1829816,0,0,S,82400,500,1829806,1828537,
000017.SZ,000017,20251209,93042410,1829885,C,0, ,0,1000,0,1772715,
000017.SZ,000017,20251209,93042420,1830022,0,0,S,82400,600,1830021,1828537,
000017.SZ,000017,20251209,93042420,1830023,0,0,S,82400,100,1830021,1828539,
000017.SZ,000017,20251209,93042420,1830024,0,0,S,82400,300,1830021,1828541,
000017.SZ,000017,20251209,93042420,1830025,0,0,S,82400,400,1830021,1828544,
000017.SZ,000017,20251209,93042420,1830026,0,0,S,82400,400,1830021,1828546,
000017.SZ,000017,20251209,93042420,1830027,0,0,S,82400,1200,1830021,1828547,
000017.SZ,000017,20251209,93042420,1830028,0,0,S,82400,400,1830021,1828548,
000017.SZ,000017,20251209,93042420,1830029,0,0,S,82400,1000,1830021,1828550,
000017.SZ,000017,20251209,93042420,1830030,0,0,S,82400,700,1830021,1828551,
000017.SZ,000017,20251209,93042420,1830031,0,0,S,82400,700,1830021,1828552,
000017.SZ,000017,20251209,93042420,1830032,0,0,S,82400,500,1830021,1828553,
000017.SZ,000017,20251209,93042420,1830033,0,0,S,82400,600,1830021,1828554,
000017.SZ,000017,20251209,93042420,1830034,0,0,S,82400,600,1830021,1828555,
000017.SZ,000017,20251209,93042420,1830035,0,0,S,82400,800,1830021,1828556,
000017.SZ,000017,20251209,93042420,1830036,0,0,S,82400,4300,1830021,1828557,
000017.SZ,000017,20251209,93042420,1830037,0,0,S,82400,1100,1830021,1828558,
000017.SZ,000017,20251209,93042420,1830038,0,0,S,82400,500,1830021,1828559,
000017.SZ,000017,20251209,93042420,1830039,0,0,S,82400,500,1830021,1828560,
000017.SZ,000017,20251209,93042420,1830040,0,0,S,82400,900,1830021,1828561,
000017.SZ,000017,20251209,93042420,1830041,0,0,S,82400,600,1830021,1828562,
000017.SZ,000017,20251209,93042420,1830042,0,0,S,82400,300,1830021,1828563,
000017.SZ,000017,20251209,93042420,1830043,0,0,S,82400,700,1830021,1828564,
000017.SZ,000017,20251209,93042420,1830044,0,0,S,82400,600,1830021,1828565,
000017.SZ,000017,20251209,93042440,1830427,0,0,B,82500,600,191031,1830426,
000017.SZ,000017,20251209,93042440,1830428,0,0,B,82500,500,208880,1830426,
000017.SZ,000017,20251209,93042440,1830429,0,0,B,82500,3500,472605,1830426,
000017.SZ,000017,20251209,93042440,1830481,0,0,B,82500,300,472605,1830480,
000017.SZ,000017,20251209,93042440,1830483,0,0,B,82500,700,472605,1830482,
000017.SZ,000017,20251209,93042440,1830485,0,0,B,82500,400,472605,1830484,
000017.SZ,000017,20251209,93042440,1830597,0,0,B,82500,1000,472605,1830596,
000017.SZ,000017,20251209,93042480,1831460,0,0,B,82500,700,472605,1831459,
000017.SZ,000017,20251209,93042480,1831462,0,0,B,82500,300,472605,1831461,
000017.SZ,000017,20251209,93042480,1831464,0,0,B,82500,200,472605,1831463,
000017.SZ,000017,20251209,93042480,1831466,0,0,B,82500,800,472605,1831465,
000017.SZ,000017,20251209,93042480,1831468,0,0,B,82500,300,472605,1831467,
000017.SZ,000017,20251209,93042500,1831766,0,0,S,82400,600,1831765,1828566,
000017.SZ,000017,20251209,93042500,1831767,0,0,S,82400,400,1831765,1828607,
000017.SZ,000017,20251209,93042500,1831768,0,0,S,82400,700,1831765,1828608,
000017.SZ,000017,20251209,93042500,1831769,0,0,S,82400,1500,1831765,1828613,
000017.SZ,000017,20251209,93042500,1831770,0,0,S,82400,300,1831765,1828617,
000017.SZ,000017,20251209,93042500,1831771,0,0,S,82400,800,1831765,1828618,
000017.SZ,000017,20251209,93042500,1831772,0,0,S,82400,300,1831765,1828620,
000017.SZ,000017,20251209,93042500,1831773,0,0,S,82400,300,1831765,1828621,
000017.SZ,000017,20251209,93042500,1831774,0,0,S,82400,1800,1831765,1828622,
000017.SZ,000017,20251209,93042510,1832021,C,0, ,0,1000,352512,0,
000017.SZ,000017,20251209,93042510,1832024,0,0,S,82400,100,1832023,1828622,
000017.SZ,000017,20251209,93042510,1832025,0,0,S,82400,100,1832023,1828627,
000017.SZ,000017,20251209,93042510,1832026,0,0,S,82400,300,1832023,1828628,
000017.SZ,000017,20251209,93042510,1832027,0,0,S,82400,300,1832023,1828629,
000017.SZ,000017,20251209,93042510,1832028,0,0,S,82400,4400,1832023,1828660,
000017.SZ,000017,20251209,93042510,1832029,0,0,S,82400,1300,1832023,1828749,
000017.SZ,000017,20251209,93042510,1832030,0,0,S,82400,1800,1832023,1828757,
000017.SZ,000017,20251209,93042510,1832031,0,0,S,82400,1100,1832023,1828758,
000017.SZ,000017,20251209,93042510,1832032,0,0,S,82400,600,1832023,1829420,
000017.SZ,000017,20251209,93042510,1832033,0,0,S,82400,1500,1832023,1829423,
000017.SZ,000017,20251209,93042510,1832034,0,0,S,82400,100,1832023,1829425,
000017.SZ,000017,20251209,93042510,1832035,0,0,S,82400,600,1832023,1829426,
000017.SZ,000017,20251209,93042510,1832036,0,0,S,82400,600,1832023,1829427,
000017.SZ,000017,20251209,93042510,1832037,0,0,S,82400,1100,1832023,1829428,
000017.SZ,000017,20251209,93042510,1832038,0,0,S,82400,1000,1832023,1829430,
000017.SZ,000017,20251209,93042510,1832039,0,0,S,82400,600,1832023,1829431,
000017.SZ,000017,20251209,93042510,1832040,0,0,S,82400,700,1832023,1829434,
000017.SZ,000017,20251209,93042510,1832041,0,0,S,82400,200,1832023,1829435,
000017.SZ,000017,20251209,93042510,1832042,0,0,S,82400,700,1832023,1829437,
000017.SZ,000017,20251209,93042510,1832043,0,0,S,82400,4300,1832023,1829438,
000017.SZ,000017,20251209,93042510,1832044,0,0,S,82400,700,1832023,1829439,
000017.SZ,000017,20251209,93042510,1832045,0,0,S,82400,800,1832023,1829440,
000017.SZ,000017,20251209,93042510,1832046,0,0,S,82400,500,1832023,1829441,
000017.SZ,000017,20251209,93042510,1832074,0,0,S,82400,400,1832073,1829441,
000017.SZ,000017,20251209,93042510,1832075,0,0,S,82400,200,1832073,1829478,
000017.SZ,000017,20251209,93042530,1832447,0,0,S,82400,600,1832446,1829478,
000017.SZ,000017,20251209,93042560,1833065,0,0,S,82400,700,1833064,1829478,
000017.SZ,000017,20251209,93042560,1833066,0,0,S,82400,300,1833064,1829479,
000017.SZ,000017,20251209,93042560,1833067,0,0,S,82400,300,1833064,1829480,
000017.SZ,000017,20251209,93042560,1833068,0,0,S,82400,800,1833064,1829483,
000017.SZ,000017,20251209,93042560,1833069,0,0,S,82400,1900,1833064,1829486,
000017.SZ,000017,20251209,93042560,1833070,0,0,S,82400,300,1833064,1829487,
000017.SZ,000017,20251209,93042560,1833071,0,0,S,82400,300,1833064,1829489,
000017.SZ,000017,20251209,93042560,1833072,0,0,S,82400,300,1833064,1829490,
000017.SZ,000017,20251209,93042560,1833073,0,0,S,82400,1500,1833064,1829588,
000017.SZ,000017,20251209,93042570,1833141,0,0,S,82400,600,1833140,1829594,
000017.SZ,000017,20251209,93042570,1833142,0,0,S,82400,600,1833140,1829595,
000017.SZ,000017,20251209,93042570,1833143,0,0,S,82400,700,1833140,1829596,
000017.SZ,000017,20251209,93042570,1833147,0,0,S,82400,100,1833146,1829596,
000017.SZ,000017,20251209,93042570,1833148,0,0,S,82400,300,1833146,1829601,
000017.SZ,000017,20251209,93042570,1833149,0,0,S,82400,300,1833146,1829602,
000017.SZ,000017,20251209,93042570,1833150,0,0,S,82400,600,1833146,1829604,
000017.SZ,000017,20251209,93042570,1833151,0,0,S,82400,400,1833146,1829605,
000017.SZ,000017,20251209,93042570,1833152,0,0,S,82400,300,1833146,1829606,
000017.SZ,000017,20251209,93042570,1833153,0,0,S,82400,600,1833146,1829607,
000017.SZ,000017,20251209,93042570,1833154,0,0,S,82400,600,1833146,1829608,
000017.SZ,000017,20251209,93042570,1833155,0,0,S,82400,3600,1833146,1829609,
000017.SZ,000017,20251209,93042570,1833156,0,0,S,82400,800,1833146,1829611,
000017.SZ,000017,20251209,93042570,1833157,0,0,S,82400,300,1833146,1829612,
000017.SZ,000017,20251209,93042570,1833167,0,0,S,82400,400,1833166,1829613,
000017.SZ,000017,20251209,93042570,1833180,0,0,S,82400,300,1833179,1829613,
000017.SZ,000017,20251209,93042570,1833181,0,0,S,82400,700,1833179,1829614,
000017.SZ,000017,20251209,93042570,1833185,0,0,S,82400,400,1833184,1829614,
000017.SZ,000017,20251209,93042570,1833186,0,0,S,82400,900,1833184,1829615,
000017.SZ,000017,20251209,93042570,1833189,0,0,S,82400,600,1833188,1829616,
000017.SZ,000017,20251209,93042570,1833190,0,0,S,82400,500,1833188,1829617,
000017.SZ,000017,20251209,93042570,1833198,0,0,S,82400,100,1833197,1829617,
000017.SZ,000017,20251209,93042570,1833199,0,0,S,82400,400,1833197,1829620,
000017.SZ,000017,20251209,93042570,1833200,0,0,S,82400,500,1833197,1829622,
000017.SZ,000017,20251209,93042570,1833201,0,0,S,82400,500,1833197,1829623,
000017.SZ,000017,20251209,93042570,1833202,0,0,S,82400,100,1833197,1829627,
000017.SZ,000017,20251209,93042570,1833216,0,0,S,82400,1100,1833215,1829627,
000017.SZ,000017,20251209,93042570,1833217,0,0,S,82400,1200,1833215,1829657,
000017.SZ,000017,20251209,93042570,1833218,0,0,S,82400,300,1833215,1829658,
000017.SZ,000017,20251209,93042570,1833219,0,0,S,82400,800,1833215,1829659,
000017.SZ,000017,20251209,93042570,1833220,0,0,S,82400,100,1833215,1829660,
000017.SZ,000017,20251209,93042570,1833244,0,0,S,82400,1400,1833243,1829660,
000017.SZ,000017,20251209,93042570,1833245,0,0,S,82400,300,1833243,1829661,
000017.SZ,000017,20251209,93042570,1833246,0,0,S,82400,300,1833243,1829662,
000017.SZ,000017,20251209,93042570,1833247,0,0,S,82400,300,1833243,1829667,
000017.SZ,000017,20251209,93042570,1833248,0,0,S,82400,300,1833243,1829668,
000017.SZ,000017,20251209,93042570,1833249,0,0,S,82400,1200,1833243,1829670,
000017.SZ,000017,20251209,93042580,1833278,0,0,S,82400,600,1833277,1829670,
000017.SZ,000017,20251209,93042580,1833279,0,0,S,82400,700,1833277,1829690,
000017.SZ,000017,20251209,93042580,1833280,0,0,S,82400,400,1833277,1829693,
000017.SZ,000017,20251209,93042580,1833281,0,0,S,82400,1200,1833277,1829825,
000017.SZ,000017,20251209,93042580,1833282,0,0,S,82400,1500,1833277,1829827,
000017.SZ,000017,20251209,93042580,1833349,0,0,S,82400,400,1833348,1829827,
000017.SZ,000017,20251209,93042580,1833350,0,0,S,82400,700,1833348,1829828,
000017.SZ,000017,20251209,93042620,1833886,0,0,S,82300,4200,1833885,1826029,
000017.SZ,000017,20251209,93042620,1833887,0,0,S,82300,4100,1833885,1826038,
000017.SZ,000017,20251209,93042620,1833900,0,0,S,82300,100,1833899,1826038,
000017.SZ,000017,20251209,93042620,1833901,0,0,S,82300,100,1833899,1827860,
000017.SZ,000017,20251209,93042620,1833909,0,0,S,82300,1300,1833908,1827860,
000017.SZ,000017,20251209,93042650,1834661,0,0,S,82200,100,1834660,1821901,
000017.SZ,000017,20251209,93042650,1834663,0,0,S,82200,200,1834662,1821901,
000017.SZ,000017,20251209,93042660,1834697,0,0,S,82200,1000,1834696,1821901,
000017.SZ,000017,20251209,93042680,1835054,0,0,S,82200,200,1835053,1821901,
000017.SZ,000017,20251209,93042680,1835055,0,0,S,82200,1200,1835053,1824225,
000017.SZ,000017,20251209,93042680,1835056,0,0,S,82200,1300,1835053,1824226,
000017.SZ,000017,20251209,93042680,1835057,0,0,S,82200,700,1835053,1824227,
000017.SZ,000017,20251209,93042680,1835058,0,0,S,82200,500,1835053,1824228,
000017.SZ,000017,20251209,93042680,1835059,0,0,S,82200,400,1835053,1824229,
