万得代码,交易所代码,自然日,时间,委托编号,交易所委托号,委托类型,委托代码,委托价格,委托数量,
000017.SZ,000017,20251209,91500050,0,4167,0,S,90800,100,
000017.SZ,000017,20251209,91500060,0,8922,0,S,90600,1000,
000017.SZ,000017,20251209,91500070,0,10025,0,S,81800,1000,
000017.SZ,000017,20251209,91500070,0,10916,0,S,86500,1000,
000017.SZ,000017,20251209,91500070,0,10943,0,S,88100,1000,
000017.SZ,000017,20251209,91500070,0,13708,0,S,84000,4700,
000017.SZ,000017,20251209,91500080,0,14898,0,S,83900,200,
000017.SZ,000017,20251209,91500080,0,14951,0,B,80100,8000,
000017.SZ,000017,20251209,91500080,0,14988,0,S,82400,2000,
000017.SZ,000017,20251209,91500090,0,18336,0,S,90800,300,
000017.SZ,000017,20251209,91500090,0,18967,0,B,82500,300,
000017.SZ,000017,20251209,91500090,0,19673,0,S,90800,1000,
000017.SZ,000017,20251209,91500090,0,20620,0,S,90000,100,
000017.SZ,000017,20251209,91500110,0,26895,0,B,82000,1000,
000017.SZ,000017,20251209,91500110,0,26954,0,B,81000,400,
000017.SZ,000017,20251209,91500110,0,28785,0,S,90800,300,
000017.SZ,000017,20251209,91500110,0,29460,0,B,80000,1800,
000017.SZ,000017,20251209,91500120,0,30196,0,B,80500,1500,
000017.SZ,000017,20251209,91500120,0,30360,0,B,82500,1200,
000017.SZ,000017,20251209,91500120,0,31701,0,S,90800,55800,
000017.SZ,000017,20251209,91500120,0,31718,0,S,87900,100,
000017.SZ,000017,20251209,91500120,0,31828,0,B,82500,100,
000017.SZ,000017,20251209,91500130,0,33688,0,B,81200,900,
000017.SZ,000017,20251209,91500130,0,34629,0,S,87900,100,
000017.SZ,000017,20251209,91500130,0,34647,0,B,82500,100,
000017.SZ,000017,20251209,91500130,0,36641,0,S,86200,1100,
000017.SZ,000017,20251209,91500140,0,39516,0,B,82800,400,
000017.SZ,000017,20251209,91500140,0,40269,0,S,90800,100,
000017.SZ,000017,20251209,91500140,0,40682,0,S,90800,8600,
000017.SZ,000017,20251209,91500140,0,42343,0,B,81700,6800,
000017.SZ,000017,20251209,91500150,0,43788,0,S,85000,100,
000017.SZ,000017,20251209,91500150,0,45773,0,S,83000,200,
000017.SZ,000017,20251209,91500150,0,45774,0,B,79000,300,
000017.SZ,000017,20251209,91500160,0,46539,0,S,89800,2000,
000017.SZ,000017,20251209,91500160,0,46998,0,S,90500,2000,
000017.SZ,000017,20251209,91500160,0,47309,0,S,90000,600,
000017.SZ,000017,20251209,91500160,0,47624,0,S,74300,300,
000017.SZ,000017,20251209,91500160,0,48206,0,S,90800,2200,
000017.SZ,000017,20251209,91500160,0,49585,0,S,85800,900,
000017.SZ,000017,20251209,91500170,0,51916,0,S,90800,1000,
000017.SZ,000017,20251209,91500170,0,52912,0,B,80100,7200,
000017.SZ,000017,20251209,91500170,0,53025,0,B,79700,7300,
000017.SZ,000017,20251209,91500180,0,54006,0,B,90800,100,
000017.SZ,000017,20251209,91500180,0,54411,0,S,90800,600,
000017.SZ,000017,20251209,91500180,0,54783,0,S,90800,300,
000017.SZ,000017,20251209,91500190,0,58243,0,B,90800,100,
000017.SZ,000017,20251209,91500190,0,58790,0,B,81000,4300,
000017.SZ,000017,20251209,91500200,0,59790,0,S,84400,400,
000017.SZ,000017,20251209,91500200,0,59971,0,B,78300,500,
000017.SZ,000017,20251209,91500200,0,61286,0,S,90800,1000,
000017.SZ,000017,20251209,91500210,0,62585,0,B,80600,7200,
000017.SZ,000017,20251209,91500210,0,63100,0,S,90800,900,
000017.SZ,000017,20251209,91500210,0,63102,0,B,74400,400,
000017.SZ,000017,20251209,91500210,0,64722,0,S,82400,4700,
000017.SZ,000017,20251209,91500220,0,66926,0,B,75800,1000,
000017.SZ,000017,20251209,91500240,0,69274,0,S,86800,200,
000017.SZ,000017,20251209,91500240,0,69275,0,S,90800,200,
000017.SZ,000017,20251209,91500240,0,70384,0,S,86700,600,
000017.SZ,000017,20251209,91500240,0,70408,0,S,88200,100,
000017.SZ,000017,20251209,91500260,0,74285,0,S,85500,2000,
000017.SZ,000017,20251209,91500270,0,74657,0,S,90000,1600,
000017.SZ,000017,20251209,91500270,0,75813,0,S,83600,50000,
000017.SZ,000017,20251209,91500280,0,76483,0,S,87100,300,
000017.SZ,000017,20251209,91500280,0,76784,0,B,81800,7600,
000017.SZ,000017,20251209,91500300,0,80804,0,B,80000,200,
000017.SZ,000017,20251209,91500310,0,82990,0,S,90800,500,
000017.SZ,000017,20251209,91500320,0,85253,0,S,90500,2500,
000017.SZ,000017,20251209,91500320,0,85265,0,S,86700,2600,
000017.SZ,000017,20251209,91500320,0,85722,0,B,90800,200,
000017.SZ,000017,20251209,91500330,0,87347,0,S,90000,2500,
000017.SZ,000017,20251209,91500330,0,87571,0,S,90800,100,
000017.SZ,000017,20251209,91500350,0,89661,0,B,83200,100,
000017.SZ,000017,20251209,91500350,0,89855,0,S,90800,500,
000017.SZ,000017,20251209,91500370,0,92382,0,S,90800,27300,
000017.SZ,000017,20251209,91500370,0,92827,0,B,80800,300,
000017.SZ,000017,20251209,91500380,0,94456,0,B,82500,400,
000017.SZ,000017,20251209,91500390,0,95688,0,S,90600,500,
000017.SZ,000017,20251209,91500400,0,96522,0,S,90800,8600,
000017.SZ,000017,20251209,91500400,0,97247,0,B,81000,1000,
000017.SZ,000017,20251209,91500420,0,99218,0,B,79500,1600,
000017.SZ,000017,20251209,91500420,0,100344,0,S,83900,400,
000017.SZ,000017,20251209,91500420,0,100345,0,S,86600,500,
000017.SZ,000017,20251209,91500440,0,102669,0,B,81000,300,
000017.SZ,000017,20251209,91500440,0,102791,0,S,88600,100,
000017.SZ,000017,20251209,91500440,0,103071,0,S,88800,500,
000017.SZ,000017,20251209,91500450,0,103540,0,S,84200,100,
000017.SZ,000017,20251209,91500450,0,103549,0,S,85500,100,
000017.SZ,000017,20251209,91500450,0,103550,0,S,86800,100,
000017.SZ,000017,20251209,91500460,0,104294,0,S,90800,200,
000017.SZ,000017,20251209,91500510,0,111189,0,S,90800,100,
000017.SZ,000017,20251209,91500510,0,111286,0,S,88100,100,
000017.SZ,000017,20251209,91500510,0,111288,0,S,89400,100,
000017.SZ,000017,20251209,91500510,0,111289,0,S,90800,100,
000017.SZ,000017,20251209,91500510,0,111293,0,B,80500,100,
000017.SZ,000017,20251209,91500510,0,111587,0,S,82400,400,
000017.SZ,000017,20251209,91500520,0,112094,0,B,79000,500,
000017.SZ,000017,20251209,91500530,0,113483,0,S,84000,400,
000017.SZ,000017,20251209,91500550,0,116118,0,S,90800,500,
000017.SZ,000017,20251209,91500580,0,119703,0,S,86500,3500,
000017.SZ,000017,20251209,91500600,0,121118,0,S,87500,1000,
000017.SZ,000017,20251209,91500610,0,122285,0,B,78400,1000,
000017.SZ,000017,20251209,91500610,0,122977,0,S,90800,6700,
000017.SZ,000017,20251209,91500650,0,127317,0,S,90700,500,
000017.SZ,000017,20251209,91500660,0,127873,0,B,80000,300,
000017.SZ,000017,20251209,91500670,0,129229,0,S,85900,600,
000017.SZ,000017,20251209,91500680,0,130331,0,S,89900,4900,
000017.SZ,000017,20251209,91500680,0,130584,0,S,89000,300,
000017.SZ,000017,20251209,91500680,0,130999,0,S,86500,4000,
000017.SZ,000017,20251209,91500680,0,131013,0,S,90800,49800,
000017.SZ,000017,20251209,91500700,0,132137,0,B,76100,2000,
000017.SZ,000017,20251209,91500700,0,132143,0,B,74300,2000,
000017.SZ,000017,20251209,91500700,0,132652,0,B,77900,300,
000017.SZ,000017,20251209,91500720,0,134026,0,S,90800,300,
000017.SZ,000017,20251209,91500740,0,136312,0,S,84000,3000,
000017.SZ,000017,20251209,91500740,0,136483,0,S,90400,2000,
000017.SZ,000017,20251209,91500760,0,138249,0,S,84000,300,
000017.SZ,000017,20251209,91500760,0,138250,0,S,88000,300,
000017.SZ,000017,20251209,91500780,0,139899,0,S,85600,1000,
000017.SZ,000017,20251209,91500780,0,140225,0,B,79800,1000,
000017.SZ,000017,20251209,91500780,0,140316,0,S,87900,3000,
000017.SZ,000017,20251209,91500790,0,141220,0,S,90600,18000,
000017.SZ,000017,20251209,91500800,0,142055,0,S,90000,16400,
000017.SZ,000017,20251209,91500810,0,142227,0,S,90800,500,
000017.SZ,000017,20251209,91500830,0,144264,0,S,90800,1000,
000017.SZ,000017,20251209,91500840,0,144841,0,S,88000,1000,
000017.SZ,000017,20251209,91500850,0,145641,0,S,90800,100,
000017.SZ,000017,20251209,91500870,0,147426,0,B,82500,1000,
000017.SZ,000017,20251209,91500890,0,148935,0,S,90800,100,
000017.SZ,000017,20251209,91500910,0,150475,0,S,90800,29900,
000017.SZ,000017,20251209,91500920,0,151195,0,S,87000,500,
000017.SZ,000017,20251209,91500930,0,151996,0,S,90800,300,
000017.SZ,000017,20251209,91500960,0,153993,0,S,89000,1000,
000017.SZ,000017,20251209,91500960,0,154244,0,S,90800,400,
000017.SZ,000017,20251209,91500960,0,154452,0,S,82400,100,
000017.SZ,000017,20251209,91500960,0,154455,0,S,84900,100,
000017.SZ,000017,20251209,91500960,0,154481,0,S,87900,100,
000017.SZ,000017,20251209,91500960,0,154485,0,B,80200,1500,
000017.SZ,000017,20251209,91501000,0,156875,0,B,80000,300,
000017.SZ,000017,20251209,91501000,0,157014,0,S,83900,1200,
000017.SZ,000017,20251209,91501000,0,157403,0,B,83900,1800,
000017.SZ,000017,20251209,91501060,0,162175,0,S,87900,2000,
000017.SZ,000017,20251209,91501070,0,162599,0,S,90800,500,
000017.SZ,000017,20251209,91501100,0,164614,0,S,87500,500,
000017.SZ,000017,20251209,91501100,0,164653,0,B,82700,200,
000017.SZ,000017,20251209,91501140,0,167605,0,B,82500,200,
000017.SZ,000017,20251209,91501140,0,167729,0,S,85000,6000,
000017.SZ,000017,20251209,91501140,0,167731,0,S,85500,6600,
000017.SZ,000017,20251209,91501140,0,168071,0,B,78800,1300,
000017.SZ,000017,20251209,91501150,0,168165,0,S,88800,900,
000017.SZ,000017,20251209,91501170,0,170259,0,S,86800,1000,
000017.SZ,000017,20251209,91501180,0,171264,0,S,87100,600,
000017.SZ,000017,20251209,91501180,0,171439,0,S,90800,3000,
000017.SZ,000017,20251209,91501200,0,172713,0,S,87900,1400,
000017.SZ,000017,20251209,91501210,0,173458,0,S,90800,600,
000017.SZ,000017,20251209,91501220,0,174101,0,B,82500,1200,
000017.SZ,000017,20251209,91501280,0,177553,0,B,80500,33400,
000017.SZ,000017,20251209,91501290,0,177780,0,S,90300,300,
000017.SZ,000017,20251209,91501320,0,179511,0,S,88100,1000,
000017.SZ,000017,20251209,91501320,0,179645,0,S,88800,300,
000017.SZ,000017,20251209,91501330,0,180365,0,S,85000,200,
000017.SZ,000017,20251209,91501340,0,181633,0,S,87900,300,
000017.SZ,000017,20251209,91501370,0,182772,0,S,90700,100,
000017.SZ,000017,20251209,91501410,0,186008,0,S,90000,100,
000017.SZ,000017,20251209,91501450,0,188865,0,S,82400,100,
000017.SZ,000017,20251209,91501460,0,189293,0,S,87200,1800,
000017.SZ,000017,20251209,91501480,0,190469,0,S,89800,200,
000017.SZ,000017,20251209,91501480,0,191031,0,S,82500,600,
000017.SZ,000017,20251209,91501480,0,191032,0,S,83000,600,
000017.SZ,000017,20251209,91501490,0,191600,0,S,83800,3000,
000017.SZ,000017,20251209,91501500,0,192477,0,S,85800,200,
000017.SZ,000017,20251209,91501500,0,192619,0,B,90800,600,
000017.SZ,000017,20251209,91501500,0,192951,0,S,86600,2000,
000017.SZ,000017,20251209,91501510,0,193456,0,B,79600,200,
000017.SZ,000017,20251209,91501530,0,195132,0,S,84500,1000,
000017.SZ,000017,20251209,91501530,0,195547,0,B,76700,100,
000017.SZ,000017,20251209,91501540,0,196493,0,B,78000,300,
000017.SZ,000017,20251209,91501540,0,196494,0,S,84900,300,
000017.SZ,000017,20251209,91501550,0,196944,0,S,90800,200,
000017.SZ,000017,20251209,91501570,0,198939,0,B,80700,300,
000017.SZ,000017,20251209,91501590,0,200206,0,S,74300,400,
000017.SZ,000017,20251209,91501590,0,200207,0,S,74300,2000,
000017.SZ,000017,20251209,91501590,0,200283,0,S,85700,19000,
000017.SZ,000017,20251209,91501600,0,200601,0,S,84000,500,
000017.SZ,000017,20251209,91501610,0,201009,0,S,88000,400,
000017.SZ,000017,20251209,91501610,0,201170,0,B,81800,100,
000017.SZ,000017,20251209,91501610,0,201172,0,B,79300,100,
000017.SZ,000017,20251209,91501680,0,205570,0,S,84700,700,
000017.SZ,000017,20251209,91501710,0,207481,0,S,82800,3000,
000017.SZ,000017,20251209,91501730,0,208185,0,S,90800,500,
000017.SZ,000017,20251209,91501740,0,208880,0,S,82500,500,
000017.SZ,000017,20251209,91501760,0,209570,0,S,90600,500,
000017.SZ,000017,20251209,91501780,0,210566,0,S,90600,500,
000017.SZ,000017,20251209,91501790,0,210936,0,S,85500,600,
000017.SZ,000017,20251209,91501800,0,211483,0,B,80000,1000,
000017.SZ,000017,20251209,91501830,0,212844,0,S,83000,20000,
000017.SZ,000017,20251209,91501840,0,213176,0,B,82000,400,
000017.SZ,000017,20251209,91501840,0,213318,0,S,90000,1000,
000017.SZ,000017,20251209,91501850,0,213710,0,S,89900,2200,
000017.SZ,000017,20251209,91501920,0,216523,0,S,87400,8000,
000017.SZ,000017,20251209,91501920,0,216603,0,B,77300,200,
000017.SZ,000017,20251209,91501920,0,216604,0,S,87000,200,
000017.SZ,000017,20251209,91501940,0,217638,0,S,83000,100,
000017.SZ,000017,20251209,91501950,0,218064,0,S,90600,200,
000017.SZ,000017,20251209,91501960,0,218309,0,B,81000,2000,
000017.SZ,000017,20251209,91501970,0,219005,0,S,84700,100,
000017.SZ,000017,20251209,91501970,0,219157,0,B,81200,2000,
000017.SZ,000017,20251209,91501980,0,219583,0,S,87600,100,
000017.SZ,000017,20251209,91502010,0,221001,0,S,90800,100,
000017.SZ,000017,20251209,91502020,0,221892,0,B,82500,200,
000017.SZ,000017,20251209,91502030,0,222450,0,S,84300,2000,
000017.SZ,000017,20251209,91502070,0,224545,0,S,90800,1000,
000017.SZ,000017,20251209,91502090,0,225038,0,S,86500,600,
000017.SZ,000017,20251209,91502120,0,226476,0,S,90800,1000,
000017.SZ,000017,20251209,91502160,0,228330,0,B,78600,200,
000017.SZ,000017,20251209,91502220,0,231588,0,S,86000,100,
000017.SZ,000017,20251209,91502310,0,234963,0,S,89800,200,
000017.SZ,000017,20251209,91502310,0,235373,0,S,88800,500,
000017.SZ,000017,20251209,91502320,0,235757,0,B,76000,2000,
000017.SZ,000017,20251209,91502330,0,236070,0,S,84000,200,
000017.SZ,000017,20251209,91502380,0,237674,0,S,85000,2000,
000017.SZ,000017,20251209,91502400,0,238580,0,B,78800,1000,
000017.SZ,000017,20251209,91502410,0,238989,0,S,86400,100,
000017.SZ,000017,20251209,91502410,0,239162,0,S,85700,200,
000017.SZ,000017,20251209,91502410,0,239235,0,S,85000,2000,
000017.SZ,000017,20251209,91502470,0,241351,0,S,90800,700,
000017.SZ,000017,20251209,91502470,0,241387,0,S,90500,600,
000017.SZ,000017,20251209,91502490,0,242795,0,S,90800,100,
000017.SZ,000017,20251209,91502490,0,242847,0,B,80500,800,
000017.SZ,000017,20251209,91502500,0,243156,0,S,90800,100,
000017.SZ,000017,20251209,91502510,0,243864,0,S,90800,700,
000017.SZ,000017,20251209,91502520,0,244378,0,S,87600,500,
000017.SZ,000017,20251209,91502570,0,247108,0,S,74300,600,
000017.SZ,000017,20251209,91502570,0,247196,0,S,83800,300,
000017.SZ,000017,20251209,91502600,0,248335,0,B,82500,400,
000017.SZ,000017,20251209,91502610,0,248501,0,S,90800,100,
000017.SZ,000017,20251209,91502640,0,249707,0,S,85000,2500,
000017.SZ,000017,20251209,91502660,0,250787,0,B,80000,300,
000017.SZ,000017,20251209,91502730,0,253390,0,S,84300,600,
000017.SZ,000017,20251209,91502730,0,253393,0,S,86500,700,
000017.SZ,000017,20251209,91502860,0,256564,0,S,90800,300,
000017.SZ,000017,20251209,91502860,0,256592,0,S,77700,1300,
000017.SZ,000017,20251209,91502870,0,256688,0,S,87000,6300,
000017.SZ,000017,20251209,91502930,0,258100,0,S,90400,11600,
000017.SZ,000017,20251209,91502930,0,258173,0,S,87700,800,
000017.SZ,000017,20251209,91503010,0,261156,0,S,90800,4600,
000017.SZ,000017,20251209,91503080,0,263270,0,S,90000,100,
000017.SZ,000017,20251209,91503130,0,264678,0,B,82500,200,
000017.SZ,000017,20251209,91503140,0,264949,0,S,90000,100,
000017.SZ,000017,20251209,91503160,0,265879,0,S,90600,3500,
000017.SZ,000017,20251209,91503160,0,266040,0,S,87200,2000,
000017.SZ,000017,20251209,91503170,0,266310,0,S,90800,50400,
000017.SZ,000017,20251209,91503170,0,266327,0,S,90800,3700,
000017.SZ,000017,20251209,91503250,0,268248,0,B,82500,100,
000017.SZ,000017,20251209,91503260,0,268329,0,S,90800,7200,
000017.SZ,000017,20251209,91503350,0,270299,0,B,80800,100,
000017.SZ,000017,20251209,91503350,0,270300,0,B,79600,100,
000017.SZ,000017,20251209,91503490,0,273921,0,S,86000,500,
000017.SZ,000017,20251209,91503550,0,276187,0,B,80500,700,
000017.SZ,000017,20251209,91503550,0,276291,0,S,84500,100,
000017.SZ,000017,20251209,91503620,0,278464,0,B,80000,500,
000017.SZ,000017,20251209,91503690,0,280746,0,S,84000,1000,
000017.SZ,000017,20251209,91503740,0,281728,0,S,84900,3000,
000017.SZ,000017,20251209,91504550,0,294395,0,S,90800,300,
000017.SZ,000017,20251209,91504940,0,298383,0,S,83700,700,
000017.SZ,000017,20251209,91504940,0,298403,0,S,84700,700,
000017.SZ,000017,20251209,91504940,0,298409,0,S,85700,700,
000017.SZ,000017,20251209,91504950,0,298641,0,S,84000,800,
000017.SZ,000017,20251209,91505070,0,299236,0,B,78000,2000,
000017.SZ,000017,20251209,91505100,0,299473,0,S,87900,600,
000017.SZ,000017,20251209,91505100,0,299474,0,S,84800,500,
000017.SZ,000017,20251209,91505180,0,300198,0,S,90800,100,
000017.SZ,000017,20251209,91505240,0,300902,0,S,90800,100,
000017.SZ,000017,20251209,91505460,0,302259,0,S,82400,200,
000017.SZ,000017,20251209,91505480,0,302371,0,B,82500,100,
000017.SZ,000017,20251209,91505490,0,302485,0,S,87800,200,
000017.SZ,000017,20251209,91505740,0,306153,0,S,90800,300,
000017.SZ,000017,20251209,91505950,0,306960,0,S,90800,6200,
000017.SZ,000017,20251209,91506200,0,308375,0,B,82000,2100,
000017.SZ,000017,20251209,91506200,0,308383,0,B,81500,2100,
000017.SZ,000017,20251209,91506410,0,309091,0,S,90800,200,
000017.SZ,000017,20251209,91506540,0,309914,0,S,87900,1000,
000017.SZ,000017,20251209,91506580,0,310385,0,S,88100,100,
000017.SZ,000017,20251209,91506580,0,310390,0,S,90800,100,
000017.SZ,000017,20251209,91506650,0,311103,0,S,90800,65300,
000017.SZ,000017,20251209,91507080,0,312737,0,B,80000,3000,
000017.SZ,000017,20251209,91507180,0,313277,0,B,80000,1000,
000017.SZ,000017,20251209,91507360,0,313954,0,S,85000,2100,
000017.SZ,000017,20251209,91507570,0,314725,0,S,90800,1000,
000017.SZ,000017,20251209,91507930,0,316267,0,B,80600,700,
000017.SZ,000017,20251209,91508920,0,318704,0,S,90800,100,
000017.SZ,000017,20251209,91509550,0,319610,0,S,90800,200,
000017.SZ,000017,20251209,91509610,0,319957,0,S,90000,400,
000017.SZ,000017,20251209,91510490,0,321087,0,S,90000,3000,
000017.SZ,000017,20251209,91510630,0,321606,0,S,87900,200,
000017.SZ,000017,20251209,91511220,0,322349,0,S,90600,200,
000017.SZ,000017,20251209,91512650,0,324140,0,B,80100,2500,
000017.SZ,000017,20251209,91513950,0,324738,0,B,81000,300,
000017.SZ,000017,20251209,91533820,0,329448,0,S,82900,1500,
000017.SZ,000017,20251209,91535950,0,330003,0,S,82400,300,
000017.SZ,000017,20251209,91541890,0,331626,0,S,90800,300,
000017.SZ,000017,20251209,91546580,0,332997,0,B,80000,3100,
000017.SZ,000017,20251209,91552330,0,334703,0,S,85900,1000,
000017.SZ,000017,20251209,91557550,0,336351,0,S,90800,500,
000017.SZ,000017,20251209,91559420,0,336919,0,B,82400,400,
000017.SZ,000017,20251209,91601030,0,337431,0,S,87900,1000,
000017.SZ,000017,20251209,91601840,0,337760,0,B,77500,3300,
000017.SZ,000017,20251209,91602220,0,337930,0,B,80300,1000,
000017.SZ,000017,20251209,91609170,0,340345,0,S,89900,1000,
000017.SZ,000017,20251209,91613790,0,341741,0,S,85000,3200,
000017.SZ,000017,20251209,91621790,0,344049,0,S,82400,800,
000017.SZ,000017,20251209,91622200,0,344178,0,S,87500,3300,
000017.SZ,000017,20251209,91625570,0,345198,0,B,80100,1000,
000017.SZ,000017,20251209,91629140,0,346383,0,S,90800,400,
000017.SZ,000017,20251209,91642980,0,350819,0,S,82400,200,
000017.SZ,000017,20251209,91647630,0,352309,0,S,90800,21900,
000017.SZ,000017,20251209,91647990,0,352445,0,B,82400,700,
000017.SZ,000017,20251209,91648180,0,352512,0,S,85000,1000,
000017.SZ,000017,20251209,91653340,0,354201,0,S,86300,100,
000017.SZ,000017,20251209,91657050,0,355464,0,S,89000,400,
000017.SZ,000017,20251209,91701680,0,357085,0,S,85600,1000,
000017.SZ,000017,20251209,91701800,0,357112,0,S,87000,100,
000017.SZ,000017,20251209,91708720,0,359385,0,S,90800,16400,
000017.SZ,000017,20251209,91710350,0,359933,0,B,81500,3200,
000017.SZ,000017,20251209,91712430,0,360638,0,S,90800,1000,
000017.SZ,000017,20251209,91719590,0,363153,0,B,80900,300,
000017.SZ,000017,20251209,91726040,0,365486,0,S,85000,10000,
000017.SZ,000017,20251209,91731590,0,367457,0,S,90000,500,
000017.SZ,000017,20251209,91736070,0,369071,0,S,82400,2000,
000017.SZ,000017,20251209,91737250,0,369527,0,S,86000,200,
000017.SZ,000017,20251209,91744070,0,371992,0,S,90000,300,
000017.SZ,000017,20251209,91746900,0,373090,0,S,74300,1400,
000017.SZ,000017,20251209,91747600,0,373351,0,B,83300,6000,
000017.SZ,000017,20251209,91751830,0,374991,0,S,86000,9800,
000017.SZ,000017,20251209,91800440,0,378148,0,S,90800,400,
000017.SZ,000017,20251209,91801880,0,378758,0,B,75000,3400,
000017.SZ,000017,20251209,91805970,0,380148,0,S,83400,1500,
000017.SZ,000017,20251209,91816070,0,384026,0,S,82400,1000,
000017.SZ,000017,20251209,91820420,0,385727,0,S,83400,100,
000017.SZ,000017,20251209,91824740,0,387349,0,S,82400,2800,
000017.SZ,000017,20251209,91827110,0,388186,0,S,74300,1100,
000017.SZ,000017,20251209,91827370,0,388274,0,S,75000,1500,
000017.SZ,000017,20251209,91829710,0,389199,0,B,81500,1000,
000017.SZ,000017,20251209,91834840,0,391219,0,S,82400,20000,
000017.SZ,000017,20251209,91840790,0,393491,0,B,83100,3000,
000017.SZ,000017,20251209,91847710,0,396173,0,S,83300,1000,
000017.SZ,000017,20251209,91848370,0,396415,0,B,82400,500,
000017.SZ,000017,20251209,91900710,0,401407,0,B,80600,1600,
000017.SZ,000017,20251209,91901070,0,401546,0,S,90700,2000,
000017.SZ,000017,20251209,91901420,0,401680,0,B,82000,500,
000017.SZ,000017,20251209,91905750,0,403477,0,S,88000,100,
000017.SZ,000017,20251209,91906380,0,403728,0,S,90800,100,
000017.SZ,000017,20251209,91914620,0,407103,0,S,74300,100,
000017.SZ,000017,20251209,91918780,0,408844,0,B,80800,3500,
000017.SZ,000017,20251209,91926400,0,412168,0,S,82400,100,
000017.SZ,000017,20251209,91934810,0,415855,0,B,74900,5000,
000017.SZ,000017,20251209,91939030,0,417676,0,B,74300,10000,
000017.SZ,000017,20251209,91944290,0,419990,0,S,84000,100,
000017.SZ,000017,20251209,91951120,0,422924,0,S,90800,2000,
000017.SZ,000017,20251209,91954830,0,424503,0,S,90700,3300,
000017.SZ,000017,20251209,91957970,0,425845,0,S,74300,500,
000017.SZ,000017,20251209,91958170,0,425922,0,S,81800,700,
000017.SZ,000017,20251209,91959620,0,426573,0,S,89700,500,
000017.SZ,000017,20251209,92000220,0,426865,0,S,74300,100,
000017.SZ,000017,20251209,92001340,0,427362,0,B,80500,900,
000017.SZ,000017,20251209,92006110,0,429290,0,B,80000,1000,
000017.SZ,000017,20251209,92006570,0,429457,0,S,75100,5500,
000017.SZ,000017,20251209,92009300,0,430346,0,S,74300,100,
000017.SZ,000017,20251209,92016500,0,432874,0,S,74300,6700,
000017.SZ,000017,20251209,92025160,0,435787,0,S,74300,600,
000017.SZ,000017,20251209,92025620,0,435977,0,S,90800,2900,
000017.SZ,000017,20251209,92026870,0,436424,0,B,76000,200,
000017.SZ,000017,20251209,92028290,0,436982,0,S,90000,200,
000017.SZ,000017,20251209,92029010,0,437205,0,B,81700,200,
000017.SZ,000017,20251209,92029160,0,437258,0,B,81500,300,
000017.SZ,000017,20251209,92032590,0,438424,0,S,83000,1100,
000017.SZ,000017,20251209,92032760,0,438496,0,B,81500,2100,
000017.SZ,000017,20251209,92045540,0,443100,0,B,81600,4900,
000017.SZ,000017,20251209,92049040,0,444351,0,B,82400,1200,
000017.SZ,000017,20251209,92058990,0,447973,0,B,80000,500,
000017.SZ,000017,20251209,92105560,0,450458,0,B,81500,1000,
000017.SZ,000017,20251209,92112220,0,453012,0,S,82400,2700,
000017.SZ,000017,20251209,92114300,0,453857,0,S,81000,700,
000017.SZ,000017,20251209,92114760,0,454033,0,B,81700,1000,
000017.SZ,000017,20251209,92117850,0,455180,0,B,81800,500,
000017.SZ,000017,20251209,92119020,0,455611,0,B,81800,200,
000017.SZ,000017,20251209,92119130,0,455653,0,B,81000,200,
000017.SZ,000017,20251209,92120030,0,455987,0,S,80100,200,
000017.SZ,000017,20251209,92121280,0,456457,0,S,74300,100,
000017.SZ,000017,20251209,92122430,0,456890,0,B,79000,10000,
000017.SZ,000017,20251209,92124440,0,457656,0,S,83800,600,
000017.SZ,000017,20251209,92126010,0,458253,0,B,83600,100,
000017.SZ,000017,20251209,92129040,0,459411,0,S,80100,600,
000017.SZ,000017,20251209,92129210,0,459484,0,B,80000,5000,
000017.SZ,000017,20251209,92129520,0,459612,0,S,78300,5100,
000017.SZ,000017,20251209,92130630,0,460099,0,S,81100,200,
000017.SZ,000017,20251209,92134130,0,461484,0,B,81900,400,
000017.SZ,000017,20251209,92135630,0,462022,0,S,81400,200,
000017.SZ,000017,20251209,92141030,0,464198,0,S,90800,200,
000017.SZ,000017,20251209,92143720,0,465264,0,S,74300,200,
000017.SZ,000017,20251209,92144970,0,465781,0,S,89800,3400,
000017.SZ,000017,20251209,92145170,0,465866,0,S,80900,500,
000017.SZ,000017,20251209,92145610,0,466047,0,B,81800,300,
000017.SZ,000017,20251209,92145950,0,466171,0,B,81000,1000,
000017.SZ,000017,20251209,92148740,0,467302,0,S,81700,4800,
000017.SZ,000017,20251209,92149490,0,467591,0,S,88800,300,
000017.SZ,000017,20251209,92150010,0,467789,0,S,83000,500,
000017.SZ,000017,20251209,92152060,0,468627,0,B,79000,2000,
000017.SZ,000017,20251209,92155640,0,470055,0,S,82100,400,
000017.SZ,000017,20251209,92157050,0,470590,0,B,81700,200,
000017.SZ,000017,20251209,92157290,0,470694,0,S,74300,100,
000017.SZ,000017,20251209,92157300,0,470702,0,S,74300,300,
000017.SZ,000017,20251209,92159350,0,471545,0,B,81700,2000,
000017.SZ,000017,20251209,92200220,0,471892,0,S,74300,1400,
000017.SZ,000017,20251209,92200230,0,471893,0,S,74300,1600,
000017.SZ,000017,20251209,92200590,0,472122,0,S,74300,1600,
000017.SZ,000017,20251209,92200700,0,472179,0,S,74300,500,
000017.SZ,000017,20251209,92200730,0,472211,0,S,74300,700,
000017.SZ,000017,20251209,92201160,0,472481,0,S,74300,1600,
000017.SZ,000017,20251209,92201200,0,472519,0,S,74300,4700,
000017.SZ,000017,20251209,92201200,0,472526,0,S,74300,1600,
000017.SZ,000017,20251209,92201200,0,472529,0,S,74300,2000,
000017.SZ,000017,20251209,92201330,0,472605,0,S,82500,20000,
000017.SZ,000017,20251209,92201940,0,472870,0,S,84000,600,
000017.SZ,000017,20251209,92202810,0,473367,0,S,74300,1000,
000017.SZ,000017,20251209,92203200,0,473554,0,S,74300,1500,
000017.SZ,000017,20251209,92203210,0,473562,0,S,74300,1600,
000017.SZ,000017,20251209,92206140,0,474747,0,S,83400,3500,
000017.SZ,000017,20251209,92206220,0,474794,0,S,74300,800,
000017.SZ,000017,20251209,92206290,0,474826,0,S,74300,200,
000017.SZ,000017,20251209,92206430,0,474892,0,S,74300,1000,
000017.SZ,000017,20251209,92206430,0,474893,0,S,74300,2500,
000017.SZ,000017,20251209,92206430,0,474894,0,S,74300,800,
000017.SZ,000017,20251209,92206610,0,474966,0,B,81800,1000,
000017.SZ,000017,20251209,92206940,0,475105,0,S,74300,1300,
000017.SZ,000017,20251209,92207470,0,475381,0,S,74300,800,
000017.SZ,000017,20251209,92207480,0,475395,0,S,81700,100,
000017.SZ,000017,20251209,92210480,0,476657,0,S,74300,2000,
000017.SZ,000017,20251209,92214740,0,478498,0,S,90800,900,
000017.SZ,000017,20251209,92215220,0,478718,0,S,74300,500,
000017.SZ,000017,20251209,92215290,0,478743,0,S,74300,100,
000017.SZ,000017,20251209,92215430,0,478813,0,S,74300,600,
000017.SZ,000017,20251209,92215430,0,478815,0,S,74300,800,
000017.SZ,000017,20251209,92215430,0,478816,0,S,74300,1400,
000017.SZ,000017,20251209,92216160,0,479099,0,S,74300,500,
000017.SZ,000017,20251209,92218040,0,479873,0,B,78800,13000,
000017.SZ,000017,20251209,92218420,0,480037,0,S,80000,2400,
000017.SZ,000017,20251209,92222180,0,481674,0,B,79000,1000,
000017.SZ,000017,20251209,92223210,0,482160,0,B,81000,200,
000017.SZ,000017,20251209,92224180,0,482592,0,S,74300,1600,
000017.SZ,000017,20251209,92224280,0,482640,0,S,74300,100,
000017.SZ,000017,20251209,92224430,0,482706,0,S,74300,700,
000017.SZ,000017,20251209,92224440,0,482715,0,S,86600,29700,
000017.SZ,000017,20251209,92224690,0,482813,0,S,84000,1000,
000017.SZ,000017,20251209,92225340,0,483149,0,S,74300,200,
000017.SZ,000017,20251209,92225700,0,483287,0,S,84000,300,
000017.SZ,000017,20251209,92225950,0,483393,0,B,81000,2400,
000017.SZ,000017,20251209,92227450,0,484032,0,B,81900,100,
000017.SZ,000017,20251209,92229480,0,484894,0,S,80800,500,
000017.SZ,000017,20251209,92231070,0,485633,0,S,82600,7000,
000017.SZ,000017,20251209,92233230,0,486586,0,S,74300,500,
000017.SZ,000017,20251209,92233330,0,486623,0,B,80800,200,
000017.SZ,000017,20251209,92233430,0,486666,0,S,74300,500,
000017.SZ,000017,20251209,92233430,0,486667,0,S,74300,500,
000017.SZ,000017,20251209,92234020,0,486926,0,B,80800,200,
000017.SZ,000017,20251209,92234090,0,486969,0,B,78300,200,
000017.SZ,000017,20251209,92234550,0,487170,0,S,74300,200,
000017.SZ,000017,20251209,92238070,0,488719,0,B,80700,100,
000017.SZ,000017,20251209,92241580,0,490262,0,S,90800,500,
000017.SZ,000017,20251209,92242290,0,490609,0,S,74300,100,
000017.SZ,000017,20251209,92243240,0,491047,0,S,74300,100,
000017.SZ,000017,20251209,92243730,0,491293,0,B,81200,400,
000017.SZ,000017,20251209,92244770,0,491745,0,B,79900,500,
000017.SZ,000017,20251209,92247250,0,492875,0,S,80800,4400,
000017.SZ,000017,20251209,92247710,0,493098,0,S,83000,15100,
000017.SZ,000017,20251209,92247970,0,493203,0,B,80800,1000,
000017.SZ,000017,20251209,92248310,0,493364,0,B,81000,2000,
000017.SZ,000017,20251209,92248590,0,493486,0,S,74300,100,
000017.SZ,000017,20251209,92249440,0,493865,0,B,80500,100,
000017.SZ,000017,20251209,92249610,0,493945,0,S,78800,1200,
000017.SZ,000017,20251209,92250360,0,494300,0,S,80100,900,
000017.SZ,000017,20251209,92250530,0,494385,0,S,88800,500,
000017.SZ,000017,20251209,92251430,0,494824,0,S,74300,800,
000017.SZ,000017,20251209,92252450,0,495296,0,S,74300,200,
000017.SZ,000017,20251209,92254460,0,496216,0,B,80800,400,
000017.SZ,000017,20251209,92256210,0,496994,0,S,74300,200,
000017.SZ,000017,20251209,92257500,0,497635,0,S,74300,500,
000017.SZ,000017,20251209,92258020,0,497851,0,S,74300,800,
000017.SZ,000017,20251209,92259680,0,498658,0,B,81800,1700,
000017.SZ,000017,20251209,92300430,0,499035,0,S,74300,500,
000017.SZ,000017,20251209,92301150,0,499409,0,S,74300,100,
000017.SZ,000017,20251209,92301420,0,499544,0,S,83900,300,
000017.SZ,000017,20251209,92301770,0,499692,0,B,81200,100,
000017.SZ,000017,20251209,92302200,0,499913,0,B,80800,200,
000017.SZ,000017,20251209,92302880,0,500244,0,B,79500,3000,
000017.SZ,000017,20251209,92303830,0,500670,0,S,85800,500,
000017.SZ,000017,20251209,92304780,0,501122,0,S,74300,2100,
000017.SZ,000017,20251209,92305440,0,501411,0,B,79900,1000,
000017.SZ,000017,20251209,92305740,0,501547,0,S,80800,2700,
000017.SZ,000017,20251209,92308930,0,503066,0,B,77500,200,
000017.SZ,000017,20251209,92309270,0,503237,0,B,79500,500,
000017.SZ,000017,20251209,92309290,0,503255,0,S,74300,100,
000017.SZ,000017,20251209,92309430,0,503323,0,S,74300,500,
000017.SZ,000017,20251209,92310310,0,503740,0,B,80000,400,
000017.SZ,000017,20251209,92310620,0,503905,0,S,80800,100,
000017.SZ,000017,20251209,92312870,0,505039,0,B,79900,1000,
000017.SZ,000017,20251209,92313130,0,505168,0,B,81800,3000,
000017.SZ,000017,20251209,92313780,0,505504,0,S,84900,5200,
000017.SZ,000017,20251209,92314390,0,505828,0,B,80600,200,
000017.SZ,000017,20251209,92317820,0,507512,0,S,80200,300,
000017.SZ,000017,20251209,92318220,0,507734,0,S,74300,500,
000017.SZ,000017,20251209,92318310,0,507776,0,S,74300,900,
000017.SZ,000017,20251209,92318720,0,507963,0,B,81000,1100,
000017.SZ,000017,20251209,92319500,0,508398,0,S,74300,100,
000017.SZ,000017,20251209,92320830,0,509107,0,B,79000,100,
000017.SZ,000017,20251209,92322020,0,509722,0,S,90800,3000,
000017.SZ,000017,20251209,92322400,0,509887,0,S,90800,500,
000017.SZ,000017,20251209,92324160,0,510832,0,S,86600,11300,
000017.SZ,000017,20251209,92324670,0,511074,0,S,90500,1500,
000017.SZ,000017,20251209,92326870,0,512294,0,B,77700,100,
000017.SZ,000017,20251209,92327430,0,512588,0,S,74300,500,
000017.SZ,000017,20251209,92327810,0,512797,0,S,83000,300,
000017.SZ,000017,20251209,92328160,0,512987,0,B,81000,2200,
000017.SZ,000017,20251209,92328210,0,513018,0,S,74300,100,
000017.SZ,000017,20251209,92328270,0,513064,0,B,81500,3100,
000017.SZ,000017,20251209,92328310,0,513093,0,S,74300,2000,
000017.SZ,000017,20251209,92328680,0,513300,0,S,86800,600,
000017.SZ,000017,20251209,92329230,0,513618,0,B,80500,300,
000017.SZ,000017,20251209,92329560,0,513816,0,B,78900,200,
000017.SZ,000017,20251209,92330390,0,514279,0,S,74300,9000,
000017.SZ,000017,20251209,92331740,0,515082,0,S,90800,900,
000017.SZ,000017,20251209,92332550,0,515537,0,S,80000,3000,
000017.SZ,000017,20251209,92333790,0,516198,0,B,80900,128900,
000017.SZ,000017,20251209,92335280,0,517053,0,S,80200,2700,
000017.SZ,000017,20251209,92335440,0,517140,0,B,80800,100,
000017.SZ,000017,20251209,92335480,0,517154,0,B,76700,100,
000017.SZ,000017,20251209,92335830,0,517346,0,B,80800,100,
000017.SZ,000017,20251209,92336210,0,517610,0,B,80700,500,
000017.SZ,000017,20251209,92336220,0,517619,0,B,80800,200,
000017.SZ,000017,20251209,92336230,0,517623,0,S,74300,1400,
000017.SZ,000017,20251209,92336290,0,517659,0,S,74300,300,
000017.SZ,000017,20251209,92336430,0,517735,0,S,74300,1700,
000017.SZ,000017,20251209,92336430,0,517736,0,S,74300,3500,
000017.SZ,000017,20251209,92336820,0,517985,0,B,80800,100,
000017.SZ,000017,20251209,92337260,0,518273,0,S,86600,3000,
000017.SZ,000017,20251209,92337470,0,518407,0,S,74300,1100,
000017.SZ,000017,20251209,92338920,0,519238,0,B,80300,7700,
000017.SZ,000017,20251209,92338950,0,519250,0,B,80800,2500,
000017.SZ,000017,20251209,92338990,0,519276,0,B,79000,600,
000017.SZ,000017,20251209,92342260,0,521019,0,B,82000,1800,
000017.SZ,000017,20251209,92343510,0,521684,0,B,79800,5000,
000017.SZ,000017,20251209,92343630,0,521747,0,B,80000,1000,
000017.SZ,000017,20251209,92343650,0,521760,0,B,80600,1500,
000017.SZ,000017,20251209,92344100,0,522056,0,B,77000,2000,
000017.SZ,000017,20251209,92344250,0,522140,0,S,90800,1000,
000017.SZ,000017,20251209,92345280,0,522737,0,S,74300,100,
000017.SZ,000017,20251209,92345430,0,522823,0,S,74300,500,
000017.SZ,000017,20251209,92347170,0,523865,0,S,80200,1200,
000017.SZ,000017,20251209,92348120,0,524454,0,B,80900,1000,
000017.SZ,000017,20251209,92348170,0,524492,0,B,80800,1000,
000017.SZ,000017,20251209,92348390,0,524599,0,B,80800,200,
000017.SZ,000017,20251209,92349780,0,525435,0,B,81400,200,
000017.SZ,000017,20251209,92352510,0,526955,0,B,80900,1400,
000017.SZ,000017,20251209,92352580,0,526996,0,S,74300,400,
000017.SZ,000017,20251209,92352800,0,527115,0,B,80900,9800,
000017.SZ,000017,20251209,92352860,0,527144,0,B,80900,1200,
000017.SZ,000017,20251209,92354300,0,527964,0,S,74300,100,
000017.SZ,000017,20251209,92354560,0,528113,0,B,81000,2000,
000017.SZ,000017,20251209,92354960,0,528342,0,B,79200,1300,
000017.SZ,000017,20251209,92355640,0,528708,0,S,82800,600,
000017.SZ,000017,20251209,92355680,0,528734,0,B,80900,300,
000017.SZ,000017,20251209,92356420,0,529123,0,S,83500,500,
000017.SZ,000017,20251209,92357380,0,529678,0,B,80000,100,
000017.SZ,000017,20251209,92357560,0,529771,0,S,90800,300,
000017.SZ,000017,20251209,92358710,0,530479,0,B,80500,1000,
000017.SZ,000017,20251209,92358860,0,530561,0,S,74300,2500,
000017.SZ,000017,20251209,92359320,0,530842,0,B,79000,300,
000017.SZ,000017,20251209,92400520,0,531716,0,B,80000,500,
000017.SZ,000017,20251209,92400660,0,531814,0,B,82100,200,
000017.SZ,000017,20251209,92401340,0,532248,0,S,86600,11800,
000017.SZ,000017,20251209,92403940,0,533913,0,S,83900,100,
000017.SZ,000017,20251209,92405110,0,534680,0,B,80800,100,
000017.SZ,000017,20251209,92406660,0,535787,0,B,81100,500,
000017.SZ,000017,20251209,92409350,0,537714,0,S,79000,4000,
000017.SZ,000017,20251209,92409530,0,537848,0,B,81000,200,
000017.SZ,000017,20251209,92409870,0,538088,0,B,81000,1100,
000017.SZ,000017,20251209,92410060,0,538222,0,B,80900,100,
000017.SZ,000017,20251209,92411250,0,539089,0,S,79700,3500,
000017.SZ,000017,20251209,92411880,0,539554,0,S,74300,300,
000017.SZ,000017,20251209,92412090,0,539707,0,B,81800,2000,
000017.SZ,000017,20251209,92412280,0,539878,0,S,74300,100,
000017.SZ,000017,20251209,92413220,0,540644,0,S,74300,900,
000017.SZ,000017,20251209,92414790,0,541759,0,B,82000,40000,
000017.SZ,000017,20251209,92414840,0,541781,0,B,80900,1600,
000017.SZ,000017,20251209,92414870,0,541816,0,S,82500,100,
000017.SZ,000017,20251209,92418540,0,544652,0,B,90800,700,
000017.SZ,000017,20251209,92418700,0,544791,0,S,74300,1200,
000017.SZ,000017,20251209,92419170,0,545152,0,B,80900,100,
000017.SZ,000017,20251209,92419770,0,545659,0,S,80900,2200,
000017.SZ,000017,20251209,92420250,0,546049,0,S,89900,100,
000017.SZ,000017,20251209,92420870,0,546538,0,B,79800,2000,
000017.SZ,000017,20251209,92421290,0,546948,0,S,74300,100,
000017.SZ,000017,20251209,92423420,0,548788,0,S,86600,200,
000017.SZ,000017,20251209,92424400,0,549606,0,B,79000,10000,
000017.SZ,000017,20251209,92424460,0,549662,0,S,82500,2300,
000017.SZ,000017,20251209,92425590,0,550658,0,S,88000,2000,
000017.SZ,000017,20251209,92426340,0,551299,0,B,82000,1000,
000017.SZ,000017,20251209,92426670,0,551606,0,S,80900,100,
000017.SZ,000017,20251209,92426740,0,551667,0,B,90800,4000,
000017.SZ,000017,20251209,92426930,0,551826,0,B,80900,2300,
000017.SZ,000017,20251209,92426940,0,551837,0,B,81100,2000,
000017.SZ,000017,20251209,92427010,0,551896,0,B,81000,1000,
000017.SZ,000017,20251209,92427240,0,552087,0,S,82500,100,
000017.SZ,000017,20251209,92427390,0,552208,0,B,80000,2000,
000017.SZ,000017,20251209,92427810,0,552571,0,B,81000,2000,
000017.SZ,000017,20251209,92428450,0,553138,0,S,80800,2000,
000017.SZ,000017,20251209,92428470,0,553153,0,S,79900,200,
000017.SZ,000017,20251209,92430570,0,555104,0,B,80300,100000,
000017.SZ,000017,20251209,92431610,0,556126,0,B,80600,2400,
000017.SZ,000017,20251209,92431680,0,556183,0,S,88800,200,
000017.SZ,000017,20251209,92432580,0,556922,0,B,81000,500,
000017.SZ,000017,20251209,92433710,0,557938,0,B,80500,700,
000017.SZ,000017,20251209,92433720,0,557952,0,S,80900,31200,
000017.SZ,000017,20251209,92433920,0,558116,0,S,82600,6900,
000017.SZ,000017,20251209,92434390,0,558525,0,S,84300,500,
000017.SZ,000017,20251209,92434890,0,558976,0,B,80900,2100,
000017.SZ,000017,20251209,92435900,0,559855,0,B,81000,4300,
000017.SZ,000017,20251209,92436270,0,560185,0,S,85000,300,
000017.SZ,000017,20251209,92436390,0,560293,0,B,80900,100,
000017.SZ,000017,20251209,92437030,0,560934,0,B,80200,5000,
000017.SZ,000017,20251209,92437230,0,561126,0,S,85900,3000,
000017.SZ,000017,20251209,92437820,0,561723,0,S,81000,1500,
000017.SZ,000017,20251209,92438310,0,562290,0,B,81000,100,
000017.SZ,000017,20251209,92438340,0,562314,0,B,90800,800,
000017.SZ,000017,20251209,92438440,0,562421,0,B,90800,2600,
000017.SZ,000017,20251209,92438490,0,562471,0,S,90700,1200,
000017.SZ,000017,20251209,92439290,0,563379,0,S,74300,400,
000017.SZ,000017,20251209,92439920,0,564027,0,B,79100,600,
000017.SZ,000017,20251209,92440240,0,564363,0,B,80800,700,
000017.SZ,000017,20251209,92442610,0,566669,0,B,81000,1000,
000017.SZ,000017,20251209,92443050,0,567120,0,B,80900,2500,
000017.SZ,000017,20251209,92443380,0,567431,0,B,78800,3000,
000017.SZ,000017,20251209,92443730,0,567812,0,B,80000,5000,
000017.SZ,000017,20251209,92444270,0,568368,0,B,80900,900,
000017.SZ,000017,20251209,92445020,0,569057,0,B,83800,1000,
000017.SZ,000017,20251209,92445420,0,569486,0,S,74300,200,
000017.SZ,000017,20251209,92446600,0,570686,0,B,80900,500,
000017.SZ,000017,20251209,92447340,0,571476,0,B,79300,1500,
000017.SZ,000017,20251209,92447700,0,571806,0,S,74300,100,
000017.SZ,000017,20251209,92447740,0,571843,0,B,79500,1000,
000017.SZ,000017,20251209,92448470,0,572693,0,S,90800,300,
000017.SZ,000017,20251209,92448580,0,572807,0,B,81000,2400,
000017.SZ,000017,20251209,92448640,0,572871,0,B,80900,1200,
000017.SZ,000017,20251209,92449290,0,573691,0,S,80900,100,
000017.SZ,000017,20251209,92449580,0,574136,0,S,79500,16500,
000017.SZ,000017,20251209,92449860,0,574561,0,B,81000,1400,
000017.SZ,000017,20251209,92449880,0,574586,0,S,82400,3400,
000017.SZ,000017,20251209,92450010,0,574818,0,B,80900,600,
000017.SZ,000017,20251209,92450290,0,575422,0,S,74300,4900,
000017.SZ,000017,20251209,92450390,0,575703,0,S,74300,1000,
000017.SZ,000017,20251209,92450440,0,575822,0,S,80700,3900,
000017.SZ,000017,20251209,92450640,0,576094,0,S,74300,5800,
000017.SZ,000017,20251209,92450650,0,576104,0,S,74300,1400,
000017.SZ,000017,20251209,92450690,0,576147,0,S,90800,1000,
000017.SZ,000017,20251209,92450730,0,576206,0,B,80900,2000,
000017.SZ,000017,20251209,92450770,0,576275,0,S,74300,4200,
000017.SZ,000017,20251209,92450820,0,576342,0,S,74300,4200,
000017.SZ,000017,20251209,92450940,0,576581,0,S,74300,19800,
000017.SZ,000017,20251209,92451040,0,576769,0,S,74300,1800,
000017.SZ,000017,20251209,92451160,0,576938,0,S,90800,2000,
000017.SZ,000017,20251209,92451300,0,577136,0,B,81200,1200,
000017.SZ,000017,20251209,92451870,0,577962,0,S,74300,1500,
000017.SZ,000017,20251209,92452330,0,578596,0,S,74300,300,
000017.SZ,000017,20251209,92453350,0,580006,0,B,80800,6800,
000017.SZ,000017,20251209,92453380,0,580057,0,B,79400,2200,
000017.SZ,000017,20251209,92453840,0,580699,0,B,81000,2000,
000017.SZ,000017,20251209,92454510,0,581662,0,B,90800,1000,
000017.SZ,000017,20251209,92455130,0,582776,0,B,88900,7400,
000017.SZ,000017,20251209,92455200,0,582923,0,S,79300,700,
000017.SZ,000017,20251209,92455400,0,583268,0,B,81000,2200,
000017.SZ,000017,20251209,92455400,0,583273,0,B,82200,3800,
000017.SZ,000017,20251209,92455470,0,583401,0,S,79300,100,
000017.SZ,000017,20251209,92455520,0,583477,0,S,88800,300,
000017.SZ,000017,20251209,92455960,0,584311,0,B,81300,6100,
000017.SZ,000017,20251209,92456070,0,584623,0,B,82500,100,
000017.SZ,000017,20251209,92456170,0,584909,0,B,82500,12400,
000017.SZ,000017,20251209,92456230,0,585101,0,S,79300,700,
000017.SZ,000017,20251209,92456240,0,585132,0,B,82500,100,
000017.SZ,000017,20251209,92456290,0,585248,0,S,79300,2100,
000017.SZ,000017,20251209,92456370,0,585485,0,B,80000,200,
000017.SZ,000017,20251209,92456430,0,585711,0,S,81100,25700,
000017.SZ,000017,20251209,92456440,0,585741,0,S,74300,800,
000017.SZ,000017,20251209,92456460,0,585781,0,B,80100,13000,
000017.SZ,000017,20251209,92456460,0,585798,0,S,82700,3400,
000017.SZ,000017,20251209,92456490,0,585886,0,S,79300,1000,
000017.SZ,000017,20251209,92456510,0,585963,0,S,82700,3900,
000017.SZ,000017,20251209,92456610,0,586319,0,B,80000,2000,
000017.SZ,000017,20251209,92456660,0,586422,0,B,82100,3600,
000017.SZ,000017,20251209,92457120,0,587504,0,S,80100,200,
000017.SZ,000017,20251209,92457300,0,587963,0,S,74300,1000,
000017.SZ,000017,20251209,92457340,0,588096,0,S,86600,1500,
000017.SZ,000017,20251209,92457360,0,588133,0,B,80900,500,
000017.SZ,000017,20251209,92457380,0,588185,0,B,81700,4500,
000017.SZ,000017,20251209,92457720,0,589098,0,S,83300,900,
000017.SZ,000017,20251209,92457740,0,589155,0,S,78500,1900,
000017.SZ,000017,20251209,92457740,0,589182,0,B,81700,3800,
000017.SZ,000017,20251209,92457860,0,589554,0,B,81700,4000,
000017.SZ,000017,20251209,92457900,0,589657,0,B,80900,15000,
000017.SZ,000017,20251209,92457950,0,589777,0,B,82100,14800,
000017.SZ,000017,20251209,92458020,0,589967,0,B,81000,100,
000017.SZ,000017,20251209,92458120,0,590245,0,B,84700,18400,
000017.SZ,000017,20251209,92458160,0,590359,0,B,82500,2400,
000017.SZ,000017,20251209,92458210,0,590585,0,B,86200,3600,
000017.SZ,000017,20251209,92458280,0,590835,0,B,86200,11300,
000017.SZ,000017,20251209,92458350,0,591057,0,S,78800,100,
000017.SZ,000017,20251209,92458360,0,591130,0,S,78800,800,
000017.SZ,000017,20251209,92458520,0,591745,0,S,78800,1800,
000017.SZ,000017,20251209,92458860,0,592754,0,S,74300,600,
000017.SZ,000017,20251209,92459160,0,593680,0,S,80300,3000,
000017.SZ,000017,20251209,92459160,0,593724,0,B,82400,1600,
000017.SZ,000017,20251209,92459160,0,593725,0,S,80300,4400,
000017.SZ,000017,20251209,92459180,0,593784,0,B,77000,1000,
000017.SZ,000017,20251209,92459190,0,593878,0,S,80300,3800,
000017.SZ,000017,20251209,92459190,0,593890,0,S,80300,2900,
000017.SZ,000017,20251209,92459250,0,594102,0,S,80300,7800,
000017.SZ,000017,20251209,92459270,0,594191,0,B,82000,1700,
000017.SZ,000017,20251209,92459320,0,594371,0,B,84100,600,
000017.SZ,000017,20251209,92459360,0,594529,0,S,80300,20300,
000017.SZ,000017,20251209,92459500,0,595078,0,B,82000,300,
000017.SZ,000017,20251209,92459570,0,595468,0,B,90800,1800,
000017.SZ,000017,20251209,92459760,0,596249,0,B,82400,15800,
000017.SZ,000017,20251209,92459820,0,596451,0,B,85000,11700,
000017.SZ,000017,20251209,92459870,0,596683,0,B,85000,500,
000017.SZ,000017,20251209,92459970,0,597482,0,B,83400,5400,
000017.SZ,000017,20251209,92459980,0,597597,0,B,83400,3300,
000017.SZ,000017,20251209,92459980,0,597897,0,B,82700,3300,
000017.SZ,000017,20251209,92459990,0,598100,0,B,81200,53000,
000017.SZ,000017,20251209,93000040,0,691801,0,B,81200,100,
000017.SZ,000017,20251209,93000040,0,693266,0,B,81200,100,
000017.SZ,000017,20251209,93000040,0,695298,0,S,81000,2400,
000017.SZ,000017,20251209,93000050,0,697048,0,B,80000,200,
000017.SZ,000017,20251209,93000050,0,699313,0,B,80900,1000,
000017.SZ,000017,20251209,93000050,0,700125,0,B,81200,1000,
000017.SZ,000017,20251209,93000050,0,701982,0,S,83000,2600,
000017.SZ,000017,20251209,93000060,0,702861,0,B,82400,2500,
000017.SZ,000017,20251209,93000060,0,702974,0,B,82300,100,
000017.SZ,000017,20251209,93000060,0,705201,0,S,79700,500,
000017.SZ,000017,20251209,93000060,0,705894,0,S,90700,1500,
000017.SZ,000017,20251209,93000060,0,708519,0,B,81000,1700,
000017.SZ,000017,20251209,93000060,0,709376,0,S,81200,400,
000017.SZ,000017,20251209,93000060,0,709425,0,B,79800,800,
000017.SZ,000017,20251209,93000060,0,709790,0,B,78500,6300,
000017.SZ,000017,20251209,93000070,0,710508,0,B,76000,2000,
000017.SZ,000017,20251209,93000070,0,710652,0,B,81400,200,
000017.SZ,000017,20251209,93000070,0,710688,0,S,81200,1000,
000017.SZ,000017,20251209,93000070,0,711716,0,B,81000,6400,
000017.SZ,000017,20251209,93000070,0,712353,0,S,81200,300,
000017.SZ,000017,20251209,93000070,0,713362,0,S,82800,6400,
000017.SZ,000017,20251209,93000070,0,713492,0,B,81200,100,
000017.SZ,000017,20251209,93000070,0,715071,0,B,80000,2100,
000017.SZ,000017,20251209,93000080,0,716737,0,S,82500,5400,
000017.SZ,000017,20251209,93000080,0,720399,0,B,79200,500,
000017.SZ,000017,20251209,93000080,0,720659,0,B,79000,1100,
000017.SZ,000017,20251209,93000090,0,723853,0,B,81200,100,
000017.SZ,000017,20251209,93000090,0,725341,0,B,79700,500,
000017.SZ,000017,20251209,93000090,0,726139,0,B,79300,3600,
000017.SZ,000017,20251209,93000090,0,726439,0,S,90800,3300,
000017.SZ,000017,20251209,93000100,0,726971,0,B,81000,30100,
000017.SZ,000017,20251209,93000100,0,727823,0,B,80000,5000,
000017.SZ,000017,20251209,93000100,0,728126,0,S,81800,1200,
000017.SZ,000017,20251209,93000100,0,728690,0,S,90000,600,
000017.SZ,000017,20251209,93000100,0,730383,0,B,81300,100,
000017.SZ,000017,20251209,93000110,0,732452,0,S,82800,900,
000017.SZ,000017,20251209,93000110,0,733384,0,B,77000,1200,
000017.SZ,000017,20251209,93000110,0,733988,0,B,81100,7000,
000017.SZ,000017,20251209,93000110,0,734129,0,B,79600,2000,
000017.SZ,000017,20251209,93000110,0,734699,0,B,81300,7000,
000017.SZ,000017,20251209,93000110,0,735221,0,S,85500,1000,
000017.SZ,000017,20251209,93000110,0,735223,0,S,81200,9300,
000017.SZ,000017,20251209,93000120,0,738264,0,B,81000,1000,
000017.SZ,000017,20251209,93000120,0,739096,0,S,81200,100,
000017.SZ,000017,20251209,93000120,0,741673,0,B,81200,600,
000017.SZ,000017,20251209,93000120,0,741963,0,S,84500,500,
000017.SZ,000017,20251209,93000120,0,742077,0,S,81200,1000,
000017.SZ,000017,20251209,93000120,0,742224,0,B,74300,1000,
000017.SZ,000017,20251209,93000120,0,742307,0,B,77000,200,
000017.SZ,000017,20251209,93000130,0,745943,0,B,79600,3000,
000017.SZ,000017,20251209,93000130,0,748230,0,B,80100,100,
000017.SZ,000017,20251209,93000130,0,748419,0,S,81500,200,
000017.SZ,000017,20251209,93000140,0,750750,0,S,81200,100,
000017.SZ,000017,20251209,93000140,0,751135,0,S,81000,200,
000017.SZ,000017,20251209,93000140,0,751518,0,S,80800,200,
000017.SZ,000017,20251209,93000140,0,752181,0,B,82100,1200,
000017.SZ,000017,20251209,93000140,0,752799,0,B,80200,5000,
000017.SZ,000017,20251209,93000140,0,753206,0,B,81500,5800,
000017.SZ,000017,20251209,93000140,0,755341,0,S,90800,100,
000017.SZ,000017,20251209,93000140,0,755679,0,B,81300,5000,
000017.SZ,000017,20251209,93000150,0,755968,0,B,81600,3100,
000017.SZ,000017,20251209,93000150,0,756059,0,B,81400,2600,
000017.SZ,000017,20251209,93000150,0,757500,0,B,79500,1200,
000017.SZ,000017,20251209,93000150,0,758572,0,B,81300,200,
000017.SZ,000017,20251209,93000150,0,758804,0,B,79900,1000,
000017.SZ,000017,20251209,93000150,0,759071,0,S,90800,3600,
000017.SZ,000017,20251209,93000150,0,759634,0,B,80100,200,
000017.SZ,000017,20251209,93000150,0,760615,0,S,90000,100,
000017.SZ,000017,20251209,93000150,0,760662,0,S,89000,100,
000017.SZ,000017,20251209,93000160,0,762483,0,B,78800,3000,
000017.SZ,000017,20251209,93000160,0,762589,0,B,81300,300,
000017.SZ,000017,20251209,93000160,0,763795,0,S,88000,100,
000017.SZ,000017,20251209,93000160,0,764051,0,S,82900,7500,
000017.SZ,000017,20251209,93000160,0,764802,0,S,90800,600,
000017.SZ,000017,20251209,93000160,0,765274,0,B,80800,3700,
000017.SZ,000017,20251209,93000170,0,768267,0,S,88000,300,
000017.SZ,000017,20251209,93000170,0,770874,0,B,81400,500,
000017.SZ,000017,20251209,93000170,0,771100,0,B,80100,3000,
000017.SZ,000017,20251209,93000180,0,773974,0,S,80900,100,
000017.SZ,000017,20251209,93000180,0,775455,0,S,81700,5000,
000017.SZ,000017,20251209,93000180,0,775888,0,S,82000,5800,
000017.SZ,000017,20251209,93000190,0,777216,0,S,83000,6000,
000017.SZ,000017,20251209,93000190,0,778120,0,B,81100,2700,
000017.SZ,000017,20251209,93000190,0,778235,0,S,83200,300,
000017.SZ,000017,20251209,93000190,0,778428,0,B,81000,5000,
000017.SZ,000017,20251209,93000190,0,778646,0,B,80000,1700,
000017.SZ,000017,20251209,93000190,0,779016,0,S,80800,1700,
000017.SZ,000017,20251209,93000190,0,779089,0,S,81200,6700,
000017.SZ,000017,20251209,93000190,0,780048,0,S,81200,200,
000017.SZ,000017,20251209,93000190,0,780478,0,S,90000,1200,
000017.SZ,000017,20251209,93000190,0,780529,0,B,80300,300,
000017.SZ,000017,20251209,93000200,0,781751,0,B,81400,100,
000017.SZ,000017,20251209,93000200,0,782343,0,S,85000,33400,
000017.SZ,000017,20251209,93000200,0,782424,0,S,79800,400,
000017.SZ,000017,20251209,93000200,0,782596,0,B,80100,600,
000017.SZ,000017,20251209,93000200,0,783690,0,S,81800,5000,
000017.SZ,000017,20251209,93000210,0,786264,0,S,81200,700,
000017.SZ,000017,20251209,93000210,0,786512,0,B,80000,3300,
000017.SZ,000017,20251209,93000210,0,787140,0,B,81000,1000,
000017.SZ,000017,20251209,93000230,0,792668,0,B,78100,2000,
000017.SZ,000017,20251209,93000230,0,793210,0,B,81400,500,
000017.SZ,000017,20251209,93000230,0,793303,0,B,79000,2000,
000017.SZ,000017,20251209,93000230,0,793347,0,B,80800,400,
000017.SZ,000017,20251209,93000230,0,793557,0,B,81300,200,
000017.SZ,000017,20251209,93000230,0,793893,0,B,81300,1200,
000017.SZ,000017,20251209,93000230,0,794541,0,S,81200,6700,
000017.SZ,000017,20251209,93000230,0,794806,0,B,80400,2200,
000017.SZ,000017,20251209,93000230,0,795103,0,B,79600,5000,
000017.SZ,000017,20251209,93000230,0,795263,0,B,81000,100000,
000017.SZ,000017,20251209,93000230,0,795408,0,S,82200,1000,
000017.SZ,000017,20251209,93000230,0,795707,0,S,87000,100,
000017.SZ,000017,20251209,93000230,0,795749,0,S,86000,100,
000017.SZ,000017,20251209,93000240,0,796275,0,B,80500,1900,
000017.SZ,000017,20251209,93000240,0,797020,0,B,81400,500,
000017.SZ,000017,20251209,93000240,0,798770,0,S,90800,1000,
000017.SZ,000017,20251209,93000240,0,799134,0,B,78500,800,
000017.SZ,000017,20251209,93000250,0,799698,0,B,81100,1900,
000017.SZ,000017,20251209,93000250,0,800302,0,S,90800,5000,
000017.SZ,000017,20251209,93000250,0,800447,0,S,81100,500,
000017.SZ,000017,20251209,93000250,0,800683,0,S,82300,1500,
000017.SZ,000017,20251209,93000250,0,800698,0,B,77800,400,
000017.SZ,000017,20251209,93000250,0,801364,0,B,80000,600,
000017.SZ,000017,20251209,93000260,0,803387,0,B,81700,1700,
000017.SZ,000017,20251209,93000260,0,805028,0,S,82200,900,
000017.SZ,000017,20251209,93000260,0,805848,0,B,79600,2000,
000017.SZ,000017,20251209,93000260,0,805849,0,S,81500,4400,
000017.SZ,000017,20251209,93000260,0,806530,0,B,79500,1400,
000017.SZ,000017,20251209,93000270,0,806642,0,S,81300,5700,
000017.SZ,000017,20251209,93000270,0,806699,0,B,80200,500,
000017.SZ,000017,20251209,93000280,0,811108,0,S,83600,4000,
000017.SZ,000017,20251209,93000280,0,812092,0,B,79100,300,
000017.SZ,000017,20251209,93000280,0,813076,0,B,80400,500,
000017.SZ,000017,20251209,93000290,0,813222,0,B,81200,200,
000017.SZ,000017,20251209,93000290,0,815194,0,B,78500,400,
000017.SZ,000017,20251209,93000290,0,816050,0,B,79200,20500,
000017.SZ,000017,20251209,93000300,0,816847,0,B,80100,10000,
000017.SZ,000017,20251209,93000300,0,817176,0,S,81500,300,
000017.SZ,000017,20251209,93000300,0,817703,0,B,78000,38500,
000017.SZ,000017,20251209,93000300,0,818071,0,S,81200,1500,
000017.SZ,000017,20251209,93000300,0,819281,0,S,82100,800,
000017.SZ,000017,20251209,93000310,0,820283,0,S,80100,100,
000017.SZ,000017,20251209,93000310,0,821376,0,B,81100,100,
000017.SZ,000017,20251209,93000320,0,824288,0,S,81200,400,
000017.SZ,000017,20251209,93000320,0,824451,0,S,86700,6000,
000017.SZ,000017,20251209,93000320,0,824727,0,B,80900,1500,
000017.SZ,000017,20251209,93000330,0,826189,0,S,82000,7000,
000017.SZ,000017,20251209,93000330,0,827501,0,B,81200,1500,
000017.SZ,000017,20251209,93000340,0,828246,0,S,84300,2000,
000017.SZ,000017,20251209,93000340,0,828610,0,B,79500,10000,
000017.SZ,000017,20251209,93000340,0,828793,0,B,81000,1500,
000017.SZ,000017,20251209,93000340,0,829604,0,S,81000,1000,
000017.SZ,000017,20251209,93000340,0,830009,0,B,81100,100,
000017.SZ,000017,20251209,93000350,0,831100,0,S,81500,100,
000017.SZ,000017,20251209,93000350,0,831590,0,S,84500,900,
000017.SZ,000017,20251209,93000350,0,831925,0,S,81400,51400,
000017.SZ,000017,20251209,93000350,0,832756,0,B,80200,1000,
000017.SZ,000017,20251209,93000360,0,833434,0,B,80600,3200,
000017.SZ,000017,20251209,93000360,0,833794,0,S,84000,1000,
000017.SZ,000017,20251209,93000360,0,834220,0,S,83700,800,
000017.SZ,000017,20251209,93000370,0,836736,0,S,82000,5000,
000017.SZ,000017,20251209,93000380,0,839035,0,S,81500,100,
000017.SZ,000017,20251209,93000390,0,839160,0,B,79700,1000,
000017.SZ,000017,20251209,93000390,0,839738,0,S,82800,1200,
000017.SZ,000017,20251209,93000390,0,839881,0,S,81500,300,
000017.SZ,000017,20251209,93000390,0,840287,0,S,81000,500,
000017.SZ,000017,20251209,93000390,0,840391,0,S,81500,200,
000017.SZ,000017,20251209,93000390,0,841023,0,S,90800,5500,
000017.SZ,000017,20251209,93000400,0,841793,0,S,82500,5000,
000017.SZ,000017,20251209,93000410,0,843796,0,S,81500,1100,
000017.SZ,000017,20251209,93000420,0,845478,0,B,79000,5600,
000017.SZ,000017,20251209,93000420,0,846071,0,B,80500,5000,
000017.SZ,000017,20251209,93000430,0,846630,0,S,82800,10000,
000017.SZ,000017,20251209,93000430,0,846952,0,B,81200,500,
000017.SZ,000017,20251209,93000430,0,847532,0,B,76800,500,
000017.SZ,000017,20251209,93000440,0,849840,0,B,80700,500,
000017.SZ,000017,20251209,93000450,0,850314,0,S,85000,500,
000017.SZ,000017,20251209,93000450,0,850696,0,B,81000,500,
000017.SZ,000017,20251209,93000450,0,851172,0,B,81200,800,
000017.SZ,000017,20251209,93000460,0,853378,0,B,80000,8000,
000017.SZ,000017,20251209,93000470,0,853512,0,B,81000,10000,
000017.SZ,000017,20251209,93000470,0,854125,0,B,81200,2500,
000017.SZ,000017,20251209,93000470,0,854488,0,B,81100,800,
000017.SZ,000017,20251209,93000470,0,855059,0,S,85000,1000,
000017.SZ,000017,20251209,93000480,0,855619,0,S,81000,5100,
000017.SZ,000017,20251209,93000490,0,857960,0,B,81200,3500,
000017.SZ,000017,20251209,93000510,0,859613,0,B,75000,1900,
000017.SZ,000017,20251209,93000510,0,860666,0,S,83700,500,
000017.SZ,000017,20251209,93000520,0,861073,0,B,80200,1000,
000017.SZ,000017,20251209,93000520,0,861618,0,S,81200,100,
000017.SZ,000017,20251209,93000520,0,862132,0,S,81500,400,
000017.SZ,000017,20251209,93000530,0,863230,0,S,81500,2900,
000017.SZ,000017,20251209,93000530,0,863243,0,S,81500,200,
000017.SZ,000017,20251209,93000530,0,863254,0,S,81500,2900,
000017.SZ,000017,20251209,93000530,0,863267,0,S,81500,500,
000017.SZ,000017,20251209,93000530,0,863361,0,S,81500,200,
000017.SZ,000017,20251209,93000530,0,863370,0,S,81500,400,
000017.SZ,000017,20251209,93000530,0,863390,0,S,81500,200,
000017.SZ,000017,20251209,93000530,0,863945,0,S,81500,100,
000017.SZ,000017,20251209,93000530,0,864054,0,S,85000,3700,
000017.SZ,000017,20251209,93000540,0,864571,0,B,81100,1000,
000017.SZ,000017,20251209,93000540,0,866065,0,B,81400,2000,
000017.SZ,000017,20251209,93000550,0,866315,0,S,90800,13700,
000017.SZ,000017,20251209,93000550,0,867342,1,S,0,600,
000017.SZ,000017,20251209,93000550,0,867580,0,B,80900,200,
000017.SZ,000017,20251209,93000570,0,869872,0,B,78000,700,
000017.SZ,000017,20251209,93000570,0,870488,0,B,80900,300,
000017.SZ,000017,20251209,93000570,0,870522,0,B,80000,600,
000017.SZ,000017,20251209,93000580,0,871442,0,B,81300,400,
000017.SZ,000017,20251209,93000580,0,872103,0,B,80200,1700,
000017.SZ,000017,20251209,93000590,0,872472,0,B,81400,700,
000017.SZ,000017,20251209,93000590,0,873127,0,S,90300,2400,
000017.SZ,000017,20251209,93000590,0,874382,0,S,84800,100,
000017.SZ,000017,20251209,93000600,0,874660,0,S,90700,3000,
000017.SZ,000017,20251209,93000600,0,874763,0,S,81200,100,
000017.SZ,000017,20251209,93000600,0,875108,0,S,81300,1400,
000017.SZ,000017,20251209,93000600,0,875242,0,S,86800,100,
000017.SZ,000017,20251209,93000600,0,875769,0,B,82900,200,
000017.SZ,000017,20251209,93000610,0,876079,0,S,81000,300,
000017.SZ,000017,20251209,93000610,0,876098,0,S,88700,100,
000017.SZ,000017,20251209,93000610,0,876101,0,S,90700,100,
000017.SZ,000017,20251209,93000610,0,877310,0,B,80800,1000,
000017.SZ,000017,20251209,93000620,0,878002,0,B,81400,2000,
000017.SZ,000017,20251209,93000620,0,878385,0,S,81100,2700,
000017.SZ,000017,20251209,93000630,0,879325,0,B,80000,500,
000017.SZ,000017,20251209,93000630,0,879452,0,B,81000,16200,
000017.SZ,000017,20251209,93000630,0,879727,0,S,90000,1600,
000017.SZ,000017,20251209,93000630,0,880392,0,B,81400,1000,
000017.SZ,000017,20251209,93000640,0,881106,0,B,79900,4100,
000017.SZ,000017,20251209,93000640,0,881309,0,S,80000,300,
000017.SZ,000017,20251209,93000660,0,884032,0,B,81200,1300,
000017.SZ,000017,20251209,93000660,0,884371,0,S,88600,113400,
000017.SZ,000017,20251209,93000660,0,885288,0,B,80200,800,
000017.SZ,000017,20251209,93000670,0,885574,0,B,81600,400,
000017.SZ,000017,20251209,93000670,0,886432,0,B,81600,500,
000017.SZ,000017,20251209,93000680,0,887821,0,S,81500,100,
000017.SZ,000017,20251209,93000680,0,887826,0,B,81900,3000,
000017.SZ,000017,20251209,93000680,0,888170,0,S,81600,700,
000017.SZ,000017,20251209,93000680,0,888190,0,S,81600,200,
000017.SZ,000017,20251209,93000680,0,888310,0,B,80100,3000,
000017.SZ,000017,20251209,93000680,0,888435,0,B,79700,800,
000017.SZ,000017,20251209,93000690,0,889639,0,S,83600,300,
000017.SZ,000017,20251209,93000690,0,890082,0,S,88900,20000,
000017.SZ,000017,20251209,93000700,0,891355,0,S,90800,23900,
000017.SZ,000017,20251209,93000700,0,891806,0,B,81200,500,
000017.SZ,000017,20251209,93000700,0,892195,0,B,79900,300,
000017.SZ,000017,20251209,93000710,0,892841,0,S,82600,20000,
000017.SZ,000017,20251209,93000710,0,893367,0,B,79600,300,
000017.SZ,000017,20251209,93000710,0,893682,0,B,79000,6000,
000017.SZ,000017,20251209,93000720,0,894622,0,S,88800,3000,
000017.SZ,000017,20251209,93000720,0,894766,0,B,81200,12300,
000017.SZ,000017,20251209,93000720,0,895469,0,B,79500,2500,
000017.SZ,000017,20251209,93000730,0,895726,0,B,81600,900,
000017.SZ,000017,20251209,93000730,0,896083,0,S,81200,3400,
000017.SZ,000017,20251209,93000730,0,897074,0,S,84000,1400,
000017.SZ,000017,20251209,93000740,0,897975,0,S,81200,200,
000017.SZ,000017,20251209,93000740,0,898048,0,B,81400,200,
000017.SZ,000017,20251209,93000740,0,898147,0,B,81200,300,
000017.SZ,000017,20251209,93000740,0,898471,0,B,79700,200,
000017.SZ,000017,20251209,93000750,0,900576,0,B,81600,2600,
000017.SZ,000017,20251209,93000770,0,902452,0,B,78100,1000,
000017.SZ,000017,20251209,93000770,0,902922,0,B,81200,600,
000017.SZ,000017,20251209,93000780,0,904135,0,B,79000,1100,
000017.SZ,000017,20251209,93000790,0,905381,0,B,81600,400,
000017.SZ,000017,20251209,93000790,0,905908,0,S,83800,1000,
000017.SZ,000017,20251209,93000800,0,906865,0,B,81100,5000,
000017.SZ,000017,20251209,93000800,0,907215,0,S,84000,1400,
000017.SZ,000017,20251209,93000800,0,908066,0,S,81500,200,
000017.SZ,000017,20251209,93000810,0,909015,0,B,81400,100,
000017.SZ,000017,20251209,93000810,0,909030,0,B,81400,2000,
000017.SZ,000017,20251209,93000810,0,909198,0,S,81000,2000,
000017.SZ,000017,20251209,93000820,0,910787,0,B,81200,2000,
000017.SZ,000017,20251209,93000830,0,911029,0,B,81200,100,
000017.SZ,000017,20251209,93000840,0,913387,0,B,81200,100,
000017.SZ,000017,20251209,93000840,0,913593,0,S,82800,1300,
000017.SZ,000017,20251209,93000850,0,914002,0,S,82500,1300,
000017.SZ,000017,20251209,93000850,0,914612,0,S,81200,1000,
000017.SZ,000017,20251209,93000850,0,915852,0,B,79500,2000,
000017.SZ,000017,20251209,93000860,0,916370,0,S,85800,2500,
000017.SZ,000017,20251209,93000860,0,916428,0,S,85000,300,
000017.SZ,000017,20251209,93000860,0,916566,0,S,86600,300,
000017.SZ,000017,20251209,93000860,0,916613,0,B,81100,7900,
000017.SZ,000017,20251209,93000860,0,916822,0,B,80500,4000,
000017.SZ,000017,20251209,93000860,0,917223,0,B,79900,4000,
000017.SZ,000017,20251209,93000860,0,918022,0,B,80900,5900,
000017.SZ,000017,20251209,93000870,0,918639,0,S,85100,600,
000017.SZ,000017,20251209,93000890,0,921769,0,B,81400,200,
000017.SZ,000017,20251209,93000890,0,922275,0,B,80900,3900,
000017.SZ,000017,20251209,93000890,0,923127,0,S,81200,100,
000017.SZ,000017,20251209,93000900,0,923407,0,B,81200,600,
000017.SZ,000017,20251209,93000900,0,923489,0,B,80000,500,
000017.SZ,000017,20251209,93000900,0,924477,0,S,81800,1400,
000017.SZ,000017,20251209,93000910,0,924912,0,B,79900,1300,
000017.SZ,000017,20251209,93000920,0,925745,0,B,81100,1000,
000017.SZ,000017,20251209,93000920,0,926300,0,S,88200,300,
000017.SZ,000017,20251209,93000920,0,926803,0,B,80200,300,
000017.SZ,000017,20251209,93000920,0,926905,0,S,82100,2900,
000017.SZ,000017,20251209,93000930,0,927508,0,S,90800,400,
000017.SZ,000017,20251209,93000940,0,929141,0,S,82300,900,
000017.SZ,000017,20251209,93000940,0,929187,0,B,81300,100,
000017.SZ,000017,20251209,93000970,0,933527,0,B,81200,200,
000017.SZ,000017,20251209,93000990,0,937510,0,S,82700,100,
000017.SZ,000017,20251209,93001010,0,939242,0,B,80500,500,
000017.SZ,000017,20251209,93001020,0,940220,0,B,79700,3000,
000017.SZ,000017,20251209,93001020,0,940666,0,B,81400,3700,
000017.SZ,000017,20251209,93001020,0,940727,0,S,88800,100,
000017.SZ,000017,20251209,93001020,0,941516,0,B,81000,1000,
000017.SZ,000017,20251209,93001030,0,941921,0,B,79600,2000,
000017.SZ,000017,20251209,93001030,0,943055,0,S,81500,100,
000017.SZ,000017,20251209,93001040,0,943200,0,S,83500,1000,
000017.SZ,000017,20251209,93001040,0,944272,0,S,81200,1000,
000017.SZ,000017,20251209,93001050,0,945611,0,B,78000,7000,
000017.SZ,000017,20251209,93001050,0,945710,0,S,81000,700,
000017.SZ,000017,20251209,93001050,0,946026,0,S,81500,2800,
000017.SZ,000017,20251209,93001060,0,946215,0,S,81200,500,
000017.SZ,000017,20251209,93001060,0,947193,0,S,81800,1000,
000017.SZ,000017,20251209,93001090,0,949987,0,B,79000,500,
000017.SZ,000017,20251209,93001090,0,950414,0,B,80000,3000,
000017.SZ,000017,20251209,93001100,0,951459,0,S,81200,800,
000017.SZ,000017,20251209,93001120,0,953707,0,B,74300,1000,
000017.SZ,000017,20251209,93001120,0,953781,0,B,81400,1100,
000017.SZ,000017,20251209,93001120,0,954042,0,S,83200,100,
000017.SZ,000017,20251209,93001130,0,954185,0,S,81600,1300,
000017.SZ,000017,20251209,93001140,0,955508,0,B,81600,2200,
000017.SZ,000017,20251209,93001160,0,957546,0,B,81400,100,
000017.SZ,000017,20251209,93001160,0,957707,0,B,80200,300,
000017.SZ,000017,20251209,93001160,0,957819,0,B,80100,2000,
000017.SZ,000017,20251209,93001160,0,958273,0,B,80100,2600,
000017.SZ,000017,20251209,93001170,0,959022,0,B,79700,10000,
000017.SZ,000017,20251209,93001170,0,959431,0,S,85000,6000,
000017.SZ,000017,20251209,93001180,0,959779,0,S,80500,3000,
000017.SZ,000017,20251209,93001180,0,959863,0,S,84900,700,
000017.SZ,000017,20251209,93001190,0,961115,0,S,83900,800,
000017.SZ,000017,20251209,93001220,0,964234,0,S,90800,10000,
000017.SZ,000017,20251209,93001220,0,964549,0,S,87600,25100,
000017.SZ,000017,20251209,93001220,0,964656,0,S,82100,100,
000017.SZ,000017,20251209,93001260,0,967857,0,S,84800,200,
000017.SZ,000017,20251209,93001280,0,969000,0,B,81100,1300,
000017.SZ,000017,20251209,93001290,0,969742,0,S,84200,1400,
000017.SZ,000017,20251209,93001290,0,969773,0,B,79800,10000,
000017.SZ,000017,20251209,93001290,0,970207,0,S,79700,1200,
000017.SZ,000017,20251209,93001310,0,971698,0,B,81200,1000,
000017.SZ,000017,20251209,93001310,0,971896,0,S,81200,500,
000017.SZ,000017,20251209,93001330,0,973089,0,B,81200,1000,
000017.SZ,000017,20251209,93001350,0,974004,0,S,83000,2000,
000017.SZ,000017,20251209,93001350,0,974179,0,B,78300,500,
000017.SZ,000017,20251209,93001350,0,974212,0,B,81200,1800,
000017.SZ,000017,20251209,93001350,0,974243,0,S,81500,200,
000017.SZ,000017,20251209,93001350,0,974345,0,B,76500,500,
000017.SZ,000017,20251209,93001390,0,977063,0,B,76000,500,
000017.SZ,000017,20251209,93001390,0,977756,0,S,82500,400,
000017.SZ,000017,20251209,93001430,0,980542,0,S,81100,800,
000017.SZ,000017,20251209,93001430,0,981108,0,B,81600,400,
000017.SZ,000017,20251209,93001430,0,981110,0,B,81600,600,
000017.SZ,000017,20251209,93001430,0,981115,0,B,81600,200,
000017.SZ,000017,20251209,93001450,0,982308,0,B,81400,11900,
000017.SZ,000017,20251209,93001450,0,982510,0,S,90800,800,
000017.SZ,000017,20251209,93001460,0,982838,0,S,81300,200,
000017.SZ,000017,20251209,93001460,0,983074,0,S,82400,2600,
000017.SZ,000017,20251209,93001460,0,983648,0,B,80000,1000,
000017.SZ,000017,20251209,93001540,0,990840,0,B,81700,900,
000017.SZ,000017,20251209,93001540,0,990985,0,B,81800,700,
000017.SZ,000017,20251209,93001540,0,991017,0,S,81200,12500,
000017.SZ,000017,20251209,93001550,0,991394,0,S,82600,1500,
000017.SZ,000017,20251209,93001560,0,992714,0,B,80200,5000,
000017.SZ,000017,20251209,93001580,0,994552,0,B,80800,2100,
000017.SZ,000017,20251209,93001590,0,995026,0,B,81300,900,
000017.SZ,000017,20251209,93001600,0,996070,0,B,81200,800,
000017.SZ,000017,20251209,93001610,0,996550,0,S,90800,4000,
000017.SZ,000017,20251209,93001630,0,999633,0,B,81200,100,
000017.SZ,000017,20251209,93001640,0,1000247,0,S,85000,20000,
000017.SZ,000017,20251209,93001640,0,1001038,0,B,79600,500,
000017.SZ,000017,20251209,93001650,0,1001793,0,B,81400,500,
000017.SZ,000017,20251209,93001680,0,1003970,0,S,81500,100,
000017.SZ,000017,20251209,93001680,0,1003995,0,S,81500,100,
000017.SZ,000017,20251209,93001680,0,1004440,0,B,81200,300,
000017.SZ,000017,20251209,93001680,0,1004558,0,B,81200,200,
000017.SZ,000017,20251209,93001690,0,1005166,0,S,81500,100,
000017.SZ,000017,20251209,93001690,0,1005240,0,B,81400,100,
000017.SZ,000017,20251209,93001690,0,1005244,0,B,81400,400,
000017.SZ,000017,20251209,93001720,0,1007439,0,S,83000,2800,
000017.SZ,000017,20251209,93001720,0,1007661,0,B,80300,1000,
000017.SZ,000017,20251209,93001740,0,1009131,0,B,81400,1000,
000017.SZ,000017,20251209,93001750,0,1010109,0,S,84300,2600,
000017.SZ,000017,20251209,93001750,0,1010285,0,S,83500,1000,
000017.SZ,000017,20251209,93001750,0,1010347,0,S,81200,10100,
000017.SZ,000017,20251209,93001760,0,1010977,0,B,81000,400,
000017.SZ,000017,20251209,93001770,0,1012085,0,B,78800,500,
000017.SZ,000017,20251209,93001790,0,1013531,0,B,81100,3800,
000017.SZ,000017,20251209,93001790,0,1013593,0,B,81300,200,
000017.SZ,000017,20251209,93001830,0,1017042,0,B,79000,10000,
000017.SZ,000017,20251209,93001840,0,1017851,0,B,81400,3400,
000017.SZ,000017,20251209,93001840,0,1018417,0,S,84100,500,
000017.SZ,000017,20251209,93001850,0,1018788,0,B,81200,1000,
000017.SZ,000017,20251209,93001850,0,1018812,0,S,90800,1000,
000017.SZ,000017,20251209,93001850,0,1018864,0,S,90800,1300,
000017.SZ,000017,20251209,93001850,0,1018997,0,B,81400,200,
000017.SZ,000017,20251209,93001850,0,1019134,0,B,80000,1000,
000017.SZ,000017,20251209,93001860,0,1019573,0,B,81000,300,
000017.SZ,000017,20251209,93001870,0,1020374,0,B,76000,500,
000017.SZ,000017,20251209,93001870,0,1020673,0,S,83700,400,
000017.SZ,000017,20251209,93001890,0,1022192,0,B,81300,700,
000017.SZ,000017,20251209,93001890,0,1022222,0,S,81200,600,
000017.SZ,000017,20251209,93001890,0,1022664,0,B,81300,700,
000017.SZ,000017,20251209,93001910,0,1024710,0,B,80000,600,
000017.SZ,000017,20251209,93001910,0,1024725,0,B,81400,5000,
000017.SZ,000017,20251209,93001920,0,1025090,0,S,81800,7100,
000017.SZ,000017,20251209,93001920,0,1025338,0,S,84100,400,
000017.SZ,000017,20251209,93001940,0,1028211,0,B,81100,5400,
000017.SZ,000017,20251209,93001950,0,1029471,0,B,81000,100,
000017.SZ,000017,20251209,93001960,0,1030762,0,B,79600,3000,
000017.SZ,000017,20251209,93001990,0,1033480,0,B,81200,1500,
000017.SZ,000017,20251209,93002000,0,1034755,0,S,81200,300,
000017.SZ,000017,20251209,93002010,0,1035751,0,B,81200,1400,
000017.SZ,000017,20251209,93002020,0,1036196,0,B,81200,2300,
000017.SZ,000017,20251209,93002020,0,1036197,0,B,81200,1500,
000017.SZ,000017,20251209,93002020,0,1036247,0,S,90800,200,
000017.SZ,000017,20251209,93002020,0,1036362,0,B,81200,900,
000017.SZ,000017,20251209,93002030,0,1037844,1,S,10000,1500,
000017.SZ,000017,20251209,93002040,0,1038183,0,S,81200,600,
000017.SZ,000017,20251209,93002040,0,1038226,0,B,81200,1500,
000017.SZ,000017,20251209,93002040,0,1038257,0,S,81200,100,
000017.SZ,000017,20251209,93002040,0,1038325,0,B,80700,3000,
000017.SZ,000017,20251209,93002040,0,1039068,0,S,90800,25100,
000017.SZ,000017,20251209,93002060,0,1040755,0,S,89800,1400,
000017.SZ,000017,20251209,93002080,0,1041719,0,B,78100,1200,
000017.SZ,000017,20251209,93002080,0,1041888,0,S,81200,800,
000017.SZ,000017,20251209,93002080,0,1042024,0,B,80000,2000,
000017.SZ,000017,20251209,93002090,0,1042571,0,B,81200,2000,
000017.SZ,000017,20251209,93002110,0,1043660,0,S,81200,300,
000017.SZ,000017,20251209,93002120,0,1044453,0,B,80200,500,
000017.SZ,000017,20251209,93002130,0,1045491,0,B,80700,600,
000017.SZ,000017,20251209,93002130,0,1045782,0,B,81400,2500,
000017.SZ,000017,20251209,93002140,0,1046114,0,B,80500,500,
000017.SZ,000017,20251209,93002140,0,1046199,0,B,81400,1100,
000017.SZ,000017,20251209,93002140,0,1046725,0,S,81400,1400,
000017.SZ,000017,20251209,93002150,0,1047245,0,B,80600,1600,
000017.SZ,000017,20251209,93002160,0,1047779,0,B,80000,500,
000017.SZ,000017,20251209,93002190,0,1049691,0,B,81500,100,
000017.SZ,000017,20251209,93002200,0,1050420,0,B,82100,1200,
000017.SZ,000017,20251209,93002200,0,1050535,0,B,81500,2500,
000017.SZ,000017,20251209,93002210,0,1051562,0,B,76000,12500,
000017.SZ,000017,20251209,93002210,0,1051601,0,S,81200,1100,
000017.SZ,000017,20251209,93002230,0,1052615,0,B,80000,100,
000017.SZ,000017,20251209,93002240,0,1053237,0,B,81400,100,
000017.SZ,000017,20251209,93002240,0,1053264,0,B,81400,600,
000017.SZ,000017,20251209,93002240,0,1053270,0,B,81400,400,
000017.SZ,000017,20251209,93002240,0,1053272,0,B,81400,100,
000017.SZ,000017,20251209,93002260,0,1054123,0,S,81500,300,
000017.SZ,000017,20251209,93002260,0,1054133,0,S,81500,700,
000017.SZ,000017,20251209,93002260,0,1054134,0,S,81500,100,
000017.SZ,000017,20251209,93002260,0,1054135,0,S,81500,200,
000017.SZ,000017,20251209,93002260,0,1054138,0,S,81500,400,
000017.SZ,000017,20251209,93002260,0,1054720,0,S,81200,3700,
000017.SZ,000017,20251209,93002270,0,1054843,0,S,82500,1300,
000017.SZ,000017,20251209,93002280,0,1055733,0,B,81200,2000,
000017.SZ,000017,20251209,93002280,0,1055844,0,S,81100,500,
000017.SZ,000017,20251209,93002330,0,1058156,0,S,81000,6000,
000017.SZ,000017,20251209,93002330,0,1058316,0,B,81000,5400,
000017.SZ,000017,20251209,93002330,0,1058523,0,B,80100,12800,
000017.SZ,000017,20251209,93002340,0,1058799,0,S,81700,200,
000017.SZ,000017,20251209,93002340,0,1058906,0,B,81000,500,
000017.SZ,000017,20251209,93002340,0,1059087,0,B,77000,500,
000017.SZ,000017,20251209,93002410,0,1062375,0,S,86600,2800,
000017.SZ,000017,20251209,93002430,0,1063526,0,B,75000,100,
000017.SZ,000017,20251209,93002450,0,1065248,0,B,80200,100,
000017.SZ,000017,20251209,93002450,0,1065264,0,S,81500,700,
000017.SZ,000017,20251209,93002450,0,1065351,0,S,81500,2700,
000017.SZ,000017,20251209,93002460,0,1065734,0,S,86000,900,
000017.SZ,000017,20251209,93002470,0,1066641,0,B,81000,300,
000017.SZ,000017,20251209,93002490,0,1067203,0,B,81300,800,
000017.SZ,000017,20251209,93002510,0,1068286,0,B,81200,1000,
000017.SZ,000017,20251209,93002520,0,1068725,0,B,80800,5500,
000017.SZ,000017,20251209,93002530,0,1069567,0,S,82300,400,
000017.SZ,000017,20251209,93002560,0,1071483,0,S,81600,2500,
000017.SZ,000017,20251209,93002560,0,1071632,0,S,81400,2600,
000017.SZ,000017,20251209,93002560,0,1071778,0,S,81100,17700,
000017.SZ,000017,20251209,93002560,0,1071824,0,S,81600,3100,
000017.SZ,000017,20251209,93002560,0,1071827,0,S,81600,3100,
000017.SZ,000017,20251209,93002570,0,1071904,0,S,81600,600,
000017.SZ,000017,20251209,93002570,0,1072089,0,B,79400,500,
000017.SZ,000017,20251209,93002590,0,1073345,0,B,81300,700,
000017.SZ,000017,20251209,93002600,0,1074155,0,B,81300,1000,
000017.SZ,000017,20251209,93002600,0,1074385,0,S,81100,300,
000017.SZ,000017,20251209,93002610,0,1075030,0,B,80000,900,
000017.SZ,000017,20251209,93002620,0,1075378,0,S,81600,3100,
000017.SZ,000017,20251209,93002630,0,1076590,0,B,80900,200,
000017.SZ,000017,20251209,93002650,0,1078079,0,S,83800,2200,
000017.SZ,000017,20251209,93002650,0,1078365,0,B,81700,100,
000017.SZ,000017,20251209,93002650,0,1078481,0,B,79900,200,
000017.SZ,000017,20251209,93002650,0,1078498,0,S,82300,600,
000017.SZ,000017,20251209,93002660,0,1079007,0,S,81000,400,
000017.SZ,000017,20251209,93002700,0,1081407,0,B,81300,700,
000017.SZ,000017,20251209,93002700,0,1081824,0,B,80100,500,
000017.SZ,000017,20251209,93002710,0,1082353,0,S,81100,400,
000017.SZ,000017,20251209,93002720,0,1082617,0,S,81200,100,
000017.SZ,000017,20251209,93002730,0,1083353,0,S,81700,500,
000017.SZ,000017,20251209,93002760,0,1085160,0,S,80800,500,
000017.SZ,000017,20251209,93002770,0,1085620,0,S,81500,1300,
000017.SZ,000017,20251209,93002770,0,1085890,0,S,82100,200,
000017.SZ,000017,20251209,93002800,0,1087662,0,S,81200,500,
000017.SZ,000017,20251209,93002830,0,1088907,0,B,81000,1000,
000017.SZ,000017,20251209,93002830,0,1089161,0,S,81400,2800,
000017.SZ,000017,20251209,93002840,0,1090324,0,B,80100,2000,
000017.SZ,000017,20251209,93002850,0,1090423,0,S,81300,300,
000017.SZ,000017,20251209,93002850,0,1090658,0,B,80800,1500,
000017.SZ,000017,20251209,93002850,0,1090778,0,S,83700,1000,
000017.SZ,000017,20251209,93002850,0,1090867,0,B,80500,3000,
000017.SZ,000017,20251209,93002860,0,1091663,0,B,79100,3000,
000017.SZ,000017,20251209,93002870,0,1091743,0,B,81400,500,
000017.SZ,000017,20251209,93002870,0,1091926,0,B,79800,800,
000017.SZ,000017,20251209,93002890,0,1092887,0,B,80800,1000,
000017.SZ,000017,20251209,93002890,0,1093302,0,S,81200,5100,
000017.SZ,000017,20251209,93002890,0,1093387,0,B,81300,2700,
000017.SZ,000017,20251209,93002900,0,1093484,0,B,80000,700,
000017.SZ,000017,20251209,93002900,0,1093494,0,S,85000,3800,
000017.SZ,000017,20251209,93002900,0,1093849,0,S,90800,100,
000017.SZ,000017,20251209,93002910,0,1094266,0,S,82200,10000,
000017.SZ,000017,20251209,93002920,0,1094740,0,B,81400,2500,
000017.SZ,000017,20251209,93002930,0,1095466,0,B,79800,12300,
000017.SZ,000017,20251209,93002930,0,1095569,0,B,81000,1000,
000017.SZ,000017,20251209,93002980,0,1099064,0,B,81100,1000,
000017.SZ,000017,20251209,93002990,0,1099394,0,S,81200,1200,
000017.SZ,000017,20251209,93003000,0,1100141,0,B,81200,100,
000017.SZ,000017,20251209,93003010,0,1101180,0,S,86700,100,
000017.SZ,000017,20251209,93003040,0,1104141,0,S,81200,10000,
000017.SZ,000017,20251209,93003070,0,1105921,0,S,81700,1000,
000017.SZ,000017,20251209,93003070,0,1106020,0,S,82100,500,
000017.SZ,000017,20251209,93003100,0,1107998,1,B,90800,400,
000017.SZ,000017,20251209,93003100,0,1108129,0,B,78000,1000,
000017.SZ,000017,20251209,93003110,0,1108374,0,S,81200,8000,
000017.SZ,000017,20251209,93003110,0,1108510,0,S,81100,200,
000017.SZ,000017,20251209,93003120,0,1109130,0,B,81100,1400,
000017.SZ,000017,20251209,93003140,0,1110735,0,B,79900,400,
000017.SZ,000017,20251209,93003140,0,1110743,0,S,83500,400,
000017.SZ,000017,20251209,93003160,0,1111758,0,B,80100,200,
000017.SZ,000017,20251209,93003190,0,1113512,0,B,81300,200,
000017.SZ,000017,20251209,93003190,0,1113517,0,B,81200,200,
000017.SZ,000017,20251209,93003190,0,1113696,0,B,81200,1800,
000017.SZ,000017,20251209,93003200,0,1113976,0,B,81200,3600,
000017.SZ,000017,20251209,93003200,0,1114057,0,B,81300,300,
000017.SZ,000017,20251209,93003200,0,1114062,0,B,81200,1800,
000017.SZ,000017,20251209,93003200,0,1114071,0,B,81200,11200,
000017.SZ,000017,20251209,93003200,0,1114095,0,B,81200,200,
000017.SZ,000017,20251209,93003200,0,1114132,0,B,81300,600,
000017.SZ,000017,20251209,93003200,0,1114137,0,B,81300,400,
000017.SZ,000017,20251209,93003200,0,1114138,0,B,81300,400,
000017.SZ,000017,20251209,93003200,0,1114182,0,B,81300,3100,
000017.SZ,000017,20251209,93003200,0,1114187,0,B,81100,1300,
000017.SZ,000017,20251209,93003220,0,1114988,0,B,81300,300,
000017.SZ,000017,20251209,93003220,0,1114989,0,B,81300,400,
000017.SZ,000017,20251209,93003220,0,1114990,0,B,81300,300,
000017.SZ,000017,20251209,93003220,0,1114991,0,B,81200,300,
000017.SZ,000017,20251209,93003220,0,1114992,0,B,81200,300,
000017.SZ,000017,20251209,93003220,0,1114993,0,B,81200,400,
000017.SZ,000017,20251209,93003230,0,1115004,0,B,81300,100,
000017.SZ,000017,20251209,93003230,0,1115098,0,B,81100,79400,
000017.SZ,000017,20251209,93003260,0,1116953,0,S,79700,1200,
000017.SZ,000017,20251209,93003320,0,1119682,0,S,81100,1700,
000017.SZ,000017,20251209,93003320,0,1119727,0,B,78000,3000,
000017.SZ,000017,20251209,93003330,0,1120322,0,S,90800,4500,
000017.SZ,000017,20251209,93003330,0,1120604,0,B,81100,500,
000017.SZ,000017,20251209,93003370,0,1122390,0,S,90700,400,
000017.SZ,000017,20251209,93003470,0,1126537,0,B,80600,300,
000017.SZ,000017,20251209,93003520,0,1129044,0,B,80100,1000,
000017.SZ,000017,20251209,93003530,0,1129796,0,B,80800,700,
000017.SZ,000017,20251209,93003540,0,1130475,0,B,81000,5900,
000017.SZ,000017,20251209,93003550,0,1130503,0,B,79400,5000,
000017.SZ,000017,20251209,93003550,0,1130802,0,B,81400,200,
000017.SZ,000017,20251209,93003550,0,1131028,0,B,81000,1900,
000017.SZ,000017,20251209,93003560,0,1131287,0,B,81000,400,
000017.SZ,000017,20251209,93003620,0,1134613,0,B,80100,400,
000017.SZ,000017,20251209,93003640,0,1135738,0,B,80000,200,
000017.SZ,000017,20251209,93003690,0,1138746,0,B,80100,300,
000017.SZ,000017,20251209,93003690,0,1139012,0,S,81600,600,
000017.SZ,000017,20251209,93003700,0,1139477,0,S,81200,1000,
000017.SZ,000017,20251209,93003700,0,1139993,0,S,83400,200,
000017.SZ,000017,20251209,93003730,0,1141422,0,S,81600,100,
000017.SZ,000017,20251209,93003790,0,1144444,0,B,81000,300,
000017.SZ,000017,20251209,93003820,0,1145786,0,B,81000,5600,
000017.SZ,000017,20251209,93003830,0,1146447,0,S,81100,2500,
000017.SZ,000017,20251209,93003840,0,1146583,0,B,78400,100,
000017.SZ,000017,20251209,93003850,0,1146893,0,B,79400,600,
000017.SZ,000017,20251209,93003860,0,1147712,0,B,80200,1300,
000017.SZ,000017,20251209,93003870,0,1147974,0,B,79900,200,
000017.SZ,000017,20251209,93003880,0,1148351,0,B,77300,500,
000017.SZ,000017,20251209,93003890,0,1148874,0,S,81500,100,
000017.SZ,000017,20251209,93003920,0,1149738,0,S,81100,1600,
000017.SZ,000017,20251209,93003950,0,1151450,0,S,81300,1900,
000017.SZ,000017,20251209,93003960,0,1151688,0,S,80400,1400,
000017.SZ,000017,20251209,93003990,0,1153198,0,B,80200,100,
000017.SZ,000017,20251209,93004000,0,1153729,0,B,81400,2000,
000017.SZ,000017,20251209,93004000,0,1153961,0,S,87000,1000,
000017.SZ,000017,20251209,93004020,0,1155396,0,B,78200,700,
000017.SZ,000017,20251209,93004040,0,1157116,0,S,81100,800,
000017.SZ,000017,20251209,93004040,0,1157707,0,B,79500,1000,
000017.SZ,000017,20251209,93004050,0,1158116,0,B,81400,1300,
000017.SZ,000017,20251209,93004050,0,1158300,0,S,84000,300,
000017.SZ,000017,20251209,93004080,0,1159543,0,S,86100,2000,
000017.SZ,000017,20251209,93004120,0,1160768,0,B,81200,300,
000017.SZ,000017,20251209,93004120,0,1161083,0,B,81200,1000,
000017.SZ,000017,20251209,93004120,0,1161144,0,B,81200,100,
000017.SZ,000017,20251209,93004120,0,1161173,0,B,81200,300,
000017.SZ,000017,20251209,93004120,0,1161174,0,B,81200,700,
000017.SZ,000017,20251209,93004120,0,1161229,0,S,83800,1200,
000017.SZ,000017,20251209,93004120,0,1161241,0,B,81200,500,
000017.SZ,000017,20251209,93004130,0,1161315,0,S,81500,2600,
000017.SZ,000017,20251209,93004140,0,1161808,0,B,81200,100,
000017.SZ,000017,20251209,93004190,0,1163741,0,S,85000,300,
000017.SZ,000017,20251209,93004190,0,1163987,0,S,82600,8000,
000017.SZ,000017,20251209,93004210,0,1164570,0,B,81100,2900,
000017.SZ,000017,20251209,93004230,0,1165441,0,B,81300,200,
000017.SZ,000017,20251209,93004270,0,1166851,0,S,80900,2100,
000017.SZ,000017,20251209,93004400,0,1171713,0,S,83400,12900,
000017.SZ,000017,20251209,93004530,0,1177969,0,B,81400,800,
000017.SZ,000017,20251209,93004590,0,1180370,0,S,81200,1000,
000017.SZ,000017,20251209,93004640,0,1182757,0,B,81700,500,
000017.SZ,000017,20251209,93004670,0,1183672,0,B,80000,2000,
000017.SZ,000017,20251209,93004700,0,1184726,0,B,81200,500,
000017.SZ,000017,20251209,93004730,0,1185716,0,B,81800,300,
000017.SZ,000017,20251209,93004740,0,1186053,0,S,82400,100,
000017.SZ,000017,20251209,93004750,0,1186988,0,B,81200,4100,
000017.SZ,000017,20251209,93004760,0,1187555,0,B,81100,500,
000017.SZ,000017,20251209,93004790,0,1188429,0,B,81300,1000,
000017.SZ,000017,20251209,93004790,0,1188661,0,S,82000,200,
000017.SZ,000017,20251209,93004800,0,1188801,0,B,80800,900,
000017.SZ,000017,20251209,93004830,0,1189651,0,B,81100,500,
000017.SZ,000017,20251209,93004830,0,1189760,0,S,85000,1600,
000017.SZ,000017,20251209,93004850,0,1190206,0,B,81100,200,
000017.SZ,000017,20251209,93004850,0,1190239,0,B,77100,2000,
000017.SZ,000017,20251209,93004860,0,1190755,0,S,81100,600,
000017.SZ,000017,20251209,93004860,0,1190757,0,S,81100,100,
000017.SZ,000017,20251209,93004880,0,1191777,0,B,81200,500,
000017.SZ,000017,20251209,93004890,0,1191926,0,B,81400,300,
000017.SZ,000017,20251209,93004890,0,1192201,0,B,81100,700,
000017.SZ,000017,20251209,93004900,0,1192554,0,B,81200,300,
000017.SZ,000017,20251209,93004930,0,1193473,0,B,81100,8800,
000017.SZ,000017,20251209,93004950,0,1194337,0,B,81200,100,
000017.SZ,000017,20251209,93004950,0,1194410,0,S,82300,1000,
000017.SZ,000017,20251209,93004980,0,1195371,0,S,81300,10200,
000017.SZ,000017,20251209,93005000,0,1196173,0,S,90800,2800,
000017.SZ,000017,20251209,93005000,0,1196248,0,B,80000,1000,
000017.SZ,000017,20251209,93005000,0,1196291,0,S,86100,2400,
000017.SZ,000017,20251209,93005000,0,1196404,0,S,90800,200,
000017.SZ,000017,20251209,93005000,0,1196489,0,B,81100,500,
000017.SZ,000017,20251209,93005010,0,1197532,0,B,78200,1300,
000017.SZ,000017,20251209,93005020,0,1197742,0,B,80800,1000,
000017.SZ,000017,20251209,93005030,0,1198975,0,B,81200,1500,
000017.SZ,000017,20251209,93005050,0,1199965,0,S,90600,2000,
000017.SZ,000017,20251209,93005050,0,1200258,0,B,79900,5000,
000017.SZ,000017,20251209,93005060,0,1200342,0,B,81100,800,
000017.SZ,000017,20251209,93005060,0,1200476,0,B,80900,500,
000017.SZ,000017,20251209,93005060,0,1200524,0,S,79600,100,
000017.SZ,000017,20251209,93005090,0,1201694,0,B,81200,600,
000017.SZ,000017,20251209,93005140,0,1203357,0,S,81100,200,
000017.SZ,000017,20251209,93005150,0,1203791,0,S,81200,1800,
000017.SZ,000017,20251209,93005160,0,1203949,0,S,81000,8000,
000017.SZ,000017,20251209,93005180,0,1204582,0,B,80200,500,
000017.SZ,000017,20251209,93005180,0,1204738,0,S,81200,3000,
000017.SZ,000017,20251209,93005260,0,1206891,0,S,81200,200,
000017.SZ,000017,20251209,93005320,0,1207975,0,B,81100,2300,
000017.SZ,000017,20251209,93005330,0,1208088,0,S,81100,300,
000017.SZ,000017,20251209,93005330,0,1208098,0,S,81100,2500,
000017.SZ,000017,20251209,93005350,0,1208493,0,B,81200,500,
000017.SZ,000017,20251209,93005360,0,1208810,0,B,79600,500,
000017.SZ,000017,20251209,93005360,0,1208836,0,B,81200,200,
000017.SZ,000017,20251209,93005440,0,1210717,0,S,83800,10000,
000017.SZ,000017,20251209,93005440,0,1210829,0,S,81400,100,
000017.SZ,000017,20251209,93005470,0,1211494,0,S,81500,2600,
000017.SZ,000017,20251209,93005480,0,1211767,0,B,81200,900,
000017.SZ,000017,20251209,93005480,0,1211807,0,B,80100,100,
000017.SZ,000017,20251209,93005510,0,1212451,0,B,80100,200,
000017.SZ,000017,20251209,93005540,0,1213126,0,B,81200,300,
000017.SZ,000017,20251209,93005550,0,1213399,0,B,81200,300,
000017.SZ,000017,20251209,93005550,0,1213503,0,B,81200,200,
000017.SZ,000017,20251209,93005580,0,1214127,0,S,86700,100,
000017.SZ,000017,20251209,93005630,0,1215415,0,B,79000,1000,
000017.SZ,000017,20251209,93005670,0,1216750,0,S,81100,100,
000017.SZ,000017,20251209,93005680,0,1217332,0,S,83300,1900,
000017.SZ,000017,20251209,93005700,0,1218145,0,B,79500,400,
000017.SZ,000017,20251209,93005890,0,1223169,0,B,80000,5000,
000017.SZ,000017,20251209,93005930,0,1224003,0,S,82400,1400,
000017.SZ,000017,20251209,93005990,0,1226105,0,B,81200,2500,
000017.SZ,000017,20251209,93006020,0,1227336,0,B,82400,1500,
000017.SZ,000017,20251209,93006040,0,1228640,0,B,81400,500,
000017.SZ,000017,20251209,93006040,0,1228928,0,B,81400,300,
000017.SZ,000017,20251209,93006040,0,1229094,0,B,81500,400,
000017.SZ,000017,20251209,93006060,0,1229802,0,B,79500,500,
000017.SZ,000017,20251209,93006090,0,1230794,0,S,82000,1400,
000017.SZ,000017,20251209,93006130,0,1232100,0,B,81300,300,
000017.SZ,000017,20251209,93006140,0,1232127,0,B,81300,100,
000017.SZ,000017,20251209,93006140,0,1232339,0,B,81200,600,
000017.SZ,000017,20251209,93006150,0,1232756,0,S,81200,600,
000017.SZ,000017,20251209,93006160,0,1233062,0,S,81200,1100,
000017.SZ,000017,20251209,93006220,0,1234763,0,B,81400,3000,
000017.SZ,000017,20251209,93006270,0,1236669,0,B,78800,500,
000017.SZ,000017,20251209,93006330,0,1238157,0,S,90800,1000,
000017.SZ,000017,20251209,93006340,0,1238376,0,S,80800,100,
000017.SZ,000017,20251209,93006340,0,1238380,0,S,80800,100,
000017.SZ,000017,20251209,93006350,0,1238634,0,S,80800,100,
000017.SZ,000017,20251209,93006430,0,1240255,0,B,81300,2400,
000017.SZ,000017,20251209,93006450,0,1240885,0,B,79100,200,
000017.SZ,000017,20251209,93006460,0,1240975,0,B,81300,1500,
000017.SZ,000017,20251209,93006500,0,1241971,0,S,81200,700,
000017.SZ,000017,20251209,93006530,0,1243227,0,S,80800,100,
000017.SZ,000017,20251209,93006540,0,1243372,0,B,81300,1000,
000017.SZ,000017,20251209,93006550,0,1244007,0,B,79200,14900,
000017.SZ,000017,20251209,93006570,0,1244687,0,B,80700,200,
000017.SZ,000017,20251209,93006620,0,1246478,0,B,81400,800,
000017.SZ,000017,20251209,93006620,0,1246482,0,B,81400,600,
000017.SZ,000017,20251209,93006630,0,1246860,0,B,81300,300,
000017.SZ,000017,20251209,93006670,0,1248030,0,B,81300,1000,
000017.SZ,000017,20251209,93006670,0,1248425,0,B,76500,100,
000017.SZ,000017,20251209,93006680,0,1248524,0,B,81300,1000,
000017.SZ,000017,20251209,93006700,0,1249047,0,B,81200,200,
000017.SZ,000017,20251209,93006710,0,1249251,0,S,80800,100,
000017.SZ,000017,20251209,93006720,0,1249574,0,B,81300,2500,
000017.SZ,000017,20251209,93006750,0,1250306,0,S,80800,100,
000017.SZ,000017,20251209,93006770,0,1250719,0,B,81600,100,
000017.SZ,000017,20251209,93006770,0,1250747,0,B,81100,3400,
000017.SZ,000017,20251209,93006770,0,1250807,0,B,81300,4000,
000017.SZ,000017,20251209,93006770,0,1250953,0,B,81100,800,
000017.SZ,000017,20251209,93006840,0,1253029,0,S,81200,100,
000017.SZ,000017,20251209,93006870,0,1253964,0,S,81500,1100,
000017.SZ,000017,20251209,93006880,0,1254145,0,S,86600,1500,
000017.SZ,000017,20251209,93006900,0,1254645,0,S,81500,6700,
000017.SZ,000017,20251209,93006990,0,1257021,0,B,81200,2300,
000017.SZ,000017,20251209,93007000,0,1257311,0,S,81200,2700,
000017.SZ,000017,20251209,93007000,0,1257316,0,S,81300,2200,
000017.SZ,000017,20251209,93007000,0,1257322,0,S,81200,2700,
000017.SZ,000017,20251209,93007000,0,1257409,0,S,80800,100,
000017.SZ,000017,20251209,93007020,0,1258117,0,S,81200,2500,
000017.SZ,000017,20251209,93007030,0,1258483,0,S,80800,100,
000017.SZ,000017,20251209,93007030,0,1258880,0,B,81200,3000,
000017.SZ,000017,20251209,93007080,0,1260870,0,B,79600,200,
000017.SZ,000017,20251209,93007220,0,1263718,0,S,81000,800,
000017.SZ,000017,20251209,93007360,0,1266354,0,B,81100,16800,
000017.SZ,000017,20251209,93007410,0,1267609,0,B,80000,1000,
000017.SZ,000017,20251209,93007410,0,1267611,0,B,80000,500,
000017.SZ,000017,20251209,93007500,0,1271048,0,S,89900,100,
000017.SZ,000017,20251209,93007550,0,1272467,0,B,81200,100,
000017.SZ,000017,20251209,93007580,0,1273168,0,B,81200,100,
000017.SZ,000017,20251209,93007580,0,1273464,0,B,81200,100,
000017.SZ,000017,20251209,93007620,0,1274284,0,S,86200,2000,
000017.SZ,000017,20251209,93007650,0,1274947,0,B,80000,10000,
000017.SZ,000017,20251209,93007660,0,1275103,0,B,81200,100,
000017.SZ,000017,20251209,93007670,0,1275461,0,S,81200,700,
000017.SZ,000017,20251209,93007680,0,1275605,0,B,80100,200,
000017.SZ,000017,20251209,93007710,0,1276562,0,S,81200,200,
000017.SZ,000017,20251209,93007710,0,1276572,0,S,81200,100,
000017.SZ,000017,20251209,93007710,0,1276586,0,S,81200,100,
000017.SZ,000017,20251209,93007720,0,1276982,0,B,81200,100,
000017.SZ,000017,20251209,93007730,0,1277040,0,S,81100,2000,
000017.SZ,000017,20251209,93007750,0,1277699,0,S,81200,100,
000017.SZ,000017,20251209,93007870,0,1280561,0,B,80900,200,
000017.SZ,000017,20251209,93007940,0,1282119,0,B,80500,200,
000017.SZ,000017,20251209,93008000,0,1283270,0,S,80800,700,
000017.SZ,000017,20251209,93008010,0,1283736,0,S,81300,1900,
000017.SZ,000017,20251209,93008030,0,1284790,0,S,81200,100,
000017.SZ,000017,20251209,93008030,0,1284794,0,S,81200,200,
000017.SZ,000017,20251209,93008050,0,1285548,0,S,81100,3000,
000017.SZ,000017,20251209,93008120,0,1287429,0,S,81200,100,
000017.SZ,000017,20251209,93008120,0,1287432,0,S,81200,100,
000017.SZ,000017,20251209,93008120,0,1287435,0,S,81200,300,
000017.SZ,000017,20251209,93008280,0,1289131,0,S,81200,1100,
000017.SZ,000017,20251209,93008290,0,1289226,0,B,79300,3100,
000017.SZ,000017,20251209,93008450,0,1291596,0,S,84600,100,
000017.SZ,000017,20251209,93008510,0,1292605,0,S,81200,1600,
000017.SZ,000017,20251209,93008510,0,1292610,0,B,81200,1300,
000017.SZ,000017,20251209,93008680,0,1294969,1,B,0,2700,
000017.SZ,000017,20251209,93008710,0,1295673,0,S,81200,100,
000017.SZ,000017,20251209,93008710,0,1295675,0,S,81200,100,
000017.SZ,000017,20251209,93008730,0,1295980,0,S,90800,1000,
000017.SZ,000017,20251209,93008870,0,1297981,0,S,81500,1300,
000017.SZ,000017,20251209,93008920,0,1298712,0,S,81200,900,
000017.SZ,000017,20251209,93008990,0,1299662,0,B,80300,1500,
000017.SZ,000017,20251209,93009030,0,1300565,0,B,80000,3500,
000017.SZ,000017,20251209,93009040,0,1301050,0,B,81200,1000,
000017.SZ,000017,20251209,93009050,0,1301369,0,S,82300,1000,
000017.SZ,000017,20251209,93009190,0,1303224,0,B,81300,400,
000017.SZ,000017,20251209,93009190,0,1303227,0,B,81300,200,
000017.SZ,000017,20251209,93009210,0,1303600,0,B,81200,200,
000017.SZ,000017,20251209,93009270,0,1304665,0,B,81200,900,
000017.SZ,000017,20251209,93009280,0,1304741,0,B,81200,800,
000017.SZ,000017,20251209,93009280,0,1304747,0,B,81200,5000,
000017.SZ,000017,20251209,93009280,0,1304764,0,B,81200,400,
000017.SZ,000017,20251209,93009280,0,1304770,0,B,81200,600,
000017.SZ,000017,20251209,93009300,0,1305152,0,B,81200,600,
000017.SZ,000017,20251209,93009310,0,1305234,0,B,81200,4200,
000017.SZ,000017,20251209,93009380,0,1306994,0,S,81300,400,
000017.SZ,000017,20251209,93009440,0,1308184,0,B,81200,200,
000017.SZ,000017,20251209,93009440,0,1308198,0,B,81200,1200,
000017.SZ,000017,20251209,93009440,0,1308229,0,S,79600,100,
000017.SZ,000017,20251209,93009460,0,1308731,0,B,81200,2300,
000017.SZ,000017,20251209,93009480,0,1309383,0,S,81100,500,
000017.SZ,000017,20251209,93009500,0,1310388,0,B,81200,700,
000017.SZ,000017,20251209,93009500,0,1310493,0,B,81200,4100,
000017.SZ,000017,20251209,93009510,0,1310885,0,B,81200,1000,
000017.SZ,000017,20251209,93009530,0,1311266,0,B,81200,2600,
000017.SZ,000017,20251209,93009530,0,1311688,0,S,84300,1600,
000017.SZ,000017,20251209,93009560,0,1312407,0,B,81200,1000,
000017.SZ,000017,20251209,93009580,0,1313193,0,S,90800,200,
000017.SZ,000017,20251209,93009600,0,1313930,0,S,81100,500,
000017.SZ,000017,20251209,93009620,0,1314406,0,S,81200,100,
000017.SZ,000017,20251209,93009680,0,1315659,0,S,81500,700,
000017.SZ,000017,20251209,93009700,0,1316173,0,S,81200,1800,
000017.SZ,000017,20251209,93009790,0,1317434,0,S,81100,1300,
000017.SZ,000017,20251209,93009820,0,1317730,0,S,80800,15900,
000017.SZ,000017,20251209,93009860,0,1318991,0,S,81200,600,
000017.SZ,000017,20251209,93010020,0,1321784,0,B,78000,35100,
000017.SZ,000017,20251209,93010140,0,1323322,0,S,83500,2000,
000017.SZ,000017,20251209,93010220,0,1324884,0,S,80900,400,
000017.SZ,000017,20251209,93010390,0,1329138,0,S,81200,100,
000017.SZ,000017,20251209,93010650,0,1334214,0,B,78800,1000,
000017.SZ,000017,20251209,93010710,0,1335424,0,S,81100,1600,
000017.SZ,000017,20251209,93011010,0,1338920,0,S,81200,400,
000017.SZ,000017,20251209,93011140,0,1340526,0,S,81200,1400,
000017.SZ,000017,20251209,93011160,0,1340814,0,B,80100,800,
000017.SZ,000017,20251209,93011170,0,1340860,0,B,81400,1300,
000017.SZ,000017,20251209,93011220,0,1341439,0,S,81100,1000,
000017.SZ,000017,20251209,93011300,0,1342394,0,S,81000,2900,
000017.SZ,000017,20251209,93011480,0,1344134,0,S,81100,100,
000017.SZ,000017,20251209,93011490,0,1344209,0,B,81200,1800,
000017.SZ,000017,20251209,93011650,0,1346096,0,B,77400,1000,
000017.SZ,000017,20251209,93011650,0,1346120,0,B,81300,400,
000017.SZ,000017,20251209,93011820,0,1347955,0,B,81300,2000,
000017.SZ,000017,20251209,93011860,0,1348291,0,B,81200,2000,
000017.SZ,000017,20251209,93011930,0,1348938,0,S,81100,32200,
000017.SZ,000017,20251209,93012230,0,1352263,0,S,81300,900,
000017.SZ,000017,20251209,93012230,0,1352265,0,S,81200,300,
000017.SZ,000017,20251209,93012230,0,1352422,0,S,81300,1200,
000017.SZ,000017,20251209,93012280,0,1353465,0,S,81400,500,
000017.SZ,000017,20251209,93012490,0,1357103,0,S,81200,2300,
000017.SZ,000017,20251209,93012500,0,1357172,0,S,81300,700,
000017.SZ,000017,20251209,93012520,0,1357791,0,S,81100,2500,
000017.SZ,000017,20251209,93012620,0,1360894,0,B,81200,1600,
000017.SZ,000017,20251209,93012630,0,1361110,0,S,82600,3500,
000017.SZ,000017,20251209,93012640,0,1361370,0,S,86000,100,
000017.SZ,000017,20251209,93012750,0,1362661,0,S,81300,100,
000017.SZ,000017,20251209,93012880,0,1364807,0,S,81300,17400,
000017.SZ,000017,20251209,93013120,0,1367697,0,S,85600,100,
000017.SZ,000017,20251209,93013260,0,1370130,0,S,80900,900,
000017.SZ,000017,20251209,93013590,0,1376431,0,S,90600,4300,
000017.SZ,000017,20251209,93013710,0,1378682,0,B,81100,800,
000017.SZ,000017,20251209,93013740,0,1379271,0,B,81100,700,
000017.SZ,000017,20251209,93013790,0,1380431,0,B,81200,500,
000017.SZ,000017,20251209,93013910,0,1381709,0,B,81100,9900,
000017.SZ,000017,20251209,93013940,0,1382081,0,S,81100,1000,
000017.SZ,000017,20251209,93013960,0,1382400,0,B,79000,500,
000017.SZ,000017,20251209,93014020,0,1383055,0,B,81200,500,
000017.SZ,000017,20251209,93014190,0,1385254,0,S,81100,200,
000017.SZ,000017,20251209,93014200,0,1385362,0,S,81300,100,
000017.SZ,000017,20251209,93014260,0,1385959,0,B,79400,2500,
000017.SZ,000017,20251209,93014300,0,1386369,0,S,81100,200,
000017.SZ,000017,20251209,93014420,0,1387831,0,B,80400,1000,
000017.SZ,000017,20251209,93014560,0,1389548,0,B,81400,400,
000017.SZ,000017,20251209,93014670,0,1390759,0,S,81100,12000,
000017.SZ,000017,20251209,93014710,0,1391261,0,S,81100,700,
000017.SZ,000017,20251209,93014770,0,1391837,0,S,81100,200,
000017.SZ,000017,20251209,93014810,0,1392284,0,S,81100,1600,
000017.SZ,000017,20251209,93014880,0,1393050,0,S,81100,1900,
000017.SZ,000017,20251209,93014880,0,1393060,0,S,81100,700,
000017.SZ,000017,20251209,93014890,0,1393222,0,S,81300,1400,
000017.SZ,000017,20251209,93014900,0,1393318,0,S,81300,7100,
000017.SZ,000017,20251209,93015080,0,1395239,0,B,81200,200,
000017.SZ,000017,20251209,93015150,0,1396177,0,S,81100,400,
000017.SZ,000017,20251209,93015150,0,1396180,0,S,81300,100,
000017.SZ,000017,20251209,93015150,0,1396185,0,S,81300,100,
000017.SZ,000017,20251209,93015150,0,1396201,0,S,81200,200,
000017.SZ,000017,20251209,93015150,0,1396206,0,B,81200,3100,
000017.SZ,000017,20251209,93015160,0,1396258,0,B,81200,300,
000017.SZ,000017,20251209,93015160,0,1396262,0,S,81300,100,
000017.SZ,000017,20251209,93015160,0,1396296,0,S,81200,200,
000017.SZ,000017,20251209,93015160,0,1396299,0,S,81200,100,
000017.SZ,000017,20251209,93015160,0,1396396,0,S,81200,200,
000017.SZ,000017,20251209,93015170,0,1396503,0,S,81200,2000,
000017.SZ,000017,20251209,93015180,0,1396594,0,B,81200,1000,
000017.SZ,000017,20251209,93015180,0,1396677,0,S,81200,1100,
000017.SZ,000017,20251209,93015190,0,1396970,0,B,81200,100,
000017.SZ,000017,20251209,93015190,0,1397028,0,S,81200,900,
000017.SZ,000017,20251209,93015190,0,1397595,0,B,81200,1300,
000017.SZ,000017,20251209,93015210,0,1397884,0,B,81200,200,
000017.SZ,000017,20251209,93015220,0,1398291,0,S,81100,1200,
000017.SZ,000017,20251209,93015230,0,1398433,0,S,81100,1200,
000017.SZ,000017,20251209,93015230,0,1398679,0,B,81200,500,
000017.SZ,000017,20251209,93015250,0,1399192,0,B,81000,2300,
000017.SZ,000017,20251209,93015250,0,1399205,0,B,81000,9500,
000017.SZ,000017,20251209,93015250,0,1399232,0,B,81000,2300,
000017.SZ,000017,20251209,93015250,0,1399282,0,S,80800,200,
000017.SZ,000017,20251209,93015270,0,1399745,0,S,85500,1100,
000017.SZ,000017,20251209,93015290,0,1400653,0,B,81300,2400,
000017.SZ,000017,20251209,93015300,0,1400856,0,B,80800,1500,
000017.SZ,000017,20251209,93015300,0,1400904,0,S,81300,16400,
000017.SZ,000017,20251209,93015300,0,1400907,0,B,81300,1000,
000017.SZ,000017,20251209,93015320,0,1401322,0,B,81300,2500,
000017.SZ,000017,20251209,93015350,0,1402597,0,B,81300,1500,
000017.SZ,000017,20251209,93015360,0,1402742,0,B,81300,4000,
000017.SZ,000017,20251209,93015390,0,1403148,0,B,81200,500,
000017.SZ,000017,20251209,93015470,0,1405678,0,S,81200,200,
000017.SZ,000017,20251209,93015510,0,1406318,0,S,80700,200,
000017.SZ,000017,20251209,93015590,0,1407329,0,S,80700,300,
000017.SZ,000017,20251209,93015660,0,1408529,0,S,81100,100,
000017.SZ,000017,20251209,93015810,0,1413375,0,B,81200,100,
000017.SZ,000017,20251209,93015890,0,1415296,0,S,81100,6300,
000017.SZ,000017,20251209,93015980,0,1416700,0,S,81300,3200,
000017.SZ,000017,20251209,93016210,0,1420692,0,S,81000,300,
000017.SZ,000017,20251209,93016350,0,1425476,0,S,88800,100,
000017.SZ,000017,20251209,93016710,0,1432060,0,S,81300,100,
000017.SZ,000017,20251209,93016720,0,1432281,0,B,81200,100,
000017.SZ,000017,20251209,93016750,0,1433163,0,B,81200,800,
000017.SZ,000017,20251209,93016800,0,1434145,0,S,81200,500,
000017.SZ,000017,20251209,93017030,0,1436838,0,B,81200,700,
000017.SZ,000017,20251209,93017220,0,1438929,0,B,81300,500,
000017.SZ,000017,20251209,93017350,0,1440657,0,S,81200,700,
000017.SZ,000017,20251209,93017510,0,1442560,0,S,81000,300,
000017.SZ,000017,20251209,93017700,0,1444449,0,S,81200,7000,
000017.SZ,000017,20251209,93017970,0,1447239,0,S,84000,400,
000017.SZ,000017,20251209,93018020,0,1447786,0,S,81600,200,
000017.SZ,000017,20251209,93018150,0,1449208,0,S,81100,900,
000017.SZ,000017,20251209,93018220,0,1450185,0,S,81200,100,
000017.SZ,000017,20251209,93018270,0,1451075,0,S,81100,1100,
000017.SZ,000017,20251209,93018750,0,1462088,0,B,81000,1000,
000017.SZ,000017,20251209,93019100,0,1467719,0,S,81100,1300,
000017.SZ,000017,20251209,93019220,0,1469150,0,S,80900,400,
000017.SZ,000017,20251209,93019360,0,1471839,0,B,81100,100,
000017.SZ,000017,20251209,93019490,0,1474684,0,S,81000,500,
000017.SZ,000017,20251209,93019490,0,1474705,0,S,81000,300,
000017.SZ,000017,20251209,93019490,0,1474775,0,S,81000,600,
000017.SZ,000017,20251209,93019740,0,1479045,0,B,80100,200,
000017.SZ,000017,20251209,93019750,0,1479150,0,B,81200,500,
000017.SZ,000017,20251209,93019830,0,1480005,0,B,81100,800,
000017.SZ,000017,20251209,93019880,0,1480478,0,B,81100,9200,
000017.SZ,000017,20251209,93020020,0,1482320,0,B,80000,1000,
000017.SZ,000017,20251209,93020030,0,1482612,0,S,81100,100,
000017.SZ,000017,20251209,93020050,0,1482755,0,S,81200,100,
