万得代码,交易所代码,自然日,时间,成交价,成交量,成交额,成交笔数,IOPV,成交标志,BS标志,当日累计成交量,当日成交额,最高价,最低价,开盘价,前收盘,申卖价1,申卖价2,申卖价3,申卖价4,申卖价5,申卖价6,申卖价7,申卖价8,申卖价9,申卖价10,申卖量1,申卖量2,申卖量3,申卖量4,申卖量5,申卖量6,申卖量7,申卖量8,申卖量9,申卖量10,申买价1,申买价2,申买价3,申买价4,申买价5,申买价6,申买价7,申买价8,申买价9,申买价10,申买量1,申买量2,申买量3,申买量4,申买量5,申买量6,申买量7,申买量8,申买量9,申买量10,加权平均叫卖价,加权平均叫买价,叫卖总量,叫买总量,不加权指数,品种总数,上涨品种数,下跌品种数,持平品种数,
000055.SZ,000055,20251209,81630000,0,0,0,0,0,,,0,0,0,0,0,43200,0,0,0,0,0,0,0,0,0,0,0,0,0,0,0,0,0,0,0,0,0,0,0,0,0,0,0,0,0,0,0,0,0,0,0,0,0,0,0,0,0,0,0,0,0,0,0,0,0,
000055.SZ,000055,20251209,91500000,0,0,0,0,0,,,0,0,0,0,0,43200,43100,0,0,0,0,0,0,0,0,0,500,0,0,0,0,0,0,0,0,0,43100,0,0,0,0,0,0,0,0,0,500,100,0,0,0,0,0,0,0,0,0,0,0,0,0,0,0,0,0,
000055.SZ,000055,20251209,91509000,0,0,0,0,0,,,0,0,0,0,0,43200,43000,0,0,0,0,0,0,0,0,0,5800,0,0,0,0,0,0,0,0,0,43000,0,0,0,0,0,0,0,0,0,5800,0,0,0,0,0,0,0,0,0,0,0,0,0,0,0,0,0,0,
000055.SZ,000055,20251209,91518000,0,0,0,0,0,,,0,0,0,0,0,43200,42900,0,0,0,0,0,0,0,0,0,5800,0,0,0,0,0,0,0,0,0,42900,0,0,0,0,0,0,0,0,0,5800,0,0,0,0,0,0,0,0,0,0,0,0,0,0,0,0,0,0,
000055.SZ,000055,20251209,91527000,0,0,0,0,0,,,0,0,0,0,0,43200,43500,0,0,0,0,0,0,0,0,0,75100,81700,0,0,0,0,0,0,0,0,43500,0,0,0,0,0,0,0,0,0,75100,0,0,0,0,0,0,0,0,0,0,0,0,0,0,0,0,0,0,
000055.SZ,000055,20251209,91536000,0,0,0,0,0,,,0,0,0,0,0,43200,43500,0,0,0,0,0,0,0,0,0,75100,82500,0,0,0,0,0,0,0,0,43500,0,0,0,0,0,0,0,0,0,75100,0,0,0,0,0,0,0,0,0,0,0,0,0,0,0,0,0,0,
000055.SZ,000055,20251209,91603000,0,0,0,0,0,,,0,0,0,0,0,43200,43000,0,0,0,0,0,0,0,0,0,5900,0,0,0,0,0,0,0,0,0,43000,0,0,0,0,0,0,0,0,0,5900,500,0,0,0,0,0,0,0,0,0,0,0,0,0,0,0,0,0,
000055.SZ,000055,20251209,91612000,0,0,0,0,0,,,0,0,0,0,0,43200,43000,0,0,0,0,0,0,0,0,0,5900,0,0,0,0,0,0,0,0,0,43000,0,0,0,0,0,0,0,0,0,5900,700,0,0,0,0,0,0,0,0,0,0,0,0,0,0,0,0,0,
000055.SZ,000055,20251209,91657000,0,0,0,0,0,,,0,0,0,0,0,43200,43000,0,0,0,0,0,0,0,0,0,5900,0,0,0,0,0,0,0,0,0,43000,0,0,0,0,0,0,0,0,0,5900,20800,0,0,0,0,0,0,0,0,0,0,0,0,0,0,0,0,0,
000055.SZ,000055,20251209,91724000,0,0,0,0,0,,,0,0,0,0,0,43200,38900,0,0,0,0,0,0,0,0,0,107300,24200,0,0,0,0,0,0,0,0,38900,0,0,0,0,0,0,0,0,0,107300,0,0,0,0,0,0,0,0,0,0,0,0,0,0,0,0,0,0,
000055.SZ,000055,20251209,91742000,0,0,0,0,0,,,0,0,0,0,0,43200,43000,0,0,0,0,0,0,0,0,0,5900,0,0,0,0,0,0,0,0,0,43000,0,0,0,0,0,0,0,0,0,5900,20800,0,0,0,0,0,0,0,0,0,0,0,0,0,0,0,0,0,
000055.SZ,000055,20251209,91845000,0,0,0,0,0,,,0,0,0,0,0,43200,43000,0,0,0,0,0,0,0,0,0,5900,0,0,0,0,0,0,0,0,0,43000,0,0,0,0,0,0,0,0,0,5900,20700,0,0,0,0,0,0,0,0,0,0,0,0,0,0,0,0,0,
000055.SZ,000055,20251209,91948000,0,0,0,0,0,,,0,0,0,0,0,43200,43000,0,0,0,0,0,0,0,0,0,5900,0,0,0,0,0,0,0,0,0,43000,0,0,0,0,0,0,0,0,0,5900,26700,0,0,0,0,0,0,0,0,0,0,0,0,0,0,0,0,0,
000055.SZ,000055,20251209,92009000,0,0,0,0,0,,,0,0,0,0,0,43200,43000,0,0,0,0,0,0,0,0,0,5900,0,0,0,0,0,0,0,0,0,43000,0,0,0,0,0,0,0,0,0,5900,46700,0,0,0,0,0,0,0,0,0,0,0,0,0,0,0,0,0,
000055.SZ,000055,20251209,92148000,0,0,0,0,0,,,0,0,0,0,0,43200,43000,0,0,0,0,0,0,0,0,0,6900,0,0,0,0,0,0,0,0,0,43000,0,0,0,0,0,0,0,0,0,6900,45700,0,0,0,0,0,0,0,0,0,0,0,0,0,0,0,0,0,
000055.SZ,000055,20251209,92215000,0,0,0,0,0,,,0,0,0,0,0,43200,43000,0,0,0,0,0,0,0,0,0,7000,0,0,0,0,0,0,0,0,0,43000,0,0,0,0,0,0,0,0,0,7000,45600,0,0,0,0,0,0,0,0,0,0,0,0,0,0,0,0,0,
000055.SZ,000055,20251209,92327000,0,0,0,0,0,,,0,0,0,0,0,43200,43000,0,0,0,0,0,0,0,0,0,7100,0,0,0,0,0,0,0,0,0,43000,0,0,0,0,0,0,0,0,0,7100,45500,0,0,0,0,0,0,0,0,0,0,0,0,0,0,0,0,0,
000055.SZ,000055,20251209,92354000,0,0,0,0,0,,,0,0,0,0,0,43200,43000,0,0,0,0,0,0,0,0,0,7200,0,0,0,0,0,0,0,0,0,43000,0,0,0,0,0,0,0,0,0,7200,45400,0,0,0,0,0,0,0,0,0,0,0,0,0,0,0,0,0,
000055.SZ,000055,20251209,92421000,0,0,0,0,0,,,0,0,0,0,0,43200,43000,0,0,0,0,0,0,0,0,0,7300,0,0,0,0,0,0,0,0,0,43000,0,0,0,0,0,0,0,0,0,7300,45300,0,0,0,0,0,0,0,0,0,0,0,0,0,0,0,0,0,
000055.SZ,000055,20251209,92439000,0,0,0,0,0,,,0,0,0,0,0,43200,43000,0,0,0,0,0,0,0,0,0,7300,0,0,0,0,0,0,0,0,0,43000,0,0,0,0,0,0,0,0,0,7300,46600,0,0,0,0,0,0,0,0,0,0,0,0,0,0,0,0,0,
000055.SZ,000055,20251209,92448000,0,0,0,0,0,,,0,0,0,0,0,43200,43100,0,0,0,0,0,0,0,0,0,7300,0,0,0,0,0,0,0,0,0,43100,0,0,0,0,0,0,0,0,0,7300,600,0,0,0,0,0,0,0,0,0,0,0,0,0,0,0,0,0,
000055.SZ,000055,20251209,92457000,0,0,0,0,0,,,0,0,0,0,0,43200,43100,0,0,0,0,0,0,0,0,0,7300,0,0,0,0,0,0,0,0,0,43100,0,0,0,0,0,0,0,0,0,7300,6600,0,0,0,0,0,0,0,0,0,0,0,0,0,0,0,0,0,
000055.SZ,000055,20251209,92500000,43200,18000,77760,15,0,,,18000,77760,43200,43200,43200,43200,43200,43300,43400,43500,43600,43700,43800,43900,44000,44100,1300,1600,31600,115000,155200,171400,133900,123200,121300,93000,43100,43000,42900,42800,42700,42600,42500,42400,42200,42100,7000,52100,6000,27700,19100,23000,14300,40100,1000,4500,45400,42300,2032400,282200,0,0,0,0,0,
000055.SZ,000055,20251209,93000000,43100,5600,24136,19,0,,,23600,101896,43200,43100,43200,43200,43200,43300,43400,43500,43600,43700,43800,43900,44000,44100,5400,8600,32800,115000,155200,171400,134900,123200,121300,93000,43100,43000,42900,42800,42700,42600,42500,42400,42200,42100,1400,52800,6000,32700,19100,43000,14300,40100,1000,4500,45400,42300,2102700,302300,0,0,0,0,0,
000055.SZ,000055,20251209,93003000,43100,8600,37070,51,0,,,32200,138966,43200,43100,43200,43200,43200,43300,43400,43500,43600,43700,43800,43900,44000,44100,20100,22100,107600,133900,161300,178300,109800,123200,121900,93000,43100,43000,42900,42800,42700,42600,42500,42400,42200,42100,14800,53900,6000,32700,30500,67900,15300,47100,1000,4500,45400,42300,2280600,380900,0,0,0,0,0,
000055.SZ,000055,20251209,93006000,43100,11000,47410,70,0,,,43200,186376,43200,43100,43200,43200,43200,43300,43400,43500,43600,43700,43800,43900,44000,44100,28900,42100,112600,137900,161300,178300,109800,123500,121900,93000,43100,43000,42900,42800,42700,42600,42500,42400,42200,42100,10200,93900,5000,32700,46800,67900,14300,47100,1000,4500,45300,42300,2326300,431100,0,0,0,0,0,
000055.SZ,000055,20251209,93009000,43100,6800,29308,84,0,,,50000,215684,43200,43100,43200,43200,43200,43300,43400,43500,43600,43700,43800,43900,44000,44100,35700,42100,112600,137900,161300,178300,109800,123500,121900,93000,43100,43000,42900,42800,42700,42600,42500,42400,42200,42100,8500,94000,5000,32700,46800,67900,14300,47100,1000,4500,45300,42300,2333100,429500,0,0,0,0,0,
000055.SZ,000055,20251209,93012000,43100,1300,5603,85,0,,,51300,221287,43200,43100,43200,43200,43200,43300,43400,43500,43600,43700,43800,43900,44000,44100,41100,42100,112600,137900,161300,178300,109800,123500,121900,102100,43100,43000,42900,42800,42700,42600,42500,42400,42200,42100,7300,94000,11000,32700,46800,67900,14300,47100,1000,4500,45300,42300,2347600,434300,0,0,0,0,0,
000055.SZ,000055,20251209,93015000,43100,100,431,86,0,,,51400,221718,43200,43100,43200,43200,43200,43300,43400,43500,43600,43700,43800,43900,44000,44100,41100,42100,112600,137900,161300,178300,109800,123500,121900,102100,43100,43000,42900,42800,42700,42600,42500,42400,42200,42100,7200,94000,11000,32700,46800,67900,14300,47100,1000,4500,45300,42300,2347600,434200,0,0,0,0,0,
000055.SZ,000055,20251209,93018000,43100,0,0,86,0,,,51400,221718,43200,43100,43200,43200,43200,43300,43400,43500,43600,43700,43800,43900,44000,44100,41100,39100,112600,137900,161300,178300,109800,123500,121900,102100,43100,43000,42900,42800,42700,42600,42500,42400,42200,42100,8700,94000,11000,32700,46800,67900,14300,47100,1000,4500,45300,42300,2344600,435700,0,0,0,0,0,
000055.SZ,000055,20251209,93021000,43100,4300,18535,92,0,,,55700,240253,43200,43100,43200,43200,43200,43300,43400,43500,43600,43700,43800,43900,44000,44100,41100,39100,112600,137900,161300,178300,109800,123500,121900,102100,43100,43000,42900,42800,42700,42600,42500,42400,42200,42100,4700,94000,11000,32700,46800,67900,14300,47100,1000,4500,45300,42300,2345900,431700,0,0,0,0,0,
000055.SZ,000055,20251209,93024000,43100,3300,14223,99,0,,,59000,254476,43200,43100,43200,43200,43200,43300,43400,43500,43600,43700,43800,43900,44000,44100,41100,39100,112600,137900,161300,178300,109800,123500,121900,102100,43100,43000,42900,42800,42700,42600,42500,42400,42200,42100,1400,94000,11000,32700,46800,67900,14300,47100,1000,4500,45300,42300,2345900,428400,0,0,0,0,0,
000055.SZ,000055,20251209,93027000,43100,2000,8620,112,0,,,61000,263096,43200,43100,43200,43200,43100,43200,43300,43400,43500,43600,43700,43800,43900,44000,62700,41100,41800,112600,137900,161300,178300,109800,123500,121900,43000,42900,42800,42700,42600,42500,42400,42200,42100,42000,94000,11000,32700,46800,67900,14300,47100,1000,4500,14500,45300,42400,2411300,417000,0,0,0,0,0,
000055.SZ,000055,20251209,93030000,43000,7500,32250,120,0,,,68500,295346,43200,43000,43200,43200,43100,43200,43300,43400,43500,43600,43700,43800,43900,44000,78300,27400,41800,112600,137900,161300,178300,109800,123500,121900,43000,42900,42800,42700,42600,42500,42400,42200,42100,42000,86700,11000,32700,46800,67900,14300,47100,1000,4500,14500,45300,42400,2413200,409700,0,0,0,0,0,
000055.SZ,000055,20251209,93033000,43100,200,862,121,0,,,68700,296208,43200,43000,43200,43200,43100,43200,43300,43400,43500,43600,43700,43800,43900,44000,78100,27400,41800,112600,137900,161300,178300,109800,123500,121900,43000,42900,42800,42700,42600,42500,42400,42200,42100,42000,90300,11000,32700,46800,67900,14300,47100,1000,4500,14500,45300,42400,2413200,413300,0,0,0,0,0,
000055.SZ,000055,20251209,93036000,43000,500,2150,122,0,,,69200,298358,43200,43000,43200,43200,43100,43200,43300,43400,43500,43600,43700,43800,43900,44000,78500,27400,41800,112600,137900,161300,178300,109800,123500,121900,43000,42900,42800,42700,42600,42500,42400,42200,42100,42000,89800,11000,32700,46800,67900,14300,47100,1000,4500,14500,45300,42400,2419200,412800,0,0,0,0,0,
000055.SZ,000055,20251209,93039000,43000,5700,24510,123,0,,,74900,322868,43200,43000,43200,43200,43100,43200,43300,43400,43500,43600,43700,43800,43900,44000,79200,27100,41800,112600,137900,161300,178300,109800,123500,121900,43000,42900,42800,42700,42600,42500,42400,42200,42100,42000,84400,11000,32700,46800,68100,14300,47100,1000,4500,14500,45300,42400,2419600,407600,0,0,0,0,0,
000055.SZ,000055,20251209,93042000,43000,100,430,124,0,,,75000,323298,43200,43000,43200,43200,43100,43200,43300,43400,43500,43600,43700,43800,43900,44000,79800,20100,41800,112600,137900,161300,178300,109800,123500,121900,43000,42900,42800,42700,42600,42500,42400,42200,42100,42000,90800,11000,32700,46800,68100,14300,47100,1000,4500,14500,45300,42400,2413200,414000,0,0,0,0,0,
000055.SZ,000055,20251209,93045000,43000,0,0,124,0,,,75000,323298,43200,43000,43200,43200,43100,43200,43300,43400,43500,43600,43700,43800,43900,44000,79800,19600,41800,112600,137900,161300,178300,109800,123500,121900,43000,42900,42800,42700,42600,42500,42400,42200,42100,42000,90800,11000,32700,47600,68100,14300,47100,1000,4500,14500,45300,42400,2412700,414800,0,0,0,0,0,
000055.SZ,000055,20251209,93048000,43100,5900,25428,135,0,,,80900,348726,43200,43000,43200,43200,43100,43200,43300,43400,43500,43600,43700,43800,43900,44000,74100,19600,41800,112600,137900,161300,178300,109800,123500,121900,43000,42900,42800,42700,42600,42500,42400,42200,42100,42000,92100,11000,32700,47600,68100,14300,47100,1000,4500,14500,45300,42400,2407000,416100,0,0,0,0,0,
000055.SZ,000055,20251209,93051000,43100,9000,38790,154,0,,,89900,387516,43200,43000,43200,43200,43100,43200,43300,43400,43500,43600,43700,43800,43900,44000,65100,19600,53800,112600,137900,161300,178300,109800,123500,121900,43000,42900,42800,42700,42600,42500,42400,42200,42100,42000,91700,11000,32700,47600,68100,14300,47100,1000,4500,14500,45300,42400,2410000,415700,0,0,0,0,0,
000055.SZ,000055,20251209,93054000,43100,0,0,154,0,,,89900,387516,43200,43000,43200,43200,43100,43200,43300,43400,43500,43600,43700,43800,43900,44000,70700,19600,51600,112600,137900,161300,178300,109800,123500,121900,43000,42900,42800,42700,42600,42500,42400,42200,42100,42000,91700,11000,37400,47600,68100,14300,47100,1000,4500,14500,45300,42400,2413400,435400,0,0,0,0,0,
000055.SZ,000055,20251209,93057000,43100,0,0,154,0,,,89900,387516,43200,43000,43200,43200,43100,43200,43300,43400,43500,43600,43700,43800,43900,44000,71200,19600,51600,112600,137900,161300,178300,109800,123500,121900,43000,42900,42800,42700,42600,42500,42400,42200,42100,42000,91800,11000,37900,47600,68100,14300,47100,1000,4500,14500,45300,42400,2413900,436000,0,0,0,0,0,
000055.SZ,000055,20251209,93100000,43100,2500,10759,157,0,,,92400,398275,43200,43000,43200,43200,43100,43200,43300,43400,43500,43600,43700,43800,43900,44000,70300,20300,51600,112600,137900,161300,178300,109800,123500,121900,43000,42900,42800,42700,42600,42500,42400,42200,42100,42000,90300,11000,37900,47600,68100,14300,47100,1000,4500,14500,45300,42400,2413700,434500,0,0,0,0,0,
000055.SZ,000055,20251209,93103000,43100,2000,8620,158,0,,,94400,406895,43200,43000,43200,43200,43100,43200,43300,43400,43500,43600,43700,43800,43900,44000,74100,27300,51600,112600,137900,161300,178300,109800,123500,121900,43000,42900,42800,42700,42600,42500,42400,42200,42100,42000,91100,11000,37900,47600,68100,14300,47100,1000,4500,14500,45300,42400,2424500,435300,0,0,0,0,0,
000055.SZ,000055,20251209,93106000,43100,1000,4302,160,0,,,95400,411197,43200,43000,43200,43200,43100,43200,43300,43400,43500,43600,43700,43800,43900,44000,73900,27300,51600,112600,137900,161300,178300,109800,123500,121900,43000,42900,42800,42700,42600,42500,42400,42200,42100,42000,90400,11000,37900,47600,68100,14300,47100,1000,4500,14500,45300,42400,2424300,434600,0,0,0,0,0,
000055.SZ,000055,20251209,93109000,43100,0,0,160,0,,,95400,411197,43200,43000,43200,43200,43100,43200,43300,43400,43500,43600,43700,43800,43900,44000,74700,29500,51600,124600,137900,161300,178300,109800,123500,121900,43000,42900,42800,42700,42600,42500,42400,42200,42100,42000,93900,11000,37900,47600,68100,14300,47100,1000,4500,14500,45300,42400,2440300,438100,0,0,0,0,0,
000055.SZ,000055,20251209,93112000,43100,0,0,160,0,,,95400,411197,43200,43000,43200,43200,43100,43200,43300,43400,43500,43600,43700,43800,43900,44000,79400,29500,51600,124600,137900,161300,178300,109800,123500,121900,43000,42900,42800,42700,42600,42500,42400,42200,42100,42000,93900,11000,37900,47600,68100,14300,47100,1000,4500,14500,45200,42400,2445000,438100,0,0,0,0,0,
000055.SZ,000055,20251209,93115000,43100,0,0,160,0,,,95400,411197,43200,43000,43200,43200,43100,43200,43300,43400,43500,43600,43700,43800,43900,44000,49400,29500,51600,124100,137900,161300,178300,109800,123500,121900,43000,42900,42800,42700,42600,42500,42400,42200,42100,42000,94000,11000,37900,47600,68100,14300,47100,1000,4500,14500,45300,42400,2415500,438200,0,0,0,0,0,
000055.SZ,000055,20251209,93118000,43000,1700,7310,162,0,,,97100,418507,43200,43000,43200,43200,43100,43200,43300,43400,43500,43600,43700,43800,43900,44000,281450,29500,51600,124100,137900,161300,178300,109800,123500,121900,43000,42900,42800,42700,42600,42500,42400,42200,42100,42000,92300,11000,37900,47600,68100,14300,47100,1000,4500,14500,45100,42400,2647550,436500,0,0,0,0,0,
000055.SZ,000055,20251209,93121000,43000,6300,27090,186,0,,,103400,445597,43200,43000,43200,43200,43100,43200,43300,43400,43500,43600,43700,43800,43900,44000,281550,29400,51600,124100,137900,161300,178300,109800,123500,121900,43000,42900,42800,42700,42600,42500,42400,42200,42100,42000,86000,11000,37900,47600,68100,14300,47100,1000,4500,14500,45100,42300,2647550,430200,0,0,0,0,0,
000055.SZ,000055,20251209,93124000,43000,7900,33970,189,0,,,111300,479567,43200,43000,43200,43200,43100,43200,43300,43400,43500,43600,43700,43800,43900,44000,285550,22400,51600,124100,137900,161300,178300,109800,123500,121900,43000,42900,42800,42700,42600,42500,42400,42200,42100,42000,78200,11000,37900,47600,68100,14300,47100,1000,4500,14500,45100,42300,2644550,422400,0,0,0,0,0,
000055.SZ,000055,20251209,93127000,43000,0,0,189,0,,,111300,479567,43200,43000,43200,43200,43100,43200,43300,43400,43500,43600,43700,43800,43900,44000,285550,22400,51600,124100,137900,161300,178300,109800,123500,121900,43000,42900,42800,42700,42600,42500,42400,42200,42100,42000,78200,11000,37900,47600,68100,14300,47100,1000,4500,14500,45100,42300,2644550,423200,0,0,0,0,0,
000055.SZ,000055,20251209,93130000,43000,0,0,189,0,,,111300,479567,43200,43000,43200,43200,43100,43200,43300,43400,43500,43600,43700,43800,43900,44000,288550,22400,51600,124100,137900,161300,178300,109800,123500,121900,43000,42900,42800,42700,42600,42500,42400,42200,42100,42000,88200,11000,37900,47600,68100,14300,47100,1000,4500,14500,45100,42400,2647550,432400,0,0,0,0,0,
000055.SZ,000055,20251209,93133000,43000,0,0,189,0,,,111300,479567,43200,43000,43200,43200,43100,43200,43300,43400,43500,43600,43700,43800,43900,44000,288550,22400,31600,124100,137900,161300,178300,109800,123500,121900,43000,42900,42800,42700,42600,42500,42400,42200,42100,42000,88200,11000,37900,47600,68100,14300,47100,1000,4500,14500,45100,42400,2627550,432400,0,0,0,0,0,
000055.SZ,000055,20251209,93136000,43000,600,2580,190,0,,,111900,482147,43200,43000,43200,43200,43100,43200,43300,43400,43500,43600,43700,43800,43900,44000,288650,22400,31600,124100,137900,161300,178300,109800,123500,121900,43000,42900,42800,42700,42600,42500,42400,42200,42100,42000,90500,11000,37900,47600,68100,14300,47100,1000,4500,14500,45100,42400,2627750,434700,0,0,0,0,0,
000055.SZ,000055,20251209,93139000,43000,500,2150,192,0,,,112400,484297,43200,43000,43200,43200,43100,43200,43300,43400,43500,43600,43700,43800,43900,44000,288150,22400,31600,119100,137900,161300,178300,109800,123500,121900,43000,42900,42800,42700,42600,42500,42400,42200,42100,42000,95900,11000,37900,47600,68100,14300,47100,1000,4500,14500,45100,42400,2622250,440100,0,0,0,0,0,
000055.SZ,000055,20251209,93142000,43000,0,0,192,0,,,112400,484297,43200,43000,43200,43200,43100,43200,43300,43400,43500,43600,43700,43800,43900,44000,288150,22400,31600,119100,137900,161300,178300,109800,123500,121900,43000,42900,42800,42700,42600,42500,42400,42200,42100,42000,96900,11000,37900,47600,68100,14300,47100,1000,4500,14500,45100,42400,2622250,441100,0,0,0,0,0,
000055.SZ,000055,20251209,93145000,43000,100,430,193,0,,,112500,484727,43200,43000,43200,43200,43100,43200,43300,43400,43500,43600,43700,43800,43900,44000,288150,22200,31600,119100,137900,161300,178300,109800,123500,121900,43000,42900,42800,42700,42600,42500,42400,42200,42100,42000,96800,11000,37900,47600,68100,14300,47100,1000,4500,14500,45100,42400,2622050,441000,0,0,0,0,0,
000055.SZ,000055,20251209,93148000,43000,200,860,194,0,,,112700,485587,43200,43000,43200,43200,43100,43200,43300,43400,43500,43600,43700,43800,43900,44000,288250,22200,31600,119100,137900,161300,178300,109800,123500,121900,43000,42900,42800,42700,42600,42500,42400,42200,42100,42000,96600,11000,37900,47600,68100,14300,47100,1000,4500,14500,45100,42400,2622150,440800,0,0,0,0,0,
000055.SZ,000055,20251209,93151000,43100,100,431,195,0,,,112800,486018,43200,43000,43200,43200,43100,43200,43300,43400,43500,43600,43700,43800,43900,44000,288150,22800,31600,119100,137900,161300,178300,109800,123500,121900,43000,42900,42800,42700,42600,42500,42400,42200,42100,42000,96900,11000,37900,47600,68100,14300,47100,1000,4500,14500,45100,42400,2622650,441100,0,0,0,0,0,
000055.SZ,000055,20251209,93154000,43100,0,0,195,0,,,112800,486018,43200,43000,43200,43200,43100,43200,43300,43400,43500,43600,43700,43800,43900,44000,288150,22800,31600,119100,137900,161300,178300,109800,123500,121900,43000,42900,42800,42700,42600,42500,42400,42200,42100,42000,96900,11000,37900,47600,68100,14300,47100,1000,4500,14500,45100,42400,2628650,441100,0,0,0,0,0,
000055.SZ,000055,20251209,93157000,43000,4800,20640,196,0,,,117600,506658,43200,43000,43200,43200,43100,43200,43300,43400,43500,43600,43700,43800,43900,44000,288150,22800,31600,119100,137900,161300,178300,109800,123500,121900,43000,42900,42800,42700,42600,42500,42400,42200,42100,42000,92100,11000,37900,47600,68100,14300,47100,1000,4500,14500,45100,42400,2628650,436300,0,0,0,0,0,
000055.SZ,000055,20251209,93200000,43000,3100,13330,198,0,,,120700,519988,43200,43000,43200,43200,43100,43200,43300,43400,43500,43600,43700,43800,43900,44000,288150,22800,31600,119100,137900,161300,178300,109800,123500,121900,43000,42900,42800,42700,42600,42500,42400,42200,42100,42000,89000,11000,37900,47600,68100,14300,47100,1000,4500,14500,45100,42400,2628650,433200,0,0,0,0,0,
000055.SZ,000055,20251209,93203000,43000,400,1720,199,0,,,121100,521708,43200,43000,43200,43200,43100,43200,43300,43400,43500,43600,43700,43800,43900,44000,291150,22800,31600,119100,137900,161300,178300,109800,123500,121900,43000,42900,42800,42700,42600,42500,42400,42200,42100,42000,88600,11000,37900,47600,68100,14300,47100,1000,4500,14500,45100,42400,2631650,432800,0,0,0,0,0,
000055.SZ,000055,20251209,93206000,43000,7200,30960,201,0,,,128300,552668,43200,43000,43200,43200,43100,43200,43300,43400,43500,43600,43700,43800,43900,44000,291150,22800,31600,119100,137900,161300,178300,109800,123500,121900,43000,42900,42800,42700,42600,42500,42400,42200,42100,42000,87600,11000,37900,47600,68100,14300,47100,1000,4500,14500,45100,42400,2632650,431800,0,0,0,0,0,
000055.SZ,000055,20251209,93209000,43000,100,430,202,0,,,128400,553098,43200,43000,43200,43200,43100,43200,43300,43400,43500,43600,43700,43800,43900,44000,291150,22800,31600,119100,137900,161300,178300,109800,123500,121900,43000,42900,42800,42700,42600,42500,42400,42200,42100,42000,89000,11000,37900,47600,68100,14300,47100,1000,4500,14500,45100,42400,2632650,433200,0,0,0,0,0,
000055.SZ,000055,20251209,93212000,43000,0,0,202,0,,,128400,553098,43200,43000,43200,43200,43100,43200,43300,43400,43500,43600,43700,43800,43900,44000,291150,22800,31600,119100,137900,161300,178300,109800,123500,121900,43000,42900,42800,42700,42600,42500,42400,42200,42100,42000,89000,11000,37900,47600,68100,14300,47100,1000,4500,14500,45100,42400,2634650,433200,0,0,0,0,0,
000055.SZ,000055,20251209,93215000,43000,14900,64070,213,0,,,143300,617168,43200,43000,43200,43200,43100,43200,43300,43400,43500,43600,43700,43800,43900,44000,292450,22800,31600,118400,137900,161300,178300,109800,123500,121900,43000,42900,42800,42700,42600,42500,42400,42200,42100,42000,74100,11600,38600,47600,68100,14300,47100,1000,4500,14500,45100,42300,2635250,419600,0,0,0,0,0,
000055.SZ,000055,20251209,93218000,43000,2400,10320,216,0,,,145700,627488,43200,43000,43200,43200,43100,43200,43300,43400,43500,43600,43700,43800,43900,44000,292450,22600,31600,118400,137900,161300,178300,109800,123500,121900,43000,42900,42800,42700,42600,42500,42400,42200,42100,42000,65500,11600,38600,47600,68100,14300,47100,1000,4500,14500,45100,42300,2635050,411000,0,0,0,0,0,
000055.SZ,000055,20251209,93221000,43000,2200,9460,219,0,,,147900,636948,43200,43000,43200,43200,43100,43200,43300,43400,43500,43600,43700,43800,43900,44000,292450,19600,31600,118400,137900,161300,178300,109800,123500,121900,43000,42900,42800,42700,42600,42500,42400,42200,42100,42000,63300,11600,38600,47600,68100,14300,47100,1000,4500,14500,45100,42300,2632050,408800,0,0,0,0,0,
000055.SZ,000055,20251209,93224000,43000,12000,51662,227,0,,,159900,688610,43200,43000,43200,43200,43100,43200,43300,43400,43500,43600,43700,43800,43900,44000,286250,17700,31600,118400,137900,161300,178300,109800,123500,121900,43000,42900,42800,42700,42600,42500,42400,42200,42100,42000,57500,11600,38600,47600,68100,14300,47100,1000,4500,14500,45100,42300,2623950,403000,0,0,0,0,0,
000055.SZ,000055,20251209,93227000,43100,500,2155,228,0,,,160400,690765,43200,43000,43200,43200,43100,43200,43300,43400,43500,43600,43700,43800,43900,44000,288450,17700,31600,118400,137900,161300,178300,109800,123500,121900,43000,42900,42800,42700,42600,42500,42400,42200,42100,42000,57500,11600,38600,47600,68100,14300,47100,1000,4500,14500,45100,42300,2626150,403000,0,0,0,0,0,
000055.SZ,000055,20251209,93230000,43100,0,0,228,0,,,160400,690765,43200,43000,43200,43200,43100,43200,43300,43400,43500,43600,43700,43800,43900,44000,288450,17700,43900,118400,137900,161300,178300,109800,123500,121900,43000,42900,42800,42700,42600,42500,42400,42200,42100,42000,57500,11600,38600,47600,68100,14300,47100,1000,4500,14500,45100,42300,2638450,403000,0,0,0,0,0,
000055.SZ,000055,20251209,93233000,43000,9700,41710,230,0,,,170100,732475,43200,43000,43200,43200,43100,43200,43300,43400,43500,43600,43700,43800,43900,44000,288450,15500,43900,118400,137900,161300,178300,109800,123500,121900,43000,42900,42800,42700,42600,42500,42400,42200,42100,42000,47800,16500,38600,47600,68100,14300,47100,1000,4500,14500,45100,42300,2636250,398200,0,0,0,0,0,
000055.SZ,000055,20251209,93239000,43000,0,0,230,0,,,170100,732475,43200,43000,43200,43200,43100,43200,43300,43400,43500,43600,43700,43800,43900,44000,288450,15500,43900,118400,137900,161300,178300,109800,123500,121900,43000,42900,42800,42700,42600,42500,42400,42200,42100,42000,48700,16500,38600,47600,68100,14300,47100,1000,4500,14500,45100,42100,2636250,419100,0,0,0,0,0,
000055.SZ,000055,20251209,93242000,43000,2200,9460,231,0,,,172300,741935,43200,43000,43200,43200,43100,43200,43300,43400,43500,43600,43700,43800,43900,44000,288450,15500,43900,118400,137900,161300,178300,109800,123500,121900,43000,42900,42800,42700,42600,42500,42400,42200,42100,42000,46500,16500,38600,47600,68100,14300,47100,1000,4500,14500,45100,42100,2636250,416900,0,0,0,0,0,
000055.SZ,000055,20251209,93245000,43000,0,0,231,0,,,172300,741935,43200,43000,43200,43200,43100,43200,43300,43400,43500,43600,43700,43800,43900,44000,288450,15500,43900,118400,137900,166300,178300,109800,123500,121900,43000,42900,42800,42700,42600,42500,42400,42200,42100,42000,46500,16500,38600,47600,68100,14300,47100,1000,4500,14500,45100,42100,2642750,416900,0,0,0,0,0,
000055.SZ,000055,20251209,93248000,43100,2500,10775,232,0,,,174800,752710,43200,43000,43200,43200,43100,43200,43300,43400,43500,43600,43700,43800,43900,44000,285950,15500,43900,118400,137900,166300,178300,109800,123500,121900,43000,42900,42800,42700,42600,42500,42400,42200,42100,42000,46500,16500,38600,47600,68100,14300,47100,1000,4500,14500,45100,42100,2640250,416900,0,0,0,0,0,
000055.SZ,000055,20251209,93251000,43000,100,430,233,0,,,174900,753140,43200,43000,43200,43200,43100,43200,43300,43400,43500,43600,43700,43800,43900,44000,283050,15500,43900,118400,137900,166300,178300,109800,123500,121900,43000,42900,42800,42700,42600,42500,42400,42200,42100,42000,46400,16500,38600,47600,68100,14300,47100,1000,4500,14500,45100,42100,2638650,416800,0,0,0,0,0,
000055.SZ,000055,20251209,93254000,43000,5000,21500,234,0,,,179900,774640,43200,43000,43200,43200,43100,43200,43300,43400,43500,43600,43700,43800,43900,44000,290550,8500,43900,118400,137900,166300,178300,109800,123500,121900,43000,42900,42800,42700,42600,42500,42400,42200,42100,42000,41400,16500,38600,47600,68100,14300,47100,1000,4500,14500,45100,42100,2639150,411800,0,0,0,0,0,
000055.SZ,000055,20251209,93257000,43000,4500,19350,239,0,,,184400,793990,43200,43000,43200,43200,43100,43200,43300,43400,43500,43600,43700,43800,43900,44000,290550,8500,43900,118400,137900,166300,178300,109800,123500,121900,43000,42900,42800,42700,42600,42500,42400,42200,42100,42000,36900,16500,38600,47600,68100,14300,47100,1000,4500,14500,45100,42100,2639650,407300,0,0,0,0,0,
000055.SZ,000055,20251209,93300000,43000,100,430,240,0,,,184500,794420,43200,43000,43200,43200,43100,43200,43300,43400,43500,43600,43700,43800,43900,44000,290550,8500,43900,118400,137900,166300,178300,109800,123500,121900,43000,42900,42800,42700,42600,42500,42400,42200,42100,42000,38000,16500,38600,47600,68100,14300,47100,1000,4500,14500,45100,42100,2639850,408400,0,0,0,0,0,
000055.SZ,000055,20251209,93306000,43000,0,0,240,0,,,184500,794420,43200,43000,43200,43200,43100,43200,43300,43400,43500,43600,43700,43800,43900,44000,290550,8500,43900,118400,137900,166300,178300,109800,123500,121900,43000,42900,42800,42700,42600,42500,42400,42200,42100,42000,38600,16500,38600,47600,68100,14300,47100,1000,4500,14500,45100,42100,2639850,409000,0,0,0,0,0,
000055.SZ,000055,20251209,93309000,43000,0,0,240,0,,,184500,794420,43200,43000,43200,43200,43100,43200,43300,43400,43500,43600,43700,43800,43900,44000,291150,7800,43900,118400,137900,166300,178300,109800,123500,121900,43000,42900,42800,42700,42600,42500,42400,42200,42100,42000,38400,16500,38600,47600,68100,14300,47100,1000,4500,14500,45100,42100,2639750,408800,0,0,0,0,0,
000055.SZ,000055,20251209,93312000,43000,0,0,240,0,,,184500,794420,43200,43000,43200,43200,43100,43200,43300,43400,43500,43600,43700,43800,43900,44000,291150,7800,43900,118400,137900,166300,178300,109800,123500,121900,43000,42900,42800,42700,42600,42500,42400,42200,42100,42000,38400,16500,38600,47600,68100,14300,47100,1000,4500,14500,45100,42100,2639950,408800,0,0,0,0,0,
000055.SZ,000055,20251209,93318000,43000,0,0,240,0,,,184500,794420,43200,43000,43200,43200,43100,43200,43300,43400,43500,43600,43700,43800,43900,44000,298150,7800,43900,118400,137900,166300,178300,109800,123500,121900,43000,42900,42800,42700,42600,42500,42400,42200,42100,42000,38500,16500,38600,47600,68100,14300,47100,1000,4500,14500,45100,42100,2646950,408900,0,0,0,0,0,
000055.SZ,000055,20251209,93321000,43000,600,2580,241,0,,,185100,797000,43200,43000,43200,43200,43100,43200,43300,43400,43500,43600,43700,43800,43900,44000,298150,7800,43900,118400,137900,166300,178300,109800,123500,121900,43000,42900,42800,42700,42600,42500,42400,42200,42100,42000,37900,16500,38600,47600,68100,14300,47100,1000,4500,14500,45100,42100,2646950,408300,0,0,0,0,0,
000055.SZ,000055,20251209,93324000,43000,500,2150,242,0,,,185600,799150,43200,43000,43200,43200,43100,43200,43300,43400,43500,43600,43700,43800,43900,44000,298150,7800,43900,118400,137900,166300,178300,109800,123500,121900,43000,42900,42800,42700,42600,42500,42400,42200,42100,42000,37400,16500,38600,47600,68100,14300,47100,1000,4500,14500,45100,42100,2646950,407800,0,0,0,0,0,
000055.SZ,000055,20251209,93327000,43100,100,431,243,0,,,185700,799581,43200,43000,43200,43200,43100,43200,43300,43400,43500,43600,43700,43800,43900,44000,291050,7800,43900,118400,137900,166300,178300,109800,123500,121900,43000,42900,42800,42700,42600,42500,42400,42200,42100,42000,37400,16500,38600,47600,68100,14300,47100,1000,4500,14500,45100,42100,2639850,407800,0,0,0,0,0,
000055.SZ,000055,20251209,93333000,43000,100,430,244,0,,,185800,800011,43200,43000,43200,43200,43100,43200,43300,43400,43500,43600,43700,43800,43900,44000,291050,7800,43900,118400,137900,166300,178300,109800,123500,121900,43000,42900,42800,42700,42600,42500,42400,42200,42100,42000,37300,16500,38600,47600,68100,14300,47100,1000,4500,14500,45100,42100,2641850,407700,0,0,0,0,0,
000055.SZ,000055,20251209,93336000,43000,0,0,244,0,,,185800,800011,43200,43000,43200,43200,43100,43200,43300,43400,43500,43600,43700,43800,43900,44000,291050,7800,43900,118400,137900,166300,178300,109800,123500,121900,43000,42900,42800,42700,42600,42500,42400,42200,42100,42000,37600,16500,38600,47600,68100,14300,47100,1000,4500,14500,45100,42100,2641850,408000,0,0,0,0,0,
000055.SZ,000055,20251209,93339000,43000,0,0,244,0,,,185800,800011,43200,43000,43200,43200,43100,43200,43300,43400,43500,43600,43700,43800,43900,44000,291150,7800,43900,118400,137900,166300,178300,109800,123500,121900,43000,42900,42800,42700,42600,42500,42400,42200,42100,42000,36600,16500,38600,47600,68100,14300,47100,1000,4500,14500,45100,42100,2641950,407000,0,0,0,0,0,
000055.SZ,000055,20251209,93345000,43000,0,0,244,0,,,185800,800011,43200,43000,43200,43200,43100,43200,43300,43400,43500,43600,43700,43800,43900,44000,291150,7800,43900,118400,137900,166300,178300,109800,123500,121900,43000,42900,42800,42700,42600,42500,42400,42200,42100,42000,44100,16500,38600,47600,68100,14300,47100,1000,4500,14500,45100,42100,2641950,414500,0,0,0,0,0,
000055.SZ,000055,20251209,93351000,43000,44700,192210,275,0,,,230500,992221,43200,43000,43200,43200,43100,43200,43300,43400,43500,43600,43700,43800,43900,44000,291150,7800,43900,118400,137900,166300,178300,109800,123500,121900,43000,42900,42800,42700,42600,42500,42400,42200,42100,42000,3000,16500,38600,47600,68100,14300,47100,1000,4500,14500,45100,42000,2641950,373400,0,0,0,0,0,
000055.SZ,000055,20251209,93354000,43100,500,2154,277,0,,,231000,994375,43200,43000,43200,43200,43100,43200,43300,43400,43500,43600,43700,43800,43900,44000,290750,7800,43900,118400,137900,166300,178300,109800,123500,121900,43000,42900,42800,42700,42600,42500,42400,42200,42100,42000,3600,45000,38600,47600,68100,14300,47100,1000,4500,14500,45100,42100,2641550,402500,0,0,0,0,0,
000055.SZ,000055,20251209,93357000,43100,0,0,277,0,,,231000,994375,43200,43000,43200,43200,43100,43200,43300,43400,43500,43600,43700,43800,43900,44000,290750,7800,43900,121400,137900,166300,178300,109800,123500,121900,43000,42900,42800,42700,42600,42500,42400,42200,42100,42000,3600,45000,38600,47600,68100,14300,47100,1000,4500,14500,45100,42100,2644550,402500,0,0,0,0,0,
000055.SZ,000055,20251209,93400000,43100,0,0,277,0,,,231000,994375,43200,43000,43200,43200,43100,43200,43300,43400,43500,43600,43700,43800,43900,44000,290750,10300,43900,121400,137900,166300,178300,109800,123500,121900,43000,42900,42800,42700,42600,42500,42400,42300,42200,42100,3600,45000,38600,43200,68100,14300,47100,8000,1000,4500,45100,42100,2647350,406100,0,0,0,0,0,
000055.SZ,000055,20251209,93403000,43000,1000,4300,278,0,,,232000,998675,43200,43000,43200,43200,43100,43200,43300,43400,43500,43600,43700,43800,43900,44000,290750,10300,43900,121400,137900,166300,178300,109800,123500,121900,43000,42900,42800,42700,42600,42500,42400,42300,42200,42100,17600,45000,38600,43200,68100,14300,47100,8000,1000,4500,45100,42100,2654350,420100,0,0,0,0,0,
000055.SZ,000055,20251209,93406000,43000,200,860,279,0,,,232200,999535,43200,43000,43200,43200,43100,43200,43300,43400,43500,43600,43700,43800,43900,44000,290750,10300,43900,121400,137900,166300,178300,109800,123500,121900,43000,42900,42800,42700,42600,42500,42400,42300,42200,42100,17400,45000,38600,43200,68100,14300,47100,8000,1000,4500,45100,42100,2654350,419900,0,0,0,0,0,
000055.SZ,000055,20251209,93409000,43000,0,0,279,0,,,232200,999535,43200,43000,43200,43200,43100,43200,43300,43400,43500,43600,43700,43800,43900,44000,290750,10300,43900,121400,138900,166300,178300,109800,123500,121900,43000,42900,42800,42700,42600,42500,42400,42300,42200,42100,17400,45000,43000,43200,68100,14300,47100,8000,1000,4500,45100,42100,2655350,424300,0,0,0,0,0,
000055.SZ,000055,20251209,93412000,43000,0,0,279,0,,,232200,999535,43200,43000,43200,43200,43100,43200,43300,43400,43500,43600,43700,43800,43900,44000,290750,10300,43900,121400,138900,166300,178300,109800,123500,121900,43000,42900,42800,42700,42600,42500,42400,42300,42200,42100,17400,45000,43000,53200,68100,14300,47100,8000,1000,4500,45100,42100,2655350,434300,0,0,0,0,0,
000055.SZ,000055,20251209,93418000,43000,5000,21500,283,0,,,237200,1021035,43200,43000,43200,43200,43100,43200,43300,43400,43500,43600,43700,43800,43900,44000,290750,10300,43900,121400,138900,166300,178300,109800,123500,121900,43000,42900,42800,42700,42600,42500,42400,42300,42200,42100,12400,45000,43000,53200,68100,19300,47100,8000,1000,4500,45100,42100,2657950,434300,0,0,0,0,0,
000055.SZ,000055,20251209,93424000,43000,0,0,283,0,,,237200,1021035,43200,43000,43200,43200,43100,43200,43300,43400,43500,43600,43700,43800,43900,44000,290750,10300,43900,121400,138900,166300,178300,109800,123500,121900,43000,42900,42800,42700,42600,42500,42400,42300,42200,42100,12500,45000,43000,58200,68100,19300,47100,8000,1000,4500,45100,42100,2657950,439400,0,0,0,0,0,
000055.SZ,000055,20251209,93427000,43000,0,0,283,0,,,237200,1021035,43200,43000,43200,43200,43100,43200,43300,43400,43500,43600,43700,43800,43900,44000,290750,10300,43900,121400,138900,166300,178300,109800,123500,121900,43000,42900,42800,42700,42600,42500,42400,42300,42200,42100,12500,45000,43000,58200,68100,19300,47100,8000,1000,4500,45100,42100,2660550,439400,0,0,0,0,0,
000055.SZ,000055,20251209,93430000,43000,500,2150,284,0,,,237700,1023185,43200,43000,43200,43200,43100,43200,43300,43400,43500,43600,43700,43800,43900,44000,290750,10300,43900,121400,138900,166300,178300,109800,123500,121900,43000,42900,42800,42700,42600,42500,42400,42300,42200,42100,12000,45000,43000,58200,68100,19300,47100,8000,1000,4500,45100,42100,2670550,438900,0,0,0,0,0,
000055.SZ,000055,20251209,93436000,43000,3500,15050,286,0,,,241200,1038235,43200,43000,43200,43200,43100,43200,43300,43400,43500,43600,43700,43800,43900,44000,290750,10300,43900,121400,138900,174900,178300,109800,123500,121900,43000,42900,42800,42700,42600,42500,42400,42300,42200,42100,12000,45000,43000,58200,68100,19300,47100,8000,1000,4500,45100,42100,2679150,438900,0,0,0,0,0,
000055.SZ,000055,20251209,93439000,43000,100,430,287,0,,,241300,1038665,43200,43000,43200,43200,43100,43200,43300,43400,43500,43600,43700,43800,43900,44000,290750,10300,43900,121400,138900,174900,178300,109800,123500,121900,43000,42900,42800,42700,42600,42500,42400,42300,42200,42100,12000,45000,43000,58200,68100,19300,47100,8000,1000,4500,45100,42100,2679150,438900,0,0,0,0,0,
000055.SZ,000055,20251209,93442000,43000,0,0,287,0,,,241300,1038665,43200,43000,43200,43200,43100,43200,43300,43400,43500,43600,43700,43800,43900,44000,290850,10300,43900,121400,138900,174900,178300,109800,123500,121900,43000,42900,42800,42700,42600,42500,42400,42300,42200,42100,12000,45000,43000,58200,68100,19300,47100,8000,1000,4500,45100,42100,2693250,439600,0,0,0,0,0,
000055.SZ,000055,20251209,93445000,43000,0,0,287,0,,,241300,1038665,43200,43000,43200,43200,43100,43200,43300,43400,43500,43600,43700,43800,43900,44000,290850,10300,43900,121400,138900,174900,178300,109800,123500,121900,43000,42900,42800,42700,42600,42500,42400,42300,42200,42100,18000,39000,43000,58200,68100,19300,47100,8000,1000,4500,45100,42100,2693250,439600,0,0,0,0,0,
000055.SZ,000055,20251209,93451000,43000,700,3010,288,0,,,242000,1041675,43200,43000,43200,43200,43100,43200,43300,43400,43500,43600,43700,43800,43900,44000,290850,10300,43900,121400,138900,174900,178300,109800,123500,121900,43000,42900,42800,42700,42600,42500,42400,42300,42200,42100,17300,39000,43000,58700,68100,19300,47100,8000,1000,4500,45100,42100,2693250,439400,0,0,0,0,0,
000055.SZ,000055,20251209,93454000,43000,0,0,288,0,,,242000,1041675,43200,43000,43200,43200,43100,43200,43300,43400,43500,43600,43700,43800,43900,44000,294850,10300,43900,121400,138900,174900,178300,109800,123500,121900,43000,42900,42800,42700,42600,42500,42400,42300,42200,42100,17300,39000,43000,58700,68100,19300,47100,8000,1000,4500,45100,42100,2697250,439700,0,0,0,0,0,
000055.SZ,000055,20251209,93457000,43000,0,0,288,0,,,242000,1041675,43200,43000,43200,43200,43100,43200,43300,43400,43500,43600,43700,43800,43900,44000,294950,10300,43900,121400,138900,174900,178300,109800,123500,121900,43000,42900,42800,42700,42600,42500,42400,42300,42200,42100,22300,39000,43000,58700,68100,19300,47100,8000,1000,4500,45100,42200,2697350,444700,0,0,0,0,0,
000055.SZ,000055,20251209,93503000,43000,0,0,288,0,,,242000,1041675,43200,43000,43200,43200,43100,43200,43300,43400,43500,43600,43700,43800,43900,44000,298850,10300,43900,121400,138900,174900,178300,109800,123500,121900,43000,42900,42800,42700,42600,42500,42400,42300,42200,42100,22400,51000,43000,58700,68100,19300,47100,8000,1000,4500,45100,42200,2701250,456800,0,0,0,0,0,
000055.SZ,000055,20251209,93506000,43000,0,0,288,0,,,242000,1041675,43200,43000,43200,43200,43100,43200,43300,43400,43500,43600,43700,43800,43900,44000,298850,10300,43900,121400,138900,174900,178300,109800,123500,121900,43000,42900,42800,42700,42600,42500,42400,42300,42200,42100,31000,51000,43000,58700,68100,19300,47100,8000,1000,4500,45100,42200,2701350,465400,0,0,0,0,0,
000055.SZ,000055,20251209,93509000,43000,4700,20210,289,0,,,246700,1061885,43200,43000,43200,43200,43100,43200,43300,43400,43500,43600,43700,43800,43900,44000,298850,10300,43900,121400,138900,174900,178300,109800,123500,121900,43000,42900,42800,42700,42600,42500,42400,42300,42200,42100,26800,51000,43000,53700,68100,19300,47100,8000,1000,4500,45100,42200,2701350,456200,0,0,0,0,0,
000055.SZ,000055,20251209,93512000,43100,200,862,290,0,,,246900,1062747,43200,43000,43200,43200,43100,43200,43300,43400,43500,43600,43700,43800,43900,44000,299250,9700,43900,121400,138900,174900,178300,109800,123500,121900,43000,42900,42800,42700,42600,42500,42400,42300,42200,42100,26900,51000,43000,53700,68100,19300,47100,8000,1000,4500,45100,42200,2701150,456300,0,0,0,0,0,
000055.SZ,000055,20251209,93515000,43000,2000,8600,291,0,,,248900,1071347,43200,43000,43200,43200,43100,43200,43300,43400,43500,43600,43700,43800,43900,44000,299250,10800,43900,121400,138900,174900,178300,109800,123500,121900,43000,42900,42800,42700,42600,42500,42400,42300,42200,42100,24900,51000,43000,53700,68100,19300,47100,8000,1000,4500,45100,42200,2702250,454300,0,0,0,0,0,
000055.SZ,000055,20251209,93518000,43100,100,431,292,0,,,249000,1071778,43200,43000,43200,43200,43100,43200,43300,43400,43500,43600,43700,43800,43900,44000,299150,10800,43900,121400,138900,174900,178300,109800,123500,121900,43000,42900,42800,42700,42600,42500,42400,42300,42200,42100,24600,51000,43000,53700,68100,19300,47100,8000,1000,4500,45100,42200,2702850,454000,0,0,0,0,0,
000055.SZ,000055,20251209,93521000,43100,0,0,292,0,,,249000,1071778,43200,43000,43200,43200,43100,43200,43300,43400,43500,43600,43700,43800,43900,44000,299150,10800,43900,121400,138900,174900,178300,109800,123500,121900,43000,42900,42800,42700,42600,42500,42400,42300,42200,42100,24600,51000,43000,53700,68100,19300,47100,8000,1000,4500,45100,42200,2702850,457800,0,0,0,0,0,
000055.SZ,000055,20251209,93524000,43100,0,0,292,0,,,249000,1071778,43200,43000,43200,43200,43100,43200,43300,43400,43500,43600,43700,43800,43900,44000,299150,10800,43900,121400,138900,174900,178300,109800,123500,121900,43000,42900,42800,42700,42600,42500,42400,42300,42200,42100,36600,51000,43000,53700,68100,19300,47100,8000,1000,4500,45100,42200,2702850,469800,0,0,0,0,0,
000055.SZ,000055,20251209,93527000,43100,0,0,292,0,,,249000,1071778,43200,43000,43200,43200,43100,43200,43300,43400,43500,43600,43700,43800,43900,44000,299150,10800,43900,121400,138900,174900,178300,109800,123500,121900,43000,42900,42800,42700,42600,42500,42400,42300,42200,42100,41000,51000,43000,53700,68100,19300,47100,8000,1000,4500,45100,42200,2702850,474200,0,0,0,0,0,
000055.SZ,000055,20251209,93530000,43100,0,0,292,0,,,249000,1071778,43200,43000,43200,43200,43100,43200,43300,43400,43500,43600,43700,43800,43900,44000,299150,10800,43900,121400,138900,174900,178300,109800,123500,121900,43000,42900,42800,42700,42600,42500,42400,42300,42200,42100,43700,51000,43000,53700,68100,19300,47100,8000,1000,4500,45100,42200,2702850,476900,0,0,0,0,0,
000055.SZ,000055,20251209,93533000,43000,700,3011,294,0,,,249700,1074789,43200,43000,43200,43200,43100,43200,43300,43400,43500,43600,43700,43800,43900,44000,299050,10800,43900,121400,138900,174900,178300,109800,123500,121900,43000,42900,42800,42700,42600,42500,42400,42300,42200,42100,43100,51000,43000,53700,68100,19300,47100,8000,1000,4500,45100,42200,2702750,476300,0,0,0,0,0,
000055.SZ,000055,20251209,93536000,43100,100,431,295,0,,,249800,1075220,43200,43000,43200,43200,43100,43200,43300,43400,43500,43600,43700,43800,43900,44000,298950,10800,43900,121400,138900,174900,178300,109800,137600,121900,43000,42900,42800,42700,42600,42500,42400,42300,42200,42100,53100,51000,43000,53700,68100,19300,47100,8000,1000,4500,45100,42200,2717450,486900,0,0,0,0,0,
000055.SZ,000055,20251209,93542000,43000,2000,8600,298,0,,,251800,1083820,43200,43000,43200,43200,43100,43200,43300,43400,43500,43600,43700,43800,43900,44000,298950,10800,43900,121400,138900,174900,178300,109800,137600,121900,43000,42900,42800,42700,42600,42500,42400,42300,42200,42100,51100,51000,43000,53700,68100,19300,47100,8000,1000,4500,45100,42200,2717450,484900,0,0,0,0,0,
000055.SZ,000055,20251209,93545000,43100,100,431,299,0,,,251900,1084251,43200,43000,43200,43200,43100,43200,43300,43400,43500,43600,43700,43800,43900,44000,298850,10800,43900,121400,138900,174900,178300,109800,137600,121900,43000,42900,42800,42700,42600,42500,42400,42300,42200,42100,51100,51000,43000,53700,68100,19300,47100,8000,1000,4500,45100,42200,2717350,484900,0,0,0,0,0,
000055.SZ,000055,20251209,93554000,43100,0,0,299,0,,,251900,1084251,43200,43000,43200,43200,43100,43200,43300,43400,43500,43600,43700,43800,43900,44000,298850,11200,43900,121400,138900,174900,178300,109800,137600,121900,43000,42900,42800,42700,42600,42500,42400,42300,42200,42100,51100,51000,43000,53700,68100,19300,47100,8000,1000,4500,45100,42200,2717750,484900,0,0,0,0,0,
000055.SZ,000055,20251209,93557000,43000,10700,46067,305,0,,,262600,1130318,43200,43000,43200,43200,43100,43200,43300,43400,43500,43600,43700,43800,43900,44000,293150,11200,43900,121400,138900,174900,178300,109800,137600,121900,43000,42900,42800,42700,42600,42500,42400,42300,42200,42100,46100,51000,43000,53700,68100,19300,47100,8000,1000,4500,45100,42200,2712050,479900,0,0,0,0,0,
000055.SZ,000055,20251209,93600000,43000,600,2580,306,0,,,263200,1132898,43200,43000,43200,43200,43100,43200,43300,43400,43500,43600,43700,43800,43900,44000,293150,11200,43900,121400,138900,174900,178300,109800,137600,121900,43000,42900,42800,42700,42600,42500,42400,42300,42200,42100,45500,53000,43000,53700,68100,19300,47100,8000,1000,4500,45100,42200,2712050,481300,0,0,0,0,0,
000055.SZ,000055,20251209,93603000,43000,0,0,306,0,,,263200,1132898,43200,43000,43200,43200,43100,43200,43300,43400,43500,43600,43700,43800,43900,44000,293150,11200,43900,121400,138900,174900,178300,109800,137600,121900,43000,42900,42800,42700,42600,42500,42400,42300,42200,42100,48800,53000,43000,53700,68100,19300,47100,8000,1000,4500,45100,42200,2712050,484600,0,0,0,0,0,
000055.SZ,000055,20251209,93606000,43000,700,3010,307,0,,,263900,1135908,43200,43000,43200,43200,43100,43200,43300,43400,43500,43600,43700,43800,43900,44000,293150,11200,43900,121400,138900,174900,178300,109800,137600,121900,43000,42900,42800,42700,42600,42500,42400,42300,42200,42100,48100,53000,43000,53700,68100,19300,47100,8000,1000,4500,45100,42200,2712050,483900,0,0,0,0,0,
000055.SZ,000055,20251209,93609000,43000,0,0,307,0,,,263900,1135908,43200,43000,43200,43200,43100,43200,43300,43400,43500,43600,43700,43800,43900,44000,293150,11200,43900,121400,138900,174900,178300,109800,137600,121900,43000,42900,42800,42700,42600,42500,42400,42300,42200,42100,48100,54000,43000,53700,68100,19300,47100,8000,1000,4500,45100,42200,2712050,484900,0,0,0,0,0,
000055.SZ,000055,20251209,93618000,43100,44100,190071,339,0,,,308000,1325979,43200,43000,43200,43200,43100,43200,43300,43400,43500,43600,43700,43800,43900,44000,249050,11200,43900,121400,138900,174900,178300,109800,137600,121900,43000,42900,42800,42700,42600,42500,42400,42300,42200,42100,48800,54000,43000,53700,68100,19300,47100,8000,1000,4500,45100,42200,2667950,485600,0,0,0,0,0,
000055.SZ,000055,20251209,93621000,43100,700,3017,340,0,,,308700,1328996,43200,43000,43200,43200,43100,43200,43300,43400,43500,43600,43700,43800,43900,44000,248350,11200,43900,121400,138900,174900,178300,109800,137600,121900,43000,42900,42800,42700,42600,42500,42400,42300,42200,42100,50300,54000,43000,53700,68100,19300,47100,8000,1000,4500,45100,42200,2667250,487100,0,0,0,0,0,
000055.SZ,000055,20251209,93624000,43100,0,0,340,0,,,308700,1328996,43200,43000,43200,43200,43100,43200,43300,43400,43500,43600,43700,43800,43900,44000,248350,11200,43900,121400,138900,174900,178300,109800,137600,121900,43000,42900,42800,42700,42600,42500,42400,42200,42100,42000,50300,54000,43000,53700,68100,19300,47100,1000,4500,15800,45100,42200,2667250,479100,0,0,0,0,0,
000055.SZ,000055,20251209,93627000,43100,0,0,340,0,,,308700,1328996,43200,43000,43200,43200,43100,43200,43300,43400,43500,43600,43700,43800,43900,44000,249050,11200,43900,121400,138900,174900,178300,109800,137600,121900,43000,42900,42800,42700,42600,42500,42400,42200,42100,42000,80400,54000,43000,53700,68100,19300,47100,1000,4500,15800,45100,42300,2667950,509200,0,0,0,0,0,
000055.SZ,000055,20251209,93630000,43100,300,1293,341,0,,,309000,1330289,43200,43000,43200,43200,43100,43200,43300,43400,43500,43600,43700,43800,43900,44000,248750,11200,43900,121400,138900,174900,178300,109800,137600,121900,43000,42900,42800,42700,42600,42500,42400,42200,42100,42000,80400,54000,43000,53700,68100,19300,47100,1000,4500,15800,45100,42300,2667650,509200,0,0,0,0,0,
000055.SZ,000055,20251209,93633000,43000,2000,8619,344,0,,,311000,1338908,43200,43000,43200,43200,43100,43200,43300,43400,43500,43600,43700,43800,43900,44000,247850,11200,43900,121400,138900,174900,178300,109800,137600,121900,43000,42900,42800,42700,42600,42500,42400,42200,42100,42000,80300,54000,43000,53700,68100,19300,47100,1000,4500,15800,45100,42300,2666750,508800,0,0,0,0,0,
000055.SZ,000055,20251209,93636000,43000,200,860,345,0,,,311200,1339768,43200,43000,43200,43200,43100,43200,43300,43400,43500,43600,43700,43800,43900,44000,247750,11200,43900,121400,138900,174900,178300,109800,137600,121900,43000,42900,42800,42700,42600,42500,42400,42200,42100,42000,80200,54000,43000,53700,68100,19300,47100,1000,4500,15800,45100,42300,2668650,508700,0,0,0,0,0,
000055.SZ,000055,20251209,93639000,43000,0,0,345,0,,,311200,1339768,43200,43000,43200,43200,43100,43200,43300,43400,43500,43600,43700,43800,43900,44000,247750,11200,43900,121400,138900,174900,178300,109800,137600,121900,43000,42900,42800,42700,42600,42500,42400,42200,42100,42000,88300,54000,43000,53700,68100,19300,47100,1000,4500,15800,45100,42300,2668650,516800,0,0,0,0,0,
000055.SZ,000055,20251209,93642000,43000,0,0,345,0,,,311200,1339768,43200,43000,43200,43200,43100,43200,43300,43400,43500,43600,43700,43800,43900,44000,247850,11200,43900,121400,138900,175900,178300,109800,137600,121900,43000,42900,42800,42700,42600,42500,42400,42200,42100,42000,88300,54000,43000,53700,68100,19300,47100,1000,4500,15800,45100,42300,2669750,516800,0,0,0,0,0,
000055.SZ,000055,20251209,93654000,43000,0,0,345,0,,,311200,1339768,43200,43000,43200,43200,43100,43200,43300,43400,43500,43600,43700,43800,43900,44000,247850,11200,43900,121400,138900,175900,178300,109800,137600,121900,43000,42900,42800,42700,42600,42500,42400,42200,42100,42000,88300,54000,43000,58700,68100,27300,47100,1000,4500,15800,45100,42300,2669750,529800,0,0,0,0,0,
000055.SZ,000055,20251209,93657000,43000,7900,33970,349,0,,,319100,1373738,43200,43000,43200,43200,43100,43200,43300,43400,43500,43600,43700,43800,43900,44000,248350,11200,43900,121400,138900,175900,178300,109800,137600,121900,43000,42900,42800,42700,42600,42500,42400,42200,42100,42000,74200,67600,43000,58700,68100,27300,47100,1000,4500,15800,45100,42300,2671250,529300,0,0,0,0,0,
000055.SZ,000055,20251209,93703000,43000,600,2580,350,0,,,319700,1376318,43200,43000,43200,43200,43100,43200,43300,43400,43500,43600,43700,43800,43900,44000,248350,11200,43900,121400,138900,175900,178300,109800,137600,121900,43000,42900,42800,42700,42600,42500,42400,42200,42100,42000,73600,67600,43000,58700,68100,27300,47100,1000,4500,15800,45100,42300,2671250,528700,0,0,0,0,0,
000055.SZ,000055,20251209,93706000,43000,0,0,350,0,,,319700,1376318,43200,43000,43200,43200,43100,43200,43300,43400,43500,43600,43700,43800,43900,44000,248350,11200,43900,121400,138900,175900,178300,109800,137600,121900,43000,42900,42800,42700,42600,42500,42400,42200,42100,42000,73700,67600,43000,58700,68100,27300,47100,1000,4500,15800,45100,42300,2671250,528800,0,0,0,0,0,
000055.SZ,000055,20251209,93709000,43000,10000,43000,355,0,,,329700,1419318,43200,43000,43200,43200,43100,43200,43300,43400,43500,43600,43700,43800,43900,44000,253150,11200,43900,121400,138900,175900,178300,109800,137600,121900,43000,42900,42800,42700,42600,42500,42400,42200,42100,42000,63700,67600,43000,58700,68100,27300,47100,1000,4500,15800,45100,42300,2676050,518800,0,0,0,0,0,
000055.SZ,000055,20251209,93712000,43000,0,0,355,0,,,329700,1419318,43200,43000,43200,43200,43100,43200,43300,43400,43500,43600,43700,43800,43900,44000,253250,11200,43900,121400,138900,175900,178300,109800,137600,121900,43000,42900,42800,42700,42600,42500,42400,42200,42100,42000,67200,67600,43000,58700,68100,27300,47100,1000,4500,15800,45100,42300,2676150,522300,0,0,0,0,0,
000055.SZ,000055,20251209,93715000,43000,0,0,355,0,,,329700,1419318,43200,43000,43200,43200,43100,43200,43300,43400,43500,43600,43700,43800,43900,44000,253250,11200,41200,121400,138900,175900,178300,109800,137600,121900,43000,42900,42800,42700,42600,42500,42400,42200,42100,42000,67200,67600,43000,58700,68100,27300,47100,1000,4500,15800,45100,42300,2673450,522300,0,0,0,0,0,
000055.SZ,000055,20251209,93718000,43000,0,0,355,0,,,329700,1419318,43200,43000,43200,43200,43100,43200,43300,43400,43500,43600,43700,43800,43900,44000,258350,11200,41200,121400,138900,175900,178300,109800,137600,121900,43000,42900,42800,42700,42600,42500,42400,42200,42100,42000,67200,67600,43000,58700,68100,27300,47100,1000,4500,15800,45100,42300,2678550,522300,0,0,0,0,0,
000055.SZ,000055,20251209,93721000,43000,0,0,355,0,,,329700,1419318,43200,43000,43200,43200,43100,43200,43300,43400,43500,43600,43700,43800,43900,44000,258450,11200,41200,121400,138900,175900,178300,109800,137600,121900,43000,42900,42800,42700,42600,42500,42400,42200,42100,42000,67200,67600,43000,58700,68100,27300,47100,1000,4500,15800,45100,42300,2678650,522300,0,0,0,0,0,
000055.SZ,000055,20251209,93724000,43000,0,0,355,0,,,329700,1419318,43200,43000,43200,43200,43100,43200,43300,43400,43500,43600,43700,43800,43900,44000,258450,11200,41200,121400,138900,175900,178300,109800,137600,121900,43000,42900,42800,42700,42600,42500,42400,42200,42100,42000,67200,66600,43000,58700,68100,27300,47100,1000,4500,15800,45100,42300,2678650,521300,0,0,0,0,0,
000055.SZ,000055,20251209,93727000,43000,0,0,355,0,,,329700,1419318,43200,43000,43200,43200,43100,43200,43300,43400,43500,43600,43700,43800,43900,44000,258450,11200,41200,121400,138900,175900,178300,109800,137600,121900,43000,42900,42800,42700,42600,42500,42400,42200,42100,42000,67200,66600,43000,58700,68100,27300,47100,1000,4500,15800,45200,42300,2733650,521300,0,0,0,0,0,
000055.SZ,000055,20251209,93730000,43100,200,862,356,0,,,329900,1420180,43200,43000,43200,43200,43100,43200,43300,43400,43500,43600,43700,43800,43900,44000,258250,11200,41200,121400,138900,175900,178300,109800,137600,121900,43000,42900,42800,42700,42600,42500,42400,42200,42100,42000,67300,66600,43000,58700,68100,27300,47100,1000,4500,15800,45200,42300,2733450,521400,0,0,0,0,0,
000055.SZ,000055,20251209,93739000,43100,0,0,356,0,,,329900,1420180,43200,43000,43200,43200,43100,43200,43300,43400,43500,43600,43700,43800,43900,44000,258250,11200,41200,121400,139400,175900,178300,109800,137600,121900,43000,42900,42800,42700,42600,42500,42400,42200,42100,42000,67300,66600,43000,58700,68100,27300,47100,1000,4500,15800,45200,42300,2733950,521400,0,0,0,0,0,
000055.SZ,000055,20251209,93742000,43100,0,0,356,0,,,329900,1420180,43200,43000,43200,43200,43100,43200,43300,43400,43500,43600,43700,43800,43900,44000,258450,11200,41200,121400,139400,175900,178300,109800,137600,121900,43000,42900,42800,42700,42600,42500,42400,42200,42100,42000,67300,66600,43000,58700,68100,27300,47100,1000,4500,15800,45200,42300,2734150,521400,0,0,0,0,0,
000055.SZ,000055,20251209,93745000,43100,5000,21550,357,0,,,334900,1441730,43200,43000,43200,43200,43100,43200,43300,43400,43500,43600,43700,43800,43900,44000,253450,11200,44700,121400,139400,175900,178300,109800,137600,121900,43000,42900,42800,42700,42600,42500,42400,42200,42100,42000,67300,67200,43000,58700,68100,27300,47100,1000,4500,15800,45200,42300,2733150,522000,0,0,0,0,0,
000055.SZ,000055,20251209,93754000,43000,700,3010,358,0,,,335600,1444740,43200,43000,43200,43200,43100,43200,43300,43400,43500,43600,43700,43800,43900,44000,253450,11200,44700,121400,139400,175900,178300,109800,137600,121900,43000,42900,42800,42700,42600,42500,42400,42200,42100,42000,66600,67200,43000,58700,68100,27300,47100,1000,4500,15800,45200,42300,2733150,521300,0,0,0,0,0,
000055.SZ,000055,20251209,93757000,43000,0,0,358,0,,,335600,1444740,43200,43000,43200,43200,43100,43200,43300,43400,43500,43600,43700,43800,43900,44000,253450,11200,44700,121400,139400,175900,178300,109800,137600,121900,43000,42900,42800,42700,42600,42500,42400,42200,42100,42000,65800,66600,43000,58700,68100,27300,47100,1000,4500,15800,45200,42300,2733150,519900,0,0,0,0,0,
000055.SZ,000055,20251209,93803000,43000,200,860,359,0,,,335800,1445600,43200,43000,43200,43200,43100,43200,43300,43400,43500,43600,43700,43800,43900,44000,253450,11200,44700,121400,139400,175900,178300,109800,137600,121900,43000,42900,42800,42700,42600,42500,42400,42200,42100,42000,65600,66600,43000,58700,68100,27300,47100,1000,4500,15800,45200,42300,2733150,519700,0,0,0,0,0,
000055.SZ,000055,20251209,93806000,43000,0,0,359,0,,,335800,1445600,43200,43000,43200,43200,43100,43200,43300,43400,43500,43600,43700,43800,43900,44000,253450,11200,44700,121400,139400,175900,178300,109800,137600,121900,43000,42900,42800,42700,42600,42500,42400,42200,42100,42000,65600,66600,43000,58700,68100,27300,47100,1000,4500,15800,45200,42300,2733650,519700,0,0,0,0,0,
000055.SZ,000055,20251209,93809000,43000,0,0,359,0,,,335800,1445600,43200,43000,43200,43200,43100,43200,43300,43400,43500,43600,43700,43800,43900,44000,253550,11200,44700,121400,139400,175900,178300,109800,137600,121900,43000,42900,42800,42700,42600,42500,42400,42200,42100,42000,65600,66600,43000,58700,68100,27300,47100,1000,4500,15800,45200,42300,2734750,519700,0,0,0,0,0,
000055.SZ,000055,20251209,93812000,43000,0,0,359,0,,,335800,1445600,43200,43000,43200,43200,43100,43200,43300,43400,43500,43600,43700,43800,43900,44000,253650,11200,41200,121400,139400,175900,178300,109800,137600,121900,43000,42900,42800,42700,42600,42500,42400,42200,42100,42000,65600,66600,43000,58700,68100,27300,47100,1000,4500,15800,45200,42300,2731350,519700,0,0,0,0,0,
000055.SZ,000055,20251209,93815000,43000,0,0,359,0,,,335800,1445600,43200,43000,43200,43200,43100,43200,43300,43400,43500,43600,43700,43800,43900,44000,253650,11200,41200,121400,139400,175900,178300,109800,137600,121900,43000,42900,42800,42700,42600,42500,42400,42200,42100,42000,35700,66600,43000,58700,68100,47300,47100,1000,4500,15800,45200,42200,2731350,509800,0,0,0,0,0,
000055.SZ,000055,20251209,93818000,43000,0,0,359,0,,,335800,1445600,43200,43000,43200,43200,43100,43200,43300,43400,43500,43600,43700,43800,43900,44000,253650,11200,41200,121400,139400,175900,178300,109800,137600,121900,43000,42900,42800,42700,42600,42500,42400,42200,42100,42000,35700,53000,43000,58700,68100,47300,47100,1000,4500,15800,45200,42200,2731350,496200,0,0,0,0,0,
000055.SZ,000055,20251209,93821000,43000,16200,69660,370,0,,,352000,1515260,43200,43000,43200,43200,43100,43200,43300,43400,43500,43600,43700,43800,43900,44000,253950,11200,41200,121400,139400,175900,178300,109800,123500,121900,43000,42900,42800,42700,42600,42500,42400,42200,42100,42000,19100,53000,43000,58700,68100,47300,47100,1000,4500,15800,45200,42200,2717550,479600,0,0,0,0,0,
000055.SZ,000055,20251209,93824000,43000,1100,4730,372,0,,,353100,1519990,43200,43000,43200,43200,43100,43200,43300,43400,43500,43600,43700,43800,43900,44000,253950,11200,41200,121400,139400,175900,178300,109800,123500,121900,43000,42900,42800,42700,42600,42500,42400,42200,42100,42000,18000,53000,43000,58700,68100,47300,47100,1000,4500,15800,45200,42200,2717550,478500,0,0,0,0,0,
000055.SZ,000055,20251209,93827000,43000,5200,22360,379,0,,,358300,1542350,43200,43000,43200,43200,43100,43200,43300,43400,43500,43600,43700,43800,43900,44000,253950,11200,41200,121400,139400,175900,178300,109800,123500,121900,43000,42900,42800,42700,42600,42500,42400,42200,42100,42000,12800,53000,43000,58700,68100,39300,47100,1000,4500,15800,45200,42200,2717550,465300,0,0,0,0,0,
000055.SZ,000055,20251209,93830000,43000,15800,67940,396,0,,,374100,1610290,43200,43000,43200,43200,43000,43100,43200,43300,43400,43500,43600,43700,43800,43900,9100,246750,11200,41200,121400,139400,175900,178300,109800,130500,42900,42800,42700,42600,42500,42400,42200,42100,42000,41900,57600,43000,58700,68100,39300,47100,1000,4500,15800,7000,45200,42200,2726450,457100,0,0,0,0,0,
000055.SZ,000055,20251209,93833000,43000,5000,21500,400,0,,,379100,1631790,43200,43000,43200,43200,43000,43100,43200,43300,43400,43500,43600,43700,43800,43900,4900,246550,9400,41200,121400,139400,175900,178300,109800,130500,42900,42800,42700,42600,42500,42400,42200,42100,42000,41900,57600,43000,58700,68100,39300,47100,1000,4500,15800,7000,45200,42200,2720250,457100,0,0,0,0,0,
000055.SZ,000055,20251209,93836000,43000,0,0,400,0,,,379100,1631790,43200,43000,43200,43200,43000,43100,43200,43300,43400,43500,43600,43700,43800,43900,4900,246550,9400,41200,121400,139400,175900,178300,109800,130500,42900,42800,42700,42600,42500,42400,42200,42100,42000,41900,92700,43000,58700,68100,39300,47100,1000,4500,15800,7000,45200,42200,2720250,492200,0,0,0,0,0,
000055.SZ,000055,20251209,93839000,43000,100,430,401,0,,,379200,1632220,43200,43000,43200,43200,43000,43100,43200,43300,43400,43500,43600,43700,43800,43900,6200,246550,9400,41200,121400,139400,175900,178300,109800,130500,42900,42800,42700,42600,42500,42400,42200,42100,42000,41900,93100,43000,58700,68100,39300,47100,1000,4500,15800,7000,45200,42200,2721550,492600,0,0,0,0,0,
000055.SZ,000055,20251209,93842000,42900,4800,20592,403,0,,,384000,1652812,43200,42900,43200,43200,43000,43100,43200,43300,43400,43500,43600,43700,43800,43900,11100,241850,9400,41200,121400,139400,175900,178300,109800,130500,42900,42800,42700,42600,42500,42400,42200,42100,42000,41900,88300,43000,58700,68100,39300,47100,1000,4500,15800,7000,45200,42200,2721750,487800,0,0,0,0,0,
000055.SZ,000055,20251209,93845000,42900,0,0,403,0,,,384000,1652812,43200,42900,43200,43200,43000,43100,43200,43300,43400,43500,43600,43700,43800,43900,17100,236750,9400,41200,121400,139400,175900,178300,109800,130500,42900,42800,42700,42600,42500,42400,42200,42100,42000,41900,88900,43000,58700,68100,39300,47100,1000,4500,15800,7000,45200,42200,2722650,488400,0,0,0,0,0,
000055.SZ,000055,20251209,93848000,42900,0,0,403,0,,,384000,1652812,43200,42900,43200,43200,43000,43100,43200,43300,43400,43500,43600,43700,43800,43900,21400,236750,9400,41200,121400,139400,175900,178300,109800,130500,42900,42800,42700,42600,42500,42400,42200,42100,42000,41900,88900,43000,58700,68100,39300,47100,1000,4500,15800,7000,45200,42200,2726950,488400,0,0,0,0,0,
000055.SZ,000055,20251209,93851000,42900,0,0,403,0,,,384000,1652812,43200,42900,43200,43200,43000,43100,43200,43300,43400,43500,43600,43700,43800,43900,22400,236750,9400,41200,121400,139400,175900,178300,109800,130500,42900,42800,42700,42600,42500,42400,42200,42100,42000,41900,89000,43000,58700,68100,39300,47100,1000,4500,15800,7000,45200,42200,2727950,488500,0,0,0,0,0,
000055.SZ,000055,20251209,93854000,42900,0,0,403,0,,,384000,1652812,43200,42900,43200,43200,43000,43100,43200,43300,43400,43500,43600,43700,43800,43900,27200,236750,9400,41200,121400,139400,175900,178300,109800,130500,42900,42800,42700,42600,42500,42400,42200,42100,42000,41900,89000,43000,58700,68100,39300,47100,1000,4500,15800,7000,45200,42200,2732750,488500,0,0,0,0,0,
000055.SZ,000055,20251209,93857000,43000,9900,42550,412,0,,,393900,1695362,43200,42900,43200,43200,43000,43100,43200,43300,43400,43500,43600,43700,43800,43900,19900,235150,9400,41200,121400,139400,175900,178300,109800,130500,42900,42800,42700,42600,42500,42400,42200,42100,42000,41900,107000,43600,58700,68100,39300,47100,1000,4500,15800,7000,45200,42200,2730950,507100,0,0,0,0,0,
000055.SZ,000055,20251209,93900000,43000,0,0,412,0,,,393900,1695362,43200,42900,43200,43200,43000,43100,43200,43300,43400,43500,43600,43700,43800,43900,24900,235150,9400,41200,121400,139400,175900,178300,109800,130500,42900,42800,42700,42600,42500,42400,42200,42100,42000,41900,107000,43600,58700,68100,39300,47100,1000,4500,15800,7000,45200,42200,2735950,507100,0,0,0,0,0,
000055.SZ,000055,20251209,93903000,43000,0,0,412,0,,,393900,1695362,43200,42900,43200,43200,43000,43100,43200,43300,43400,43500,43600,43700,43800,43900,34200,235150,9400,41200,121400,139400,175900,178300,109800,130500,42900,42800,42700,42600,42500,42400,42200,42100,42000,41900,107000,44300,58700,68100,49300,47100,1000,4500,15800,7000,45200,42200,2745250,517800,0,0,0,0,0,
000055.SZ,000055,20251209,93909000,43000,0,0,412,0,,,393900,1695362,43200,42900,43200,43200,43000,43100,43200,43300,43400,43500,43600,43700,43800,43900,34200,235150,37500,41200,121400,139400,175900,178300,109800,130500,42900,42800,42700,42600,42500,42400,42200,42100,42000,41900,107000,44300,58700,68100,49300,47100,1000,4500,15800,7000,45200,42200,2773350,517800,0,0,0,0,0,
000055.SZ,000055,20251209,93912000,43000,0,0,412,0,,,393900,1695362,43200,42900,43200,43200,43000,43100,43200,43300,43400,43500,43600,43700,43800,43900,34500,235150,37500,41200,121400,139400,175900,178300,109800,130500,42900,42800,42700,42600,42500,42400,42200,42100,42000,41900,107000,44300,58700,68100,49300,47100,1000,4500,15800,7000,45200,42200,2773650,517800,0,0,0,0,0,
000055.SZ,000055,20251209,93915000,42900,1000,4290,413,0,,,394900,1699652,43200,42900,43200,43200,43000,43100,43200,43300,43400,43500,43600,43700,43800,43900,35300,235150,37500,41200,121400,139400,175900,178300,109800,130500,42900,42800,42700,42600,42500,42400,42200,42100,42000,41900,106000,44300,58700,68100,49300,47100,1000,4500,15800,7000,45200,42200,2774450,516800,0,0,0,0,0,
000055.SZ,000055,20251209,93918000,42900,0,0,413,0,,,394900,1699652,43200,42900,43200,43200,43000,43100,43200,43300,43400,43500,43600,43700,43800,43900,35300,235150,37500,41200,121400,139400,175900,178300,109800,130500,42900,42800,42700,42600,42500,42400,42200,42100,42000,41900,101400,44300,58700,68100,49300,47100,1000,4500,15800,7000,45200,42200,2774450,512200,0,0,0,0,0,
000055.SZ,000055,20251209,93921000,42900,0,0,413,0,,,394900,1699652,43200,42900,43200,43200,43000,43100,43200,43300,43400,43500,43600,43700,43800,43900,35400,235050,37500,41200,121400,139400,175900,178300,109800,130500,42900,42800,42700,42600,42500,42400,42200,42100,42000,41900,109400,44300,58700,68100,49300,47100,1000,4500,15800,7000,45200,42200,2775950,520200,0,0,0,0,0,
000055.SZ,000055,20251209,93924000,42900,4700,20163,415,0,,,399600,1719815,43200,42900,43200,43200,43000,43100,43200,43300,43400,43500,43600,43700,43800,43900,42700,235050,37500,41200,121400,139400,175900,178300,109800,130500,42900,42800,42700,42600,42500,42400,42200,42100,42000,41900,104700,44300,58700,68100,49300,47100,1000,4500,15800,7000,45100,42200,2783250,515500,0,0,0,0,0,
000055.SZ,000055,20251209,93927000,42900,0,0,415,0,,,399600,1719815,43200,42900,43200,43200,43000,43100,43200,43300,43400,43500,43600,43700,43800,43900,46100,235050,37500,34300,121400,139400,175900,178300,109800,130500,42900,42800,42700,42600,42500,42400,42200,42100,42000,41900,104700,44300,58700,68100,49300,47100,1000,4500,15800,7000,45100,42200,2779750,515500,0,0,0,0,0,
000055.SZ,000055,20251209,93933000,42900,0,0,415,0,,,399600,1719815,43200,42900,43200,43200,43000,43100,43200,43300,43400,43500,43600,43700,43800,43900,47600,235050,37500,34300,121900,139400,175900,178300,109800,130500,42900,42800,42700,42600,42500,42400,42200,42100,42000,41900,104700,44300,58700,68100,49300,47100,1000,4500,15800,7000,45100,42200,2781750,515500,0,0,0,0,0,
000055.SZ,000055,20251209,93936000,42900,0,0,415,0,,,399600,1719815,43200,42900,43200,43200,43000,43100,43200,43300,43400,43500,43600,43700,43800,43900,47700,235050,37500,34300,121900,139400,175900,178300,109800,130500,42900,42800,42700,42600,42500,42400,42200,42100,42000,41900,104700,44300,58700,68100,49300,47100,1000,4500,15800,7000,45100,42200,2781950,515500,0,0,0,0,0,
000055.SZ,000055,20251209,93939000,42900,0,0,415,0,,,399600,1719815,43200,42900,43200,43200,43000,43100,43200,43300,43400,43500,43600,43700,43800,43900,49400,237750,37500,34300,121900,139400,175900,178300,109800,130500,42900,42800,42700,42600,42500,42400,42200,42100,42000,41900,107900,44300,58200,68100,49300,47100,1000,4500,15800,7000,45100,42200,2786350,518200,0,0,0,0,0,
000055.SZ,000055,20251209,93942000,42900,0,0,415,0,,,399600,1719815,43200,42900,43200,43200,43000,43100,43200,43300,43400,43500,43600,43700,43800,43900,49300,237450,37500,34300,121900,139400,175900,178300,109800,130500,42900,42800,42700,42600,42500,42400,42200,42100,42000,41900,99900,44300,58200,68100,49300,47100,1000,4500,15800,7000,45100,42200,2785950,510200,0,0,0,0,0,
000055.SZ,000055,20251209,93945000,42900,0,0,415,0,,,399600,1719815,43200,42900,43200,43200,43000,43100,43200,43300,43400,43500,43600,43700,43800,43900,56200,237450,37500,34300,121900,139400,175900,178300,109800,130500,42900,42800,42700,42600,42500,42400,42200,42100,42000,41900,99900,44300,58200,68100,49300,47100,1000,4500,15800,7000,45100,42200,2792850,510200,0,0,0,0,0,
000055.SZ,000055,20251209,93948000,42900,1600,6874,417,0,,,401200,1726689,43200,42900,43200,43200,43000,43100,43200,43300,43400,43500,43600,43700,43800,43900,56100,237450,37500,34300,121900,139400,175900,178300,109800,130500,42900,42800,42700,42600,42500,42400,42200,42100,42000,41900,99300,44300,58200,68100,49300,47100,1000,4500,15800,7000,45100,42200,2794750,509600,0,0,0,0,0,
000055.SZ,000055,20251209,93951000,42900,0,0,417,0,,,401200,1726689,43200,42900,43200,43200,43000,43100,43200,43300,43400,43500,43600,43700,43800,43900,56100,237450,37500,34300,121900,139400,175900,178300,109800,130500,42900,42800,42700,42600,42500,42400,42200,42100,42000,41900,99300,44800,58200,68100,49300,47100,1000,4500,15800,7000,45100,42200,2794750,510100,0,0,0,0,0,
000055.SZ,000055,20251209,93954000,42900,0,0,417,0,,,401200,1726689,43200,42900,43200,43200,43000,43100,43200,43300,43400,43500,43600,43700,43800,43900,56100,237450,37500,34300,121900,139400,175900,178300,109800,130500,42900,42800,42700,42600,42500,42400,42200,42100,42000,41900,99300,44800,58200,68100,49300,47100,1000,4500,15800,7000,45100,42200,2796250,510100,0,0,0,0,0,
000055.SZ,000055,20251209,93957000,42900,500,2145,418,0,,,401700,1728834,43200,42900,43200,43200,43000,43100,43200,43300,43400,43500,43600,43700,43800,43900,56100,237450,37500,34300,121900,139400,175900,178300,109800,130500,42900,42800,42700,42600,42500,42400,42200,42100,42000,41900,98800,44800,58200,68100,49300,47100,1000,4500,15800,7000,45100,42200,2796250,509600,0,0,0,0,0,
000055.SZ,000055,20251209,94000000,42900,68400,293436,422,0,,,470100,2022270,43200,42900,43200,43200,43000,43100,43200,43300,43400,43500,43600,43700,43800,43900,62700,236850,37500,34300,121900,139400,175900,178300,109800,130500,42900,42800,42700,42600,42500,42400,42200,42100,42000,41900,28800,44800,59000,68100,49300,47100,1000,4500,15800,7000,45100,42100,2802250,440400,0,0,0,0,0,
000055.SZ,000055,20251209,94003000,42900,10900,46761,436,0,,,481000,2069031,43200,42900,43200,43200,43000,43100,43200,43300,43400,43500,43600,43700,43800,43900,64900,236850,37500,34300,121900,139400,175900,178300,109800,130500,42900,42800,42700,42600,42500,42400,42200,42100,42000,41900,18000,44800,59000,68100,49300,47100,1000,4500,15800,7000,45100,42100,2804450,429600,0,0,0,0,0,
000055.SZ,000055,20251209,94006000,42900,18900,81081,446,0,,,499900,2150112,43200,42900,43200,43200,43000,43100,43200,43300,43400,43500,43600,43700,43800,43900,66900,236850,37500,34300,121900,139400,175900,178300,109800,130500,42900,42800,42700,42600,42500,42400,42200,42100,42000,41900,300,46900,59000,68100,49300,47100,1000,4500,15800,7000,45100,42100,2806450,414000,0,0,0,0,0,
000055.SZ,000055,20251209,94009000,42800,900,3855,448,0,,,500800,2153967,43200,42800,43200,43200,42900,43000,43100,43200,43300,43400,43500,43600,43700,43800,1000,98000,236750,36800,34300,121900,139400,175900,178300,109800,42800,42700,42600,42500,42400,42200,42100,42000,41900,41800,52300,59000,68100,49300,47100,1000,4500,15800,7000,41100,45100,42100,2837750,419100,0,0,0,0,0,
000055.SZ,000055,20251209,94012000,42900,2600,11154,452,0,,,503400,2165121,43200,42800,43200,43200,42900,43000,43100,43200,43300,43400,43500,43600,43700,43800,1500,97900,232250,36400,34300,121900,139400,175900,178300,109800,42800,42700,42600,42500,42400,42200,42100,42000,41900,41800,52400,59000,68100,49300,47100,1000,4500,15800,7000,41100,45100,42100,2833450,419200,0,0,0,0,0,
000055.SZ,000055,20251209,94015000,42800,5000,21446,459,0,,,508400,2186567,43200,42800,43200,43200,42900,43000,43100,43200,43300,43400,43500,43600,43700,43800,4500,93100,232250,36400,34300,121900,139400,175900,178300,109800,42800,42700,42600,42500,42400,42200,42100,42000,41900,41800,49900,59000,68100,49300,47100,1000,4500,15800,7000,41100,45100,42100,2831650,416700,0,0,0,0,0,
000055.SZ,000055,20251209,94018000,42900,4300,18447,463,0,,,512700,2205014,43200,42800,43200,43200,42900,43000,43100,43200,43300,43400,43500,43600,43700,43800,13400,61900,232250,36400,34300,119900,139400,175900,178300,109800,42800,42700,42600,42500,42400,42200,42100,42000,41900,41800,53500,59000,68100,49300,47100,1000,4500,15800,7000,41100,45100,42100,2807350,420300,0,0,0,0,0,
000055.SZ,000055,20251209,94021000,42900,0,0,463,0,,,512700,2205014,43200,42800,43200,43200,42900,43000,43100,43200,43300,43400,43500,43600,43700,43800,19000,56700,232250,36400,34300,119900,139400,175900,178300,109800,42800,42700,42600,42500,42400,42200,42100,42000,41900,41800,53500,59000,68100,49300,47100,1000,4500,15800,7000,41100,45100,42100,2807750,420300,0,0,0,0,0,
000055.SZ,000055,20251209,94024000,42900,0,0,463,0,,,512700,2205014,43200,42800,43200,43200,42900,43000,43100,43200,43300,43400,43500,43600,43700,43800,19700,56700,231550,36400,34300,119900,139400,175900,178300,109800,42800,42700,42600,42500,42400,42200,42100,42000,41900,41800,56500,59000,68100,49300,47100,1000,4500,15800,7000,41100,45100,42100,2807750,423300,0,0,0,0,0,
000055.SZ,000055,20251209,94027000,42900,0,0,463,0,,,512700,2205014,43200,42800,43200,43200,42900,43000,43100,43200,43300,43400,43500,43600,43700,43800,25800,51700,231550,36400,34300,119900,139400,175900,178300,109800,42800,42700,42600,42500,42400,42200,42100,42000,41900,41800,56700,59000,68100,49300,47100,1000,4500,15800,7000,41100,45100,42100,2808850,423500,0,0,0,0,0,
000055.SZ,000055,20251209,94030000,42900,0,0,463,0,,,512700,2205014,43200,42800,43200,43200,42900,43000,43100,43200,43300,43400,43500,43600,43700,43800,30800,51700,231550,36400,34300,119900,139400,175900,178300,109800,42800,42700,42600,42500,42400,42200,42100,42000,41900,41800,76700,72700,68100,49300,47100,1000,4500,15800,7000,41100,45100,42100,2813850,457200,0,0,0,0,0,
000055.SZ,000055,20251209,94033000,42900,0,0,463,0,,,512700,2205014,43200,42800,43200,43200,42900,43000,43100,43200,43300,43400,43500,43600,43700,43800,30800,52700,231550,36400,34300,119900,139400,175900,178300,109800,42800,42700,42600,42500,42400,42200,42100,42000,41900,41800,77600,72700,68100,49300,47100,1000,4500,15800,7000,41100,45100,42100,2814850,458100,0,0,0,0,0,
000055.SZ,000055,20251209,94036000,42900,0,0,463,0,,,512700,2205014,43200,42800,43200,43200,42900,43000,43100,43200,43300,43400,43500,43600,43700,43800,30800,52700,231550,36400,34300,119900,139400,175900,178300,109800,42800,42700,42600,42500,42400,42200,42100,42000,41900,41800,77700,74700,68100,49300,47100,1000,4500,15800,7000,41100,45100,42100,2814850,460200,0,0,0,0,0,
000055.SZ,000055,20251209,94039000,42800,5100,21828,466,0,,,517800,2226842,43200,42800,43200,43200,42900,43000,43100,43200,43300,43400,43500,43600,43700,43800,30800,52700,231550,36400,34300,119900,139400,175900,178300,109800,42800,42700,42600,42500,42400,42200,42100,42000,41900,41800,73400,74700,68100,49300,47100,1000,4500,15800,7000,41100,45100,42100,2814850,455900,0,0,0,0,0,
000055.SZ,000055,20251209,94042000,42800,0,0,466,0,,,517800,2226842,43200,42800,43200,43200,42900,43000,43100,43200,43300,43400,43500,43600,43700,43800,31600,52700,231550,36400,34300,119900,139400,175900,178300,109800,42800,42700,42600,42500,42400,42200,42100,42000,41900,41800,73400,74700,68100,49300,47100,1000,4500,15800,7000,41100,45100,42100,2815650,455900,0,0,0,0,0,
000055.SZ,000055,20251209,94045000,42800,0,0,466,0,,,517800,2226842,43200,42800,43200,43200,42900,43000,43100,43200,43300,43400,43500,43600,43700,43800,31600,52900,231550,36400,34300,119900,139400,175900,178300,109800,42800,42700,42600,42500,42400,42200,42100,42000,41900,41800,73400,75700,68100,49300,47100,1000,4500,15800,7000,41100,45100,42100,2815850,456900,0,0,0,0,0,
000055.SZ,000055,20251209,94048000,42800,0,0,466,0,,,517800,2226842,43200,42800,43200,43200,42900,43000,43100,43200,43300,43400,43500,43600,43700,43800,31600,52900,231550,36400,34300,119900,139400,175900,178300,114800,42800,42700,42600,42500,42400,42200,42100,42000,41900,41800,73400,75700,70100,49300,47100,1000,4500,15800,7000,41100,45100,42100,2820850,458900,0,0,0,0,0,
000055.SZ,000055,20251209,94051000,42800,0,0,466,0,,,517800,2226842,43200,42800,43200,43200,42900,43000,43100,43200,43300,43400,43500,43600,43700,43800,32000,52900,231550,36400,34300,119900,139400,175900,178300,114800,42800,42700,42600,42500,42400,42200,42100,42000,41900,41800,74400,75700,70100,49300,47300,1000,4500,15800,7000,41100,45100,42100,2821250,460100,0,0,0,0,0,
000055.SZ,000055,20251209,94106000,42800,600,2568,467,0,,,518400,2229410,43200,42800,43200,43200,42900,43000,43100,43200,43300,43400,43500,43600,43700,43800,32000,52900,231550,36400,34300,119900,139400,175900,178300,114800,42800,42700,42600,42500,42400,42200,42100,42000,41900,41800,73800,75700,70100,49300,47300,1000,4500,15800,7000,41100,45100,42100,2821250,459500,0,0,0,0,0,
000055.SZ,000055,20251209,94109000,42800,0,0,467,0,,,518400,2229410,43200,42800,43200,43200,42900,43000,43100,43200,43300,43400,43500,43600,43700,43800,34000,52900,231550,36400,34300,119900,139400,175900,178300,114800,42800,42700,42600,42500,42400,42200,42100,42000,41900,41800,73800,75700,70100,49300,47300,1000,4500,15800,7000,41100,45100,42100,2823950,459500,0,0,0,0,0,
000055.SZ,000055,20251209,94112000,42900,7500,32175,475,0,,,525900,2261585,43200,42800,43200,43200,42900,43000,43100,43200,43300,43400,43500,43600,43700,43800,26500,52900,231550,36400,34300,119900,139400,175900,178300,114800,42800,42700,42600,42500,42400,42300,42200,42100,42000,41900,73800,75700,70100,49300,47300,2000,1000,4500,15800,7000,45100,42100,2816450,461500,0,0,0,0,0,
000055.SZ,000055,20251209,94115000,42900,14900,63921,493,0,,,540800,2325506,43200,42800,43200,43200,42900,43000,43100,43200,43300,43400,43500,43600,43700,43800,11600,64900,231550,36400,34300,119900,139400,175900,178300,114800,42800,42700,42600,42500,42400,42300,42200,42100,42000,41900,74200,75700,70100,49300,47300,2000,1000,4500,15800,7000,45100,42100,2813550,461900,0,0,0,0,0,
000055.SZ,000055,20251209,94118000,42900,900,3861,502,0,,,541700,2329367,43200,42800,43200,43200,42900,43000,43100,43200,43300,43400,43500,43600,43700,43800,10700,64900,231550,36400,34300,119900,139400,175900,178300,114800,42800,42700,42600,42500,42400,42300,42200,42100,42000,41900,74200,75700,70100,50300,47300,2000,1000,4500,15800,7000,45100,42100,2812650,462900,0,0,0,0,0,
000055.SZ,000055,20251209,94124000,42800,500,2140,503,0,,,542200,2331507,43200,42800,43200,43200,42900,43000,43100,43200,43300,43400,43500,43600,43700,43800,10700,64900,231550,36400,34300,119900,139400,175900,178300,114800,42800,42700,42600,42500,42400,42300,42200,42100,42000,41900,73700,75700,71100,50300,47300,2000,1000,4500,15800,7000,45100,42100,2814250,463400,0,0,0,0,0,
000055.SZ,000055,20251209,94127000,42800,0,0,503,0,,,542200,2331507,43200,42800,43200,43200,42900,43000,43100,43200,43300,43400,43500,43600,43700,43800,10700,64900,243550,36400,34300,119900,139400,175900,178300,114800,42800,42700,42600,42500,42400,42300,42200,42100,42000,41900,74500,75700,71100,50300,47300,2000,1000,4500,15800,7000,45100,42100,2826250,464200,0,0,0,0,0,
000055.SZ,000055,20251209,94130000,42800,0,0,503,0,,,542200,2331507,43200,42800,43200,43200,42900,43000,43100,43200,43300,43400,43500,43600,43700,43800,10700,64900,243550,36400,34300,119900,139400,175900,178300,114800,42800,42700,42600,42500,42400,42300,42200,42100,42000,41900,79500,75700,71100,50300,47300,2000,1000,4500,15800,7000,45100,42100,2826250,469200,0,0,0,0,0,
000055.SZ,000055,20251209,94133000,42800,5100,21828,505,0,,,547300,2353335,43200,42800,43200,43200,42900,43000,43100,43200,43300,43400,43500,43600,43700,43800,12200,64900,243550,36400,34300,119900,139400,175900,178300,114800,42800,42700,42600,42500,42400,42300,42200,42100,42000,41900,74400,75700,71100,50300,47300,2000,1000,4500,15800,7000,45100,42100,2827750,464100,0,0,0,0,0,
000055.SZ,000055,20251209,94139000,42800,2700,11556,506,0,,,550000,2364891,43200,42800,43200,43200,42900,43000,43100,43200,43300,43400,43500,43600,43700,43800,12200,66400,243550,36400,34300,119900,139400,175900,178300,114800,42800,42700,42600,42500,42400,42300,42200,42100,42000,41900,71800,75700,71100,50300,47300,2000,1000,4500,15800,7000,45100,42100,2829250,461500,0,0,0,0,0,
000055.SZ,000055,20251209,94142000,42900,3600,15444,508,0,,,553600,2380335,43200,42800,43200,43200,42900,43000,43100,43200,43300,43400,43500,43600,43700,43800,10700,66400,243550,36400,34300,119900,139400,175900,178300,114800,42800,42700,42600,42500,42400,42300,42200,42100,42000,41900,98900,75700,77100,50300,47300,2000,1000,4500,15800,7000,45100,42200,2827750,494600,0,0,0,0,0,
000055.SZ,000055,20251209,94148000,42900,0,0,508,0,,,553600,2380335,43200,42800,43200,43200,42900,43000,43100,43200,43300,43400,43500,43600,43700,43800,13400,66400,251350,36400,34300,119900,139400,175900,178300,114800,42800,42700,42600,42500,42400,42300,42200,42100,42000,41900,104900,75700,77100,50300,47300,2000,1000,4500,15800,7000,45100,42200,2838250,500600,0,0,0,0,0,
000055.SZ,000055,20251209,94151000,42900,0,0,508,0,,,553600,2380335,43200,42800,43200,43200,42900,43000,43100,43200,43300,43400,43500,43600,43700,43800,13400,66400,251350,36400,34300,119900,139400,175900,178300,114800,42800,42700,42600,42500,42400,42300,42200,42100,42000,41900,105000,75700,77100,50300,47300,2000,1000,4500,15800,7000,45100,42200,2838250,500700,0,0,0,0,0,
000055.SZ,000055,20251209,94154000,42800,500,2140,509,0,,,554100,2382475,43200,42800,43200,43200,42900,43000,43100,43200,43300,43400,43500,43600,43700,43800,13400,66400,251350,36400,34300,119900,139400,175900,178300,114800,42800,42700,42600,42500,42400,42300,42200,42100,42000,41900,104500,75700,77100,50300,47300,2000,1000,4500,15800,7000,45100,42200,2838250,500200,0,0,0,0,0,
000055.SZ,000055,20251209,94157000,42800,0,0,509,0,,,554100,2382475,43200,42800,43200,43200,42900,43000,43100,43200,43300,43400,43500,43600,43700,43800,13500,65400,251350,36400,34300,119900,139400,175900,178300,114800,42800,42700,42600,42500,42400,42300,42200,42100,42000,41900,104500,75700,77100,50300,47300,2000,1000,4500,15800,7000,45100,42200,2837350,500200,0,0,0,0,0,
000055.SZ,000055,20251209,94200000,42800,0,0,509,0,,,554100,2382475,43200,42800,43200,43200,42900,43000,43100,43200,43300,43400,43500,43600,43700,43800,17700,65400,251350,36400,34300,119900,139400,175900,178300,114800,42800,42700,42600,42500,42400,42300,42200,42100,42000,41900,104500,75700,77100,52300,47300,2000,1000,4500,15800,7000,45100,42200,2841550,502200,0,0,0,0,0,
000055.SZ,000055,20251209,94203000,42800,0,0,509,0,,,554100,2382475,43200,42800,43200,43200,42900,43000,43100,43200,43300,43400,43500,43600,43700,43800,17700,65400,251350,36400,34300,119900,139400,175900,178300,114800,42800,42700,42600,42500,42400,42300,42200,42100,42000,41900,105000,75700,77100,52300,47300,2000,1000,4500,15800,7000,45100,42200,2841550,502700,0,0,0,0,0,
000055.SZ,000055,20251209,94209000,42800,0,0,509,0,,,554100,2382475,43200,42800,43200,43200,42900,43000,43100,43200,43300,43400,43500,43600,43700,43800,17800,65400,251350,36400,34300,119900,139400,175900,178300,114800,42800,42700,42600,42500,42400,42300,42200,42100,42000,41900,105000,75700,77100,52300,47300,2000,1000,4500,15800,7000,45100,42200,2843650,506700,0,0,0,0,0,
000055.SZ,000055,20251209,94212000,42800,0,0,509,0,,,554100,2382475,43200,42800,43200,43200,42900,43000,43100,43200,43300,43400,43500,43600,43700,43800,17800,65400,251350,36400,34300,119900,139400,175900,178300,114800,42800,42700,42600,42500,42400,42300,42200,42100,42000,41900,105000,75700,77100,52300,47300,2300,1000,4500,15800,7000,45100,42200,2843650,507000,0,0,0,0,0,
000055.SZ,000055,20251209,94215000,42800,0,0,509,0,,,554100,2382475,43200,42800,43200,43200,42900,43000,43100,43200,43300,43400,43500,43600,43700,43800,17800,65400,251350,36400,34300,119900,139400,175900,178300,114800,42800,42700,42600,42500,42400,42300,42200,42100,42000,41900,105000,75700,87100,52300,47300,2300,1000,4500,15800,7000,45100,42200,2843650,517000,0,0,0,0,0,
000055.SZ,000055,20251209,94218000,42800,1600,6848,511,0,,,555700,2389323,43200,42800,43200,43200,42900,43000,43100,43200,43300,43400,43500,43600,43700,43800,17900,65400,251350,36400,34300,119900,139400,175900,178300,114800,42800,42700,42600,42500,42400,42300,42200,42100,42000,41900,103400,74900,87100,52300,47300,2300,1000,4500,15800,7000,45100,42200,2843750,514600,0,0,0,0,0,
000055.SZ,000055,20251209,94221000,42800,4100,17548,513,0,,,559800,2406871,43200,42800,43200,43200,42900,43000,43100,43200,43300,43400,43500,43600,43700,43800,17900,65400,251350,36400,34300,119900,139400,175900,178300,114800,42800,42700,42600,42500,42400,42300,42200,42100,42000,41900,99300,74900,87100,52300,47300,2300,1000,4500,15800,7000,45100,42200,2843750,510500,0,0,0,0,0,
000055.SZ,000055,20251209,94224000,42800,0,0,513,0,,,559800,2406871,43200,42800,43200,43200,42900,43000,43100,43200,43300,43400,43500,43600,43700,43800,17900,65400,251350,36400,34300,119900,139400,175900,178300,114800,42800,42700,42600,42500,42400,42300,42200,42100,42000,41900,109300,74900,87100,52300,47300,2300,1000,4500,15800,7000,45100,42200,2843750,520500,0,0,0,0,0,
000055.SZ,000055,20251209,94227000,42900,700,3003,514,0,,,560500,2409874,43200,42800,43200,43200,42900,43000,43100,43200,43300,43400,43500,43600,43700,43800,17200,65400,251350,36400,34300,119900,139400,175900,178300,114800,42800,42700,42600,42500,42400,42300,42200,42100,42000,41900,109300,74900,87100,52300,47300,2300,1000,4500,15800,7000,45100,42200,2843050,520500,0,0,0,0,0,
000055.SZ,000055,20251209,94236000,42900,0,0,514,0,,,560500,2409874,43200,42800,43200,43200,42900,43000,43100,43200,43300,43400,43500,43600,43700,43800,17200,65400,251350,36400,34300,119900,139400,175900,178300,114800,42800,42700,42600,42500,42400,42300,42200,42100,42000,41900,109400,74900,87100,52300,47300,2300,1000,4500,15800,7000,45100,42200,2843050,520600,0,0,0,0,0,
000055.SZ,000055,20251209,94239000,42900,0,0,514,0,,,560500,2409874,43200,42800,43200,43200,42900,43000,43100,43200,43300,43400,43500,43600,43700,43800,18500,65400,251350,36400,34300,119900,139400,175900,178300,114800,42800,42700,42600,42500,42400,42300,42200,42100,42000,41900,113400,74900,87100,52300,47300,2300,1000,4500,15800,7000,45100,42200,2844350,524600,0,0,0,0,0,
000055.SZ,000055,20251209,94242000,42900,5500,23595,524,0,,,566000,2433469,43200,42800,43200,43200,42900,43000,43100,43200,43300,43400,43500,43600,43700,43800,13100,65400,251350,36400,34300,119900,139400,175900,178300,114800,42800,42700,42600,42500,42400,42300,42200,42100,42000,41900,113400,75400,87100,52300,47300,2300,1000,4500,15800,7000,45100,42200,2838950,525100,0,0,0,0,0,
000055.SZ,000055,20251209,94251000,42900,0,0,524,0,,,566000,2433469,43200,42800,43200,43200,42900,43000,43100,43200,43300,43400,43500,43600,43700,43800,15300,63200,251350,36400,34300,119900,139400,175900,178300,114800,42800,42700,42600,42500,42400,42300,42200,42100,42000,41900,113400,75400,91100,52300,47300,2300,1000,4500,15800,7000,45100,42200,2838950,529100,0,0,0,0,0,
000055.SZ,000055,20251209,94257000,42900,0,0,524,0,,,566000,2433469,43200,42800,43200,43200,42900,43000,43100,43200,43300,43400,43500,43600,43700,43800,15300,63200,251350,36400,34300,119900,139400,175900,178300,114800,42800,42700,42600,42500,42400,42300,42200,42100,42000,41900,113400,78400,91100,52300,47300,2300,1000,4500,15800,7000,45100,42200,2843950,532100,0,0,0,0,0,
000055.SZ,000055,20251209,94300000,42900,0,0,524,0,,,566000,2433469,43200,42800,43200,43200,42900,43000,43100,43200,43300,43400,43500,43600,43700,43800,16600,63200,251350,36400,34300,119900,139400,175900,178300,114800,42800,42700,42600,42500,42400,42300,42200,42100,42000,41900,113400,78400,91100,52300,47300,2300,1000,4500,16300,7000,45100,42200,2845250,532600,0,0,0,0,0,
000055.SZ,000055,20251209,94303000,42900,0,0,524,0,,,566000,2433469,43200,42800,43200,43200,42900,43000,43100,43200,43300,43400,43500,43600,43700,43800,16600,63200,251350,36400,34300,119900,139400,175900,178300,114800,42800,42700,42600,42500,42400,42300,42200,42100,42000,41900,113600,78400,91100,52300,47300,2300,1000,4500,16300,7000,45100,42200,2845250,532800,0,0,0,0,0,
000055.SZ,000055,20251209,94309000,42900,15200,65208,545,0,,,581200,2498677,43200,42800,43200,43200,42900,43000,43100,43200,43300,43400,43500,43600,43700,43800,1600,63200,251350,36400,34300,119900,139400,175900,178300,114800,42800,42700,42600,42500,42400,42300,42200,42100,42000,41900,113600,78400,91100,52300,47300,2300,1000,4500,16300,7000,45100,42200,2830250,532800,0,0,0,0,0,
000055.SZ,000055,20251209,94312000,42900,0,0,545,0,,,581200,2498677,43200,42800,43200,43200,42900,43000,43100,43200,43300,43400,43500,43600,43700,43800,2100,63200,251350,36400,34300,119900,139400,175900,178300,114800,42800,42700,42600,42500,42400,42300,42200,42100,42000,41900,113600,78400,91100,52300,47300,2300,1000,4500,16300,7000,45100,42200,2830750,532800,0,0,0,0,0,
000055.SZ,000055,20251209,94315000,42900,0,0,545,0,,,581200,2498677,43200,42800,43200,43200,42900,43000,43100,43200,43300,43400,43500,43600,43700,43800,2600,63200,251350,36400,34300,119900,139400,175900,178300,114800,42800,42700,42600,42500,42400,42300,42200,42100,42000,41900,113600,78400,91100,52300,47300,2300,1000,4500,16300,7000,45100,42200,2831250,532800,0,0,0,0,0,
000055.SZ,000055,20251209,94318000,42900,100,429,546,0,,,581300,2499106,43200,42800,43200,43200,42900,43000,43100,43200,43300,43400,43500,43600,43700,43800,2500,63200,251350,36400,34300,119900,139400,175900,178300,114800,42800,42700,42600,42500,42400,42300,42200,42100,42000,41900,113600,78400,91100,52300,47300,2300,1000,4500,16300,7000,45100,42200,2831150,532800,0,0,0,0,0,
000055.SZ,000055,20251209,94321000,42900,0,0,546,0,,,581300,2499106,43200,42800,43200,43200,42900,43000,43100,43200,43300,43400,43500,43600,43700,43800,2500,63200,251350,36400,34300,119900,139400,175900,178300,114800,42800,42700,42600,42500,42400,42300,42200,42100,42000,41900,113700,78400,91100,52300,47300,2300,1000,4500,16300,7000,45100,42200,2831150,532900,0,0,0,0,0,
000055.SZ,000055,20251209,94324000,42900,0,0,546,0,,,581300,2499106,43200,42800,43200,43200,42900,43000,43100,43200,43300,43400,43500,43600,43700,43800,2600,63200,251350,36400,34300,119900,139400,175900,178300,114800,42800,42700,42600,42500,42400,42300,42200,42100,42000,41900,124100,78400,91100,52300,47300,2300,1000,4500,16300,7000,45100,42200,2831250,543300,0,0,0,0,0,
000055.SZ,000055,20251209,94330000,42900,2700,11583,554,0,,,584000,2510689,43200,42800,43200,43200,43000,43100,43200,43300,43400,43500,43600,43700,43800,43900,63200,251350,36400,34300,119900,139400,175900,178300,114800,130500,42900,42800,42700,42600,42500,42400,42300,42200,42100,42000,6100,123700,78400,91100,52300,47300,2300,1000,4500,16300,45100,42200,2828650,549000,0,0,0,0,0,
000055.SZ,000055,20251209,94333000,42900,5000,21450,559,0,,,589000,2532139,43200,42800,43200,43200,43000,43100,43200,43300,43400,43500,43600,43700,43800,43900,77900,253050,36400,34300,119900,139400,175900,178300,114800,130500,42900,42800,42700,42600,42500,42400,42300,42200,42100,42000,1300,120100,78400,91100,52300,47300,2300,1000,4500,16300,45100,42200,2845050,540600,0,0,0,0,0,
000055.SZ,000055,20251209,94336000,42900,1300,5577,561,0,,,590300,2537716,43200,42800,43200,43200,42900,43000,43100,43200,43300,43400,43500,43600,43700,43800,4000,77900,253050,36400,34300,119900,139400,175900,178300,114800,42800,42700,42600,42500,42400,42300,42200,42100,42000,41900,122700,78400,91100,52300,47300,2300,1000,4500,16300,7000,45100,42200,2849050,541900,0,0,0,0,0,
000055.SZ,000055,20251209,94339000,42900,0,0,561,0,,,590300,2537716,43200,42800,43200,43200,42900,43000,43100,43200,43300,43400,43500,43600,43700,43800,4100,77900,253050,36400,34300,119900,139400,175900,178300,114800,42800,42700,42600,42500,42400,42300,42200,42100,42000,41900,122200,78400,91100,52300,47300,2300,1000,4500,16300,7000,45100,42200,2849150,541400,0,0,0,0,0,
000055.SZ,000055,20251209,94342000,42900,0,0,561,0,,,590300,2537716,43200,42800,43200,43200,42900,43000,43100,43200,43300,43400,43500,43600,43700,43800,4100,74100,253050,36400,34300,119900,139400,175900,178300,114800,42800,42700,42600,42500,42400,42300,42200,42100,42000,41900,122200,78400,91100,52300,47300,2300,1000,4500,16300,7000,45100,42200,2845350,541400,0,0,0,0,0,
000055.SZ,000055,20251209,94345000,42800,100,428,562,0,,,590400,2538144,43200,42800,43200,43200,42900,43000,43100,43200,43300,43400,43500,43600,43700,43800,4100,62900,253050,36400,34300,119900,139400,175900,178300,114800,42800,42700,42600,42500,42400,42300,42200,42100,42000,41900,122100,78400,91100,52300,47300,2300,1000,4500,16300,7000,45100,42200,2834150,541300,0,0,0,0,0,
000055.SZ,000055,20251209,94348000,42900,3800,16300,564,0,,,594200,2554444,43200,42800,43200,43200,42900,43000,43100,43200,43300,43400,43500,43600,43700,43800,1100,62700,253050,36400,34300,119900,139400,175900,178300,114800,42800,42700,42600,42500,42400,42300,42200,42100,42000,41900,121900,78400,91100,52300,47300,2300,1000,4500,16300,7000,45100,42200,2830950,541100,0,0,0,0,0,
000055.SZ,000055,20251209,94351000,42900,0,0,564,0,,,594200,2554444,43200,42800,43200,43200,42900,43000,43100,43200,43300,43400,43500,43600,43700,43800,1100,62700,253050,36400,34300,119900,139400,175900,178300,114800,42800,42700,42600,42500,42400,42300,42200,42100,42000,41900,121900,79400,91100,52300,47300,2300,1000,4500,16300,7000,45100,42200,2830950,542100,0,0,0,0,0,
000055.SZ,000055,20251209,94354000,42900,0,0,564,0,,,594200,2554444,43200,42800,43200,43200,42900,43000,43100,43200,43300,43400,43500,43600,43700,43800,1100,62700,253050,36400,51800,119900,140400,175900,178300,114800,42800,42700,42600,42500,42400,42300,42200,42100,42000,41900,121900,79400,91100,52300,47300,2300,1000,4500,16300,7000,45100,42200,2849450,542100,0,0,0,0,0,
000055.SZ,000055,20251209,94357000,42900,0,0,564,0,,,594200,2554444,43200,42800,43200,43200,42900,43000,43100,43200,43300,43400,43500,43600,43700,43800,1100,62700,253050,36400,51800,119900,140400,175900,178300,114800,42800,42700,42600,42500,42400,42300,42200,42100,42000,41900,121900,74400,91100,52300,47300,2300,1000,4500,16300,7000,45100,42200,2849450,537100,0,0,0,0,0,
000055.SZ,000055,20251209,94400000,42900,2300,9867,569,0,,,596500,2564311,43200,42800,43200,43200,43000,43100,43200,43300,43400,43500,43600,43700,43800,43900,62700,253050,36400,51800,119900,140400,175900,178300,114800,130500,42900,42800,42700,42600,42500,42400,42300,42200,42100,42000,4200,121900,74400,96100,52300,47300,2300,1000,4500,16300,45100,42200,2848350,546300,0,0,0,0,0,
000055.SZ,000055,20251209,94403000,42900,0,0,569,0,,,596500,2564311,43200,42800,43200,43200,43000,43100,43200,43300,43400,43500,43600,43700,43800,43900,87300,253050,36400,51800,119900,140400,175900,178300,114800,130500,42900,42800,42700,42600,42500,42400,42300,42200,42100,42000,4800,121900,74400,96100,52300,47300,2300,1000,4500,16300,45100,42200,2872950,546900,0,0,0,0,0,
000055.SZ,000055,20251209,94406000,42900,0,0,569,0,,,596500,2564311,43200,42800,43200,43200,43000,43100,43200,43300,43400,43500,43600,43700,43800,43900,87300,253050,36400,51800,119900,140400,175900,178300,114800,130500,42900,42800,42700,42600,42500,42400,42300,42200,42100,42000,5300,122700,74400,96900,52300,47300,2300,1000,4500,16300,45100,42200,2872950,549000,0,0,0,0,0,
000055.SZ,000055,20251209,94409000,42900,0,0,569,0,,,596500,2564311,43200,42800,43200,43200,43000,43100,43200,43300,43400,43500,43600,43700,43800,43900,137300,253050,36400,51800,119900,140400,175900,178300,114800,130500,42900,42800,42700,42600,42500,42400,42300,42200,42100,42000,5300,123200,74400,106900,53300,47300,2300,1000,4500,16300,45100,42200,2922950,561000,0,0,0,0,0,
000055.SZ,000055,20251209,94412000,42900,0,0,569,0,,,596500,2564311,43200,42800,43200,43200,43000,43100,43200,43300,43400,43500,43600,43700,43800,43900,137300,253350,36400,51800,119900,140400,175900,178300,114800,130500,42900,42800,42700,42600,42500,42400,42300,42200,42100,42000,5300,123200,74400,106900,53300,47300,2300,1000,4500,16300,45100,42200,2923250,561000,0,0,0,0,0,
000055.SZ,000055,20251209,94418000,42900,600,2574,570,0,,,597100,2566885,43200,42800,43200,43200,43000,43100,43200,43300,43400,43500,43600,43700,43800,43900,137300,253250,36400,51800,119900,140400,175900,178300,114800,130500,42900,42800,42700,42600,42500,42400,42300,42200,42100,42000,4700,123200,74400,106900,53300,47300,2300,1000,4500,16300,45100,42200,2923150,560400,0,0,0,0,0,
000055.SZ,000055,20251209,94421000,42900,0,0,570,0,,,597100,2566885,43200,42800,43200,43200,43000,43100,43200,43300,43400,43500,43600,43700,43800,43900,137300,253250,36400,51800,119900,140400,175900,178300,114800,130500,42900,42800,42700,42600,42500,42400,42300,42200,42100,42000,17700,123200,74400,106900,53300,47300,2300,1000,4500,16300,45100,42200,2923150,573400,0,0,0,0,0,
000055.SZ,000055,20251209,94424000,42900,0,0,570,0,,,597100,2566885,43200,42800,43200,43200,43000,43100,43200,43300,43400,43500,43600,43700,43800,43900,138100,253250,36400,51800,119900,140400,175900,178300,114800,130500,42900,42800,42700,42600,42500,42400,42300,42200,42100,42000,17700,123200,74400,106900,53300,47300,2300,1000,4500,16300,45100,42200,2923950,573400,0,0,0,0,0,
000055.SZ,000055,20251209,94427000,42900,0,0,570,0,,,597100,2566885,43200,42800,43200,43200,43000,43100,43200,43300,43400,43500,43600,43700,43800,43900,138100,252950,36400,51800,119900,140400,175900,178300,114800,130500,42900,42800,42700,42600,42500,42400,42300,42200,42100,42000,19700,128200,76400,106900,53300,47300,2300,1000,4500,16300,45100,42200,2923650,582400,0,0,0,0,0,
000055.SZ,000055,20251209,94430000,43000,4000,17200,574,0,,,601100,2584085,43200,42800,43200,43200,43000,43100,43200,43300,43400,43500,43600,43700,43800,43900,134100,252950,36400,51800,119900,140400,175900,178300,114800,130500,42900,42800,42700,42600,42500,42400,42300,42200,42100,42000,19700,130200,62700,106900,53300,47300,2300,1000,4500,16300,45100,42200,2919650,570700,0,0,0,0,0,
000055.SZ,000055,20251209,94433000,43000,0,0,574,0,,,601100,2584085,43200,42800,43200,43200,43000,43100,43200,43300,43400,43500,43600,43700,43800,43900,134100,252950,36400,51800,119900,140400,175900,178300,114800,130500,42900,42800,42700,42600,42500,42400,42300,42200,42100,42000,19700,130200,62700,106900,53300,47300,2300,1000,4500,16300,45100,42200,2919950,570700,0,0,0,0,0,
000055.SZ,000055,20251209,94442000,43000,0,0,574,0,,,601100,2584085,43200,42800,43200,43200,43000,43100,43200,43300,43400,43500,43600,43700,43800,43900,134100,252950,36400,51800,119900,140400,175900,178300,114800,130500,42900,42800,42700,42600,42500,42400,42300,42200,42100,42000,20100,130200,62700,106900,53300,47300,2300,1000,4500,16300,45100,42200,2919950,571100,0,0,0,0,0,
000055.SZ,000055,20251209,94445000,43000,0,0,574,0,,,601100,2584085,43200,42800,43200,43200,43000,43100,43200,43300,43400,43500,43600,43700,43800,43900,134100,252950,36400,51800,119900,140400,175900,178300,114800,130500,42900,42800,42700,42600,42500,42400,42300,42200,42100,42000,20100,130200,62700,106900,56300,47300,2300,1000,4500,16300,45100,42200,2919950,574100,0,0,0,0,0,
000055.SZ,000055,20251209,94448000,43000,0,0,574,0,,,601100,2584085,43200,42800,43200,43200,43000,43100,43200,43300,43400,43500,43600,43700,43800,43900,145000,252950,36400,51800,119900,140400,175900,178300,114800,130500,42900,42800,42700,42600,42500,42400,42300,42200,42100,42000,20100,128600,62700,106900,56300,47300,2300,1000,4500,16300,45100,42200,2930850,572500,0,0,0,0,0,
