万得代码,交易所代码,自然日,时间,委托编号,交易所委托号,委托类型,委托代码,委托价格,委托数量,
000055.SZ,000055,20251209,91500050,0,4209,0,S,47500,100,
000055.SZ,000055,20251209,91500060,0,6041,0,S,43100,500,
000055.SZ,000055,20251209,91500060,0,7432,0,S,44000,8000,
000055.SZ,000055,20251209,91500070,0,10173,0,S,45800,2500,
000055.SZ,000055,20251209,91500070,0,10175,0,S,47300,4600,
000055.SZ,000055,20251209,91500080,0,14219,0,S,47500,200,
000055.SZ,000055,20251209,91500080,0,14581,0,S,44000,100,
000055.SZ,000055,20251209,91500090,0,18588,0,S,47500,700,
000055.SZ,000055,20251209,91500090,0,21894,0,S,47000,5000,
000055.SZ,000055,20251209,91500100,0,25860,0,S,47100,800,
000055.SZ,000055,20251209,91500110,0,28477,0,S,44200,2000,
000055.SZ,000055,20251209,91500110,0,28478,0,S,43500,2000,
000055.SZ,000055,20251209,91500110,0,28479,0,S,43800,2000,
000055.SZ,000055,20251209,91500110,0,28480,0,S,44000,2000,
000055.SZ,000055,20251209,91500110,0,28481,0,S,43900,2000,
000055.SZ,000055,20251209,91500110,0,28482,0,S,44600,2000,
000055.SZ,000055,20251209,91500110,0,28483,0,S,44700,2000,
000055.SZ,000055,20251209,91500110,0,28484,0,S,44500,2000,
000055.SZ,000055,20251209,91500110,0,28485,0,S,44800,2000,
000055.SZ,000055,20251209,91500110,0,28487,0,S,45200,2000,
000055.SZ,000055,20251209,91500110,0,29377,0,S,47500,100,
000055.SZ,000055,20251209,91500120,0,29973,0,S,45400,2000,
000055.SZ,000055,20251209,91500120,0,29974,0,S,45800,2000,
000055.SZ,000055,20251209,91500120,0,29975,0,S,46000,1000,
000055.SZ,000055,20251209,91500120,0,30082,0,S,46300,2000,
000055.SZ,000055,20251209,91500120,0,30084,0,S,46600,1000,
000055.SZ,000055,20251209,91500120,0,30085,0,S,46700,2000,
000055.SZ,000055,20251209,91500120,0,30086,0,S,46900,2000,
000055.SZ,000055,20251209,91500120,0,30088,0,S,47200,2000,
000055.SZ,000055,20251209,91500120,0,30089,0,S,47400,2000,
000055.SZ,000055,20251209,91500120,0,30090,0,S,47500,2000,
000055.SZ,000055,20251209,91500120,0,30091,0,S,45700,2000,
000055.SZ,000055,20251209,91500120,0,30794,0,S,44600,1200,
000055.SZ,000055,20251209,91500120,0,30821,0,S,47500,100,
000055.SZ,000055,20251209,91500120,0,31940,0,S,47500,500,
000055.SZ,000055,20251209,91500120,0,31948,0,S,47200,500,
000055.SZ,000055,20251209,91500120,0,31949,0,S,46700,500,
000055.SZ,000055,20251209,91500120,0,31961,0,S,45700,500,
000055.SZ,000055,20251209,91500120,0,31962,0,S,44700,500,
000055.SZ,000055,20251209,91500120,0,32150,0,B,43100,400,
000055.SZ,000055,20251209,91500120,0,32564,0,S,43400,2000,
000055.SZ,000055,20251209,91500120,0,32566,0,S,43700,2000,
000055.SZ,000055,20251209,91500120,0,32567,0,S,43600,2000,
000055.SZ,000055,20251209,91500120,0,32644,0,S,44100,2000,
000055.SZ,000055,20251209,91500120,0,32645,0,S,44300,2000,
000055.SZ,000055,20251209,91500120,0,32646,0,S,44400,2000,
000055.SZ,000055,20251209,91500120,0,32650,0,S,45000,2000,
000055.SZ,000055,20251209,91500120,0,32652,0,S,44900,2000,
000055.SZ,000055,20251209,91500120,0,32653,0,S,45100,2000,
000055.SZ,000055,20251209,91500120,0,32654,0,S,45300,2000,
000055.SZ,000055,20251209,91500120,0,32659,0,S,45500,2000,
000055.SZ,000055,20251209,91500120,0,32660,0,S,45600,2000,
000055.SZ,000055,20251209,91500120,0,32661,0,S,45900,1000,
000055.SZ,000055,20251209,91500120,0,32662,0,S,46100,2000,
000055.SZ,000055,20251209,91500120,0,32669,0,S,46400,1000,
000055.SZ,000055,20251209,91500120,0,32670,0,S,46200,2000,
000055.SZ,000055,20251209,91500120,0,32781,0,S,46500,1000,
000055.SZ,000055,20251209,91500120,0,32782,0,S,46800,1000,
000055.SZ,000055,20251209,91500120,0,32783,0,S,47000,2000,
000055.SZ,000055,20251209,91500120,0,32784,0,S,47300,2000,
000055.SZ,000055,20251209,91500120,0,32796,0,S,47100,2000,
000055.SZ,000055,20251209,91500130,0,34426,0,S,45500,500,
000055.SZ,000055,20251209,91500130,0,34488,0,S,45600,500,
000055.SZ,000055,20251209,91500130,0,35292,0,S,47100,30000,
000055.SZ,000055,20251209,91500140,0,38446,0,S,43400,400,
000055.SZ,000055,20251209,91500140,0,41580,0,S,47500,11900,
000055.SZ,000055,20251209,91500140,0,42019,0,B,43600,200,
000055.SZ,000055,20251209,91500150,0,45226,0,B,42500,3000,
000055.SZ,000055,20251209,91500150,0,46107,0,B,39500,100,
000055.SZ,000055,20251209,91500160,0,46164,0,B,38900,100,
000055.SZ,000055,20251209,91500160,0,46508,0,B,42500,800,
000055.SZ,000055,20251209,91500160,0,46651,0,S,47500,2000,
000055.SZ,000055,20251209,91500160,0,49100,0,S,45500,21100,
000055.SZ,000055,20251209,91500170,0,52735,0,S,44200,2100,
000055.SZ,000055,20251209,91500180,0,56627,0,S,47500,2000,
000055.SZ,000055,20251209,91500180,0,56628,0,B,39000,2000,
000055.SZ,000055,20251209,91500190,0,56958,0,S,47000,100,
000055.SZ,000055,20251209,91500190,0,57149,0,S,44900,500,
000055.SZ,000055,20251209,91500190,0,57150,0,S,45000,500,
000055.SZ,000055,20251209,91500190,0,58028,0,S,44400,600,
000055.SZ,000055,20251209,91500190,0,58035,0,S,46900,400,
000055.SZ,000055,20251209,91500190,0,58116,0,S,44800,400,
000055.SZ,000055,20251209,91500190,0,58461,0,S,47300,300,
000055.SZ,000055,20251209,91500190,0,58462,0,S,47100,300,
000055.SZ,000055,20251209,91500190,0,59232,0,B,43600,600,
000055.SZ,000055,20251209,91500200,0,59643,0,B,38900,2500,
000055.SZ,000055,20251209,91500200,0,61283,0,S,44300,1000,
000055.SZ,000055,20251209,91500200,0,61311,0,S,46900,5000,
000055.SZ,000055,20251209,91500210,0,62686,0,S,45400,600,
000055.SZ,000055,20251209,91500220,0,66301,0,S,45500,1000,
000055.SZ,000055,20251209,91500220,0,66302,0,S,47000,1000,
000055.SZ,000055,20251209,91500220,0,66540,0,S,47500,500,
000055.SZ,000055,20251209,91500240,0,70456,0,B,41000,800,
000055.SZ,000055,20251209,91500240,0,70656,0,S,45400,600,
000055.SZ,000055,20251209,91500240,0,70931,0,S,47500,3000,
000055.SZ,000055,20251209,91500280,0,77419,0,S,46100,1100,
000055.SZ,000055,20251209,91500300,0,79714,0,S,47500,4600,
000055.SZ,000055,20251209,91500300,0,80071,0,S,44800,14800,
000055.SZ,000055,20251209,91500300,0,81282,0,S,47500,1500,
000055.SZ,000055,20251209,91500350,0,90576,0,S,40000,5800,
000055.SZ,000055,20251209,91500390,0,95329,0,B,47500,100,
000055.SZ,000055,20251209,91500410,0,99098,0,S,46200,10000,
000055.SZ,000055,20251209,91500440,0,102370,0,S,47500,200,
000055.SZ,000055,20251209,91500490,0,109141,0,S,47500,10000,
000055.SZ,000055,20251209,91500500,0,110025,0,S,47500,3000,
000055.SZ,000055,20251209,91500500,0,110509,0,B,41000,200,
000055.SZ,000055,20251209,91500510,0,111684,0,S,47500,500,
000055.SZ,000055,20251209,91500530,0,113046,0,S,43400,11800,
000055.SZ,000055,20251209,91500530,0,113189,0,S,44500,400,
000055.SZ,000055,20251209,91500570,0,118285,0,S,44800,5000,
000055.SZ,000055,20251209,91500610,0,122801,0,S,47500,1000,
000055.SZ,000055,20251209,91500680,0,130107,0,S,47400,600,
000055.SZ,000055,20251209,91500690,0,131114,0,S,45500,800,
000055.SZ,000055,20251209,91500710,0,133223,0,S,47300,300,
000055.SZ,000055,20251209,91500730,0,135251,0,B,42200,1000,
000055.SZ,000055,20251209,91500750,0,137151,0,S,46900,500,
000055.SZ,000055,20251209,91500750,0,137152,0,B,41000,200,
000055.SZ,000055,20251209,91500760,0,137666,0,S,44500,1000,
000055.SZ,000055,20251209,91500760,0,138417,0,S,47200,100,
000055.SZ,000055,20251209,91500790,0,140728,0,S,47500,500,
000055.SZ,000055,20251209,91500800,0,141271,0,S,46800,500,
000055.SZ,000055,20251209,91500840,0,144950,0,S,47500,1200,
000055.SZ,000055,20251209,91500880,0,147995,0,S,47500,6400,
000055.SZ,000055,20251209,91500880,0,148038,0,S,46200,4000,
000055.SZ,000055,20251209,91500940,0,152735,0,S,44500,500,
000055.SZ,000055,20251209,91500940,0,152746,0,S,45500,500,
000055.SZ,000055,20251209,91500940,0,152747,0,S,47500,4600,
000055.SZ,000055,20251209,91500960,0,154101,0,S,47500,30000,
000055.SZ,000055,20251209,91500990,0,156341,0,S,47500,3200,
000055.SZ,000055,20251209,91501000,0,157237,0,S,43200,200,
000055.SZ,000055,20251209,91501000,0,157241,0,S,43900,200,
000055.SZ,000055,20251209,91501000,0,157254,0,S,46900,200,
000055.SZ,000055,20251209,91501010,0,158467,0,S,43400,22000,
000055.SZ,000055,20251209,91501010,0,158468,0,S,43500,66000,
000055.SZ,000055,20251209,91501010,0,158469,0,S,43600,86000,
000055.SZ,000055,20251209,91501010,0,158470,0,S,43700,89000,
000055.SZ,000055,20251209,91501010,0,158471,0,S,43800,92000,
000055.SZ,000055,20251209,91501010,0,158472,0,S,43900,93000,
000055.SZ,000055,20251209,91501010,0,158490,0,S,44000,96000,
000055.SZ,000055,20251209,91501010,0,158491,0,S,44100,91000,
000055.SZ,000055,20251209,91501090,0,163914,0,S,45800,500,
000055.SZ,000055,20251209,91501140,0,168074,0,S,45000,20000,
000055.SZ,000055,20251209,91501140,0,168075,0,S,47000,30000,
000055.SZ,000055,20251209,91501260,0,176518,0,S,47500,12900,
000055.SZ,000055,20251209,91501310,0,179322,0,S,44400,2000,
000055.SZ,000055,20251209,91501380,0,183889,0,B,43000,1500,
000055.SZ,000055,20251209,91501410,0,185802,0,S,43900,1000,
000055.SZ,000055,20251209,91501410,0,185812,0,S,44900,1000,
000055.SZ,000055,20251209,91501480,0,190855,0,S,43500,45000,
000055.SZ,000055,20251209,91501480,0,190856,0,S,43600,66000,
000055.SZ,000055,20251209,91501480,0,190858,0,S,43700,77000,
000055.SZ,000055,20251209,91501510,0,193272,0,B,42600,20000,
000055.SZ,000055,20251209,91501590,0,199824,0,S,47500,1000,
000055.SZ,000055,20251209,91501590,0,199825,0,S,46000,700,
000055.SZ,000055,20251209,91501590,0,199827,0,S,44600,500,
000055.SZ,000055,20251209,91501620,0,201744,0,B,42000,4000,
000055.SZ,000055,20251209,91501640,0,203225,0,S,44600,1000,
000055.SZ,000055,20251209,91501660,0,204243,0,S,44600,500,
000055.SZ,000055,20251209,91501660,0,204244,0,B,41400,500,
000055.SZ,000055,20251209,91501680,0,205626,0,B,42800,800,
000055.SZ,000055,20251209,91501760,0,209801,0,S,47500,200,
000055.SZ,000055,20251209,91501990,0,219916,0,S,43800,3600,
000055.SZ,000055,20251209,91502000,0,220668,0,S,46300,200,
000055.SZ,000055,20251209,91502040,0,223085,0,S,45800,5000,
000055.SZ,000055,20251209,91502040,0,223086,0,S,44600,7000,
000055.SZ,000055,20251209,91502040,0,223087,0,S,43900,6000,
000055.SZ,000055,20251209,91502040,0,223088,0,B,41000,5000,
000055.SZ,000055,20251209,91502170,0,229064,0,S,45000,5000,
000055.SZ,000055,20251209,91502170,0,229065,0,B,42000,10000,
000055.SZ,000055,20251209,91502200,0,230497,0,S,44900,1500,
000055.SZ,000055,20251209,91502200,0,230499,0,S,47400,5000,
000055.SZ,000055,20251209,91502250,0,233090,0,S,46200,5000,
000055.SZ,000055,20251209,91502320,0,235634,0,S,47500,1300,
000055.SZ,000055,20251209,91502390,0,238015,0,S,46700,800,
000055.SZ,000055,20251209,91502450,0,240880,0,S,44600,5000,
000055.SZ,000055,20251209,91502470,0,241679,0,S,47500,500,
000055.SZ,000055,20251209,91502550,0,246091,0,S,45300,8900,
000055.SZ,000055,20251209,91502650,0,250603,0,S,47500,800,
000055.SZ,000055,20251209,91502830,0,255780,0,S,47400,2200,
000055.SZ,000055,20251209,91502850,0,256375,0,S,47300,2500,
000055.SZ,000055,20251209,91502930,0,257971,0,S,47500,1500,
000055.SZ,000055,20251209,91502940,0,258681,0,S,47500,1000,
000055.SZ,000055,20251209,91503090,0,263694,0,S,47500,10100,
000055.SZ,000055,20251209,91503100,0,263894,0,S,47500,2000,
000055.SZ,000055,20251209,91503150,0,265391,0,S,47500,1000,
000055.SZ,000055,20251209,91503500,0,274547,0,B,41800,1100,
000055.SZ,000055,20251209,91503510,0,274714,0,B,41500,1200,
000055.SZ,000055,20251209,91503630,0,278783,0,S,46800,4400,
000055.SZ,000055,20251209,91503630,0,278867,0,S,43800,30000,
000055.SZ,000055,20251209,91503640,0,279113,0,S,47500,6000,
000055.SZ,000055,20251209,91503640,0,279132,0,B,41000,6400,
000055.SZ,000055,20251209,91503650,0,279431,0,S,47500,134700,
000055.SZ,000055,20251209,91504050,0,286635,0,S,44400,2300,
000055.SZ,000055,20251209,91504050,0,286645,0,S,46400,2200,
000055.SZ,000055,20251209,91504060,0,286698,0,S,47500,2200,
000055.SZ,000055,20251209,91504060,0,286739,0,S,47400,2200,
000055.SZ,000055,20251209,91504090,0,287014,0,S,47500,5000,
000055.SZ,000055,20251209,91504220,0,289058,0,S,44800,3600,
000055.SZ,000055,20251209,91504240,0,289374,0,S,46800,2400,
000055.SZ,000055,20251209,91504470,0,292560,0,S,46500,1000,
000055.SZ,000055,20251209,91504470,0,292572,0,S,45300,1000,
000055.SZ,000055,20251209,91504550,0,294172,0,S,44200,1000,
000055.SZ,000055,20251209,91504550,0,294173,0,S,45300,1000,
000055.SZ,000055,20251209,91504550,0,294184,0,S,46300,1000,
000055.SZ,000055,20251209,91504550,0,294200,0,S,47300,3000,
000055.SZ,000055,20251209,91504550,0,294228,0,S,47500,20000,
000055.SZ,000055,20251209,91504670,0,296729,0,B,43000,3000,
000055.SZ,000055,20251209,91504730,0,297543,0,S,47400,300,
000055.SZ,000055,20251209,91504860,0,297879,0,S,46900,20000,
000055.SZ,000055,20251209,91505240,0,300911,0,S,47500,1000,
000055.SZ,000055,20251209,91505350,0,301549,0,S,47500,4000,
000055.SZ,000055,20251209,91505350,0,301551,0,S,47100,3800,
000055.SZ,000055,20251209,91505490,0,302524,0,B,42700,500,
000055.SZ,000055,20251209,91505490,0,302534,0,B,42500,500,
000055.SZ,000055,20251209,91505530,0,303048,0,S,47400,2200,
000055.SZ,000055,20251209,91505560,0,303819,0,S,43800,500,
000055.SZ,000055,20251209,91505560,0,303820,0,S,44500,1500,
000055.SZ,000055,20251209,91505650,0,305311,0,S,43500,1000,
000055.SZ,000055,20251209,91505680,0,305565,0,S,47300,20000,
000055.SZ,000055,20251209,91505720,0,306081,0,S,47400,500,
000055.SZ,000055,20251209,91505840,0,306459,0,B,42100,4500,
000055.SZ,000055,20251209,91505940,0,306878,0,B,42800,2000,
000055.SZ,000055,20251209,91506230,0,308582,0,S,47000,3500,
000055.SZ,000055,20251209,91506360,0,308878,0,S,47500,500,
000055.SZ,000055,20251209,91506370,0,308901,0,S,47500,500,
000055.SZ,000055,20251209,91507320,0,313881,0,S,44200,1000,
000055.SZ,000055,20251209,91507410,0,314131,0,S,44600,5000,
000055.SZ,000055,20251209,91507480,0,314198,0,B,40100,1200,
000055.SZ,000055,20251209,91507480,0,314203,0,S,47500,1000,
000055.SZ,000055,20251209,91507570,0,314711,0,B,41900,7000,
000055.SZ,000055,20251209,91507740,0,315936,0,S,43700,2400,
000055.SZ,000055,20251209,91512500,0,323693,0,S,47500,5000,
000055.SZ,000055,20251209,91512500,0,323701,0,S,47000,5000,
000055.SZ,000055,20251209,91512500,0,323712,0,S,46500,5000,
000055.SZ,000055,20251209,91512500,0,323719,0,S,46000,5000,
000055.SZ,000055,20251209,91512500,0,323726,0,S,45500,5000,
000055.SZ,000055,20251209,91512510,0,323727,0,S,45000,5000,
000055.SZ,000055,20251209,91512510,0,323736,0,S,44500,5000,
000055.SZ,000055,20251209,91512510,0,323746,0,S,44000,5000,
000055.SZ,000055,20251209,91512510,0,323780,0,S,43900,1000,
000055.SZ,000055,20251209,91512570,0,323906,0,S,43000,100,
000055.SZ,000055,20251209,91513490,0,324419,0,S,43800,1000,
000055.SZ,000055,20251209,91521320,0,326566,0,B,47500,74200,
000055.SZ,000055,20251209,91523720,0,327063,0,S,42900,100,
000055.SZ,000055,20251209,91524030,0,327125,0,S,47500,100,
000055.SZ,000055,20251209,91529190,0,328320,0,S,43800,2000,
000055.SZ,000055,20251209,91529200,0,328321,0,B,39600,2400,
000055.SZ,000055,20251209,91529310,0,328354,0,S,45000,2400,
000055.SZ,000055,20251209,91529310,0,328355,0,B,39600,2400,
000055.SZ,000055,20251209,91529310,0,328357,0,S,43300,600,
000055.SZ,000055,20251209,91529310,0,328358,0,B,43100,600,
000055.SZ,000055,20251209,91529330,0,328364,0,S,43700,1000,
000055.SZ,000055,20251209,91533730,0,329419,0,S,43400,200,
000055.SZ,000055,20251209,91539750,0,331024,0,S,43600,200,
000055.SZ,000055,20251209,91545860,0,332784,0,S,43800,200,
000055.SZ,000055,20251209,91546170,0,332878,0,S,44000,7000,
000055.SZ,000055,20251209,91551890,0,334563,0,S,44000,200,
000055.SZ,000055,20251209,91557970,0,336468,0,S,44200,200,
000055.SZ,000055,20251209,91557970,0,336474,0,S,43600,1000,
000055.SZ,000055,20251209,91558100,0,336521,0,S,47500,5000,
000055.SZ,000055,20251209,91603100,0,338274,0,S,47500,200,
000055.SZ,000055,20251209,91603100,0,338275,0,B,38900,200,
000055.SZ,000055,20251209,91604020,0,338605,0,B,43000,200,
000055.SZ,000055,20251209,91610130,0,340643,0,B,42800,200,
000055.SZ,000055,20251209,91620040,0,343543,0,S,43500,1000,
000055.SZ,000055,20251209,91622730,0,344318,0,S,47500,1000,
000055.SZ,000055,20251209,91629130,0,346380,0,S,43800,600,
000055.SZ,000055,20251209,91633820,0,348019,0,S,45000,3100,
000055.SZ,000055,20251209,91649980,0,353141,0,B,43000,20100,
000055.SZ,000055,20251209,91719480,0,363103,0,S,43400,5000,
000055.SZ,000055,20251209,91720510,0,363462,0,S,38900,131500,
000055.SZ,000055,20251209,91735660,0,368926,0,S,38900,100,
000055.SZ,000055,20251209,91810220,0,381794,0,B,41800,40000,
000055.SZ,000055,20251209,91823310,0,386784,0,B,42800,8600,
000055.SZ,000055,20251209,91828180,0,388576,0,S,47500,300,
000055.SZ,000055,20251209,91844180,0,394807,0,B,42700,500,
000055.SZ,000055,20251209,91854700,0,398898,0,S,47400,300,
000055.SZ,000055,20251209,91900280,0,401239,0,B,42400,17100,
000055.SZ,000055,20251209,91900710,0,401410,0,S,47500,50000,
000055.SZ,000055,20251209,91939370,0,417831,0,S,43900,10000,
000055.SZ,000055,20251209,91941610,0,418790,0,B,40600,100,
000055.SZ,000055,20251209,91943070,0,419497,0,B,43000,6000,
000055.SZ,000055,20251209,91954190,0,424213,0,S,47500,10000,
000055.SZ,000055,20251209,91958530,0,426079,0,S,43200,11800,
000055.SZ,000055,20251209,92000610,0,427046,0,B,42900,6000,
000055.SZ,000055,20251209,92001430,0,427399,0,B,43000,20000,
000055.SZ,000055,20251209,92001980,0,427671,0,S,45300,2000,
000055.SZ,000055,20251209,92011510,0,431148,0,B,42800,6000,
000055.SZ,000055,20251209,92026510,0,436297,0,S,43900,10000,
000055.SZ,000055,20251209,92033070,0,438608,0,S,44000,3000,
000055.SZ,000055,20251209,92033970,0,438944,0,S,47500,5000,
000055.SZ,000055,20251209,92035290,0,439428,0,S,47500,500,
000055.SZ,000055,20251209,92039700,0,441003,0,S,47500,10000,
000055.SZ,000055,20251209,92050830,0,444995,0,S,44900,10000,
000055.SZ,000055,20251209,92102820,0,449419,0,B,42700,10000,
000055.SZ,000055,20251209,92105660,0,450491,0,B,42400,20000,
000055.SZ,000055,20251209,92108600,0,451647,0,S,45000,3000,
000055.SZ,000055,20251209,92120240,0,456060,0,S,47500,131500,
000055.SZ,000055,20251209,92135560,0,461999,0,S,44500,20000,
000055.SZ,000055,20251209,92139360,0,463516,0,S,43000,1000,
000055.SZ,000055,20251209,92141400,0,464348,0,S,43800,2000,
000055.SZ,000055,20251209,92148930,0,467366,0,S,46500,900,
000055.SZ,000055,20251209,92207610,0,475461,0,S,43000,100,
000055.SZ,000055,20251209,92231010,0,485594,0,B,42500,10000,
000055.SZ,000055,20251209,92231580,0,485860,0,B,42400,3000,
000055.SZ,000055,20251209,92255470,0,496653,0,S,47500,23300,
000055.SZ,000055,20251209,92258790,0,498194,0,S,47500,71900,
000055.SZ,000055,20251209,92259670,0,498656,0,S,47200,500,
000055.SZ,000055,20251209,92319080,0,508155,0,S,43000,100,
000055.SZ,000055,20251209,92334040,0,516340,0,S,43400,2000,
000055.SZ,000055,20251209,92335900,0,517401,0,S,44800,3000,
000055.SZ,000055,20251209,92342150,0,520970,0,B,42700,4000,
000055.SZ,000055,20251209,92346010,0,523152,0,S,44600,2000,
000055.SZ,000055,20251209,92349080,0,524996,0,S,43000,100,
000055.SZ,000055,20251209,92351070,0,526161,0,B,42700,2600,
000055.SZ,000055,20251209,92402440,0,532934,0,S,46900,2000,
000055.SZ,000055,20251209,92404070,0,534003,0,S,44800,1700,
000055.SZ,000055,20251209,92405390,0,534906,0,S,47500,200,
000055.SZ,000055,20251209,92406010,0,535295,0,S,47500,300,
000055.SZ,000055,20251209,92416940,0,543380,0,S,45000,6000,
000055.SZ,000055,20251209,92419090,0,545093,0,S,43000,100,
000055.SZ,000055,20251209,92419490,0,545415,0,S,47500,4000,
000055.SZ,000055,20251209,92420870,0,546543,0,B,42800,10100,
000055.SZ,000055,20251209,92432080,0,556509,0,B,42700,2000,
000055.SZ,000055,20251209,92433730,0,557963,0,B,43000,1300,
000055.SZ,000055,20251209,92437160,0,561066,0,S,47500,11000,
000055.SZ,000055,20251209,92437710,0,561610,0,S,46900,1400,
000055.SZ,000055,20251209,92438180,0,562118,0,B,42600,3000,
000055.SZ,000055,20251209,92446180,0,570240,0,B,43700,6100,
000055.SZ,000055,20251209,92447100,0,571235,0,S,43300,1000,
000055.SZ,000055,20251209,92451440,0,577338,0,B,43100,6000,
000055.SZ,000055,20251209,92458190,0,590510,0,B,44000,4900,
000055.SZ,000055,20251209,92458350,0,591075,0,B,44000,1200,
000055.SZ,000055,20251209,92459120,0,593524,0,B,43300,2800,
000055.SZ,000055,20251209,92459990,0,598209,0,B,43800,2200,
000055.SZ,000055,20251209,93000000,0,689970,0,S,43000,5300,
000055.SZ,000055,20251209,93000050,0,695655,0,B,42800,5000,
000055.SZ,000055,20251209,93000050,0,697528,0,S,42700,300,
000055.SZ,000055,20251209,93000050,0,698773,0,S,45100,10000,
000055.SZ,000055,20251209,93000050,0,701031,0,B,43000,700,
000055.SZ,000055,20251209,93000050,0,701495,0,S,46600,20000,
000055.SZ,000055,20251209,93000050,0,701748,0,S,43400,700,
000055.SZ,000055,20251209,93000060,0,705488,0,B,42600,20000,
000055.SZ,000055,20251209,93000070,0,714586,0,S,43200,1100,
000055.SZ,000055,20251209,93000090,0,723156,0,S,43400,500,
000055.SZ,000055,20251209,93000090,0,724645,0,S,43800,1000,
000055.SZ,000055,20251209,93000100,0,731058,0,S,43300,7000,
000055.SZ,000055,20251209,93000110,0,732244,0,S,43200,3000,
000055.SZ,000055,20251209,93000130,0,748044,0,S,47500,4800,
000055.SZ,000055,20251209,93000140,0,751147,0,S,47500,20000,
000055.SZ,000055,20251209,93000140,0,753768,0,S,47500,2200,
000055.SZ,000055,20251209,93000150,0,761011,0,S,46700,500,
000055.SZ,000055,20251209,93000160,0,762873,0,B,38900,500,
000055.SZ,000055,20251209,93000170,0,768280,0,S,43400,1000,
000055.SZ,000055,20251209,93000210,0,785612,0,S,44000,600,
000055.SZ,000055,20251209,93000220,0,790028,0,S,47500,34400,
000055.SZ,000055,20251209,93000230,0,795325,0,S,47500,4700,
000055.SZ,000055,20251209,93000260,0,805890,0,S,43100,100,
000055.SZ,000055,20251209,93000290,0,815310,0,B,43100,1000,
000055.SZ,000055,20251209,93000320,0,823374,0,B,43100,100,
000055.SZ,000055,20251209,93000350,0,830970,0,S,43100,800,
000055.SZ,000055,20251209,93000350,0,831079,0,S,43100,200,
000055.SZ,000055,20251209,93000350,0,831181,0,S,43100,300,
000055.SZ,000055,20251209,93000350,0,831240,0,S,43100,500,
000055.SZ,000055,20251209,93000360,0,833082,0,B,43100,500,
000055.SZ,000055,20251209,93000370,0,836223,0,S,45000,200,
000055.SZ,000055,20251209,93000390,0,839906,0,S,43100,200,
000055.SZ,000055,20251209,93000390,0,840393,0,S,43100,100,
000055.SZ,000055,20251209,93000410,0,843291,0,S,43100,800,
000055.SZ,000055,20251209,93000410,0,843319,0,S,43100,100,
000055.SZ,000055,20251209,93000410,0,843324,0,S,43100,200,
000055.SZ,000055,20251209,93000410,0,843348,0,S,43100,100,
000055.SZ,000055,20251209,93000410,0,843359,0,S,43200,100,
000055.SZ,000055,20251209,93000410,0,844241,0,S,43100,100,
000055.SZ,000055,20251209,93000410,0,844297,0,S,43100,200,
000055.SZ,000055,20251209,93000420,0,845099,0,B,43500,1100,
000055.SZ,000055,20251209,93000430,0,846481,0,S,43400,35000,
000055.SZ,000055,20251209,93000430,0,847554,0,S,43200,500,
000055.SZ,000055,20251209,93000460,0,852566,0,S,43200,700,
000055.SZ,000055,20251209,93000470,0,853676,0,B,43100,1300,
000055.SZ,000055,20251209,93000470,0,854130,0,S,45500,2000,
000055.SZ,000055,20251209,93000470,0,854969,0,B,42400,4000,
000055.SZ,000055,20251209,93000480,0,855693,0,B,42600,10000,
000055.SZ,000055,20251209,93000520,0,860820,0,B,42500,10000,
000055.SZ,000055,20251209,93000540,0,864519,0,S,43100,200,
000055.SZ,000055,20251209,93000540,0,864535,0,S,43100,100,
000055.SZ,000055,20251209,93000540,0,864544,0,S,43100,200,
000055.SZ,000055,20251209,93000540,0,864644,0,S,43100,100,
000055.SZ,000055,20251209,93000540,0,864682,0,S,43200,500,
000055.SZ,000055,20251209,93000560,0,868351,0,B,42700,5000,
000055.SZ,000055,20251209,93000560,0,868837,0,B,43000,500,
000055.SZ,000055,20251209,93000590,0,872468,0,B,38900,10000,
000055.SZ,000055,20251209,93000610,0,876351,0,S,47200,1000,
000055.SZ,000055,20251209,93000620,0,877617,0,S,47400,800,
000055.SZ,000055,20251209,93000630,0,879633,0,S,43200,100,
000055.SZ,000055,20251209,93000650,0,882572,0,S,43200,2000,
000055.SZ,000055,20251209,93000730,0,896089,0,S,43200,200,
000055.SZ,000055,20251209,93000730,0,897166,0,S,43200,700,
000055.SZ,000055,20251209,93000740,0,897729,0,S,43200,200,
000055.SZ,000055,20251209,93000750,0,899369,0,S,43500,1800,
000055.SZ,000055,20251209,93000750,0,899399,0,S,43400,2900,
000055.SZ,000055,20251209,93000760,0,901735,0,S,43100,100,
000055.SZ,000055,20251209,93000850,0,914883,0,S,43300,2200,
000055.SZ,000055,20251209,93000850,0,915788,0,S,43100,100,
000055.SZ,000055,20251209,93000850,0,915790,0,S,43100,200,
000055.SZ,000055,20251209,93000860,0,917279,0,S,43400,4600,
000055.SZ,000055,20251209,93000890,0,922319,0,S,47500,10900,
000055.SZ,000055,20251209,93000890,0,922860,0,S,43200,7000,
000055.SZ,000055,20251209,93000940,0,930263,0,S,43400,500,
000055.SZ,000055,20251209,93000970,0,933614,0,B,42600,12900,
000055.SZ,000055,20251209,93000980,0,934968,0,S,43100,1300,
000055.SZ,000055,20251209,93000990,0,936539,0,S,43200,300,
000055.SZ,000055,20251209,93000990,0,936594,0,S,43300,6900,
000055.SZ,000055,20251209,93001000,0,937875,0,S,44900,2000,
000055.SZ,000055,20251209,93001010,0,939241,0,S,43100,200,
000055.SZ,000055,20251209,93001020,0,940467,0,S,43600,100,
000055.SZ,000055,20251209,93001100,0,951007,0,S,43200,500,
000055.SZ,000055,20251209,93001210,0,962793,0,S,43100,100,
000055.SZ,000055,20251209,93001210,0,963266,0,S,43200,200,
000055.SZ,000055,20251209,93001210,0,963308,0,S,47500,600,
000055.SZ,000055,20251209,93001220,0,964351,0,S,45900,3000,
000055.SZ,000055,20251209,93001220,0,964663,0,S,43100,1800,
000055.SZ,000055,20251209,93001240,0,965643,0,B,43000,600,
000055.SZ,000055,20251209,93001240,0,965646,0,S,43200,600,
000055.SZ,000055,20251209,93001240,0,966152,0,S,43200,100,
000055.SZ,000055,20251209,93001320,0,972722,0,S,43500,100,
000055.SZ,000055,20251209,93001410,0,978684,0,B,43100,300,
000055.SZ,000055,20251209,93001410,0,979041,0,B,43100,1200,
000055.SZ,000055,20251209,93001430,0,980643,0,B,43100,500,
000055.SZ,000055,20251209,93001440,0,981767,0,B,43100,1100,
000055.SZ,000055,20251209,93001450,0,981987,0,S,43200,200,
000055.SZ,000055,20251209,93001450,0,982265,0,S,43200,100,
000055.SZ,000055,20251209,93001530,0,990217,0,B,43100,900,
000055.SZ,000055,20251209,93001530,0,990269,0,B,43100,100,
000055.SZ,000055,20251209,93001560,0,992394,0,B,43100,1200,
000055.SZ,000055,20251209,93001570,0,993989,0,S,43300,3000,
000055.SZ,000055,20251209,93001610,0,996497,0,B,41000,8800,
000055.SZ,000055,20251209,93001630,0,998582,0,B,42700,2000,
000055.SZ,000055,20251209,93001630,0,999643,0,B,42600,2000,
000055.SZ,000055,20251209,93001650,0,1001585,0,S,43200,400,
000055.SZ,000055,20251209,93001700,0,1006185,0,S,43400,6000,
000055.SZ,000055,20251209,93001710,0,1006417,0,S,43500,6000,
000055.SZ,000055,20251209,93001710,0,1006663,0,S,43600,6000,
000055.SZ,000055,20251209,93001790,0,1013954,0,S,43300,2000,
000055.SZ,000055,20251209,93001790,0,1014186,0,B,43100,200,
000055.SZ,000055,20251209,93001790,0,1014187,0,B,43100,300,
000055.SZ,000055,20251209,93001790,0,1014190,0,B,43100,300,
000055.SZ,000055,20251209,93001810,0,1015404,0,B,42700,4400,
000055.SZ,000055,20251209,93001850,0,1019000,0,S,43700,6900,
000055.SZ,000055,20251209,93001920,0,1025237,0,B,42000,500,
000055.SZ,000055,20251209,93001930,0,1026224,0,S,46500,500,
000055.SZ,000055,20251209,93001970,0,1030938,0,B,42400,3000,
000055.SZ,000055,20251209,93001990,0,1033527,0,S,43400,500,
000055.SZ,000055,20251209,93002160,0,1048178,0,B,43100,600,
000055.SZ,000055,20251209,93002230,0,1052760,0,S,43500,4000,
000055.SZ,000055,20251209,93002260,0,1054609,0,S,43100,100,
000055.SZ,000055,20251209,93002410,0,1062219,0,S,43800,4600,
000055.SZ,000055,20251209,93002430,0,1063263,0,B,43100,100,
000055.SZ,000055,20251209,93002430,0,1063462,0,S,43400,23400,
000055.SZ,000055,20251209,93002490,0,1067531,0,B,43100,6000,
000055.SZ,000055,20251209,93002560,0,1071312,0,S,43400,900,
000055.SZ,000055,20251209,93002580,0,1073267,0,S,43500,1000,
000055.SZ,000055,20251209,93002620,0,1075699,0,S,43800,300,
000055.SZ,000055,20251209,93002850,0,1090544,0,S,47500,2900,
000055.SZ,000055,20251209,93002950,0,1096752,0,B,42500,1000,
000055.SZ,000055,20251209,93002960,0,1098088,0,B,43100,3600,
000055.SZ,000055,20251209,93003010,0,1101559,0,B,43100,1600,
000055.SZ,000055,20251209,93003040,0,1104674,0,S,44500,4000,
000055.SZ,000055,20251209,93003060,0,1105840,0,S,43200,500,
000055.SZ,000055,20251209,93003100,0,1107810,0,S,43500,6000,
000055.SZ,000055,20251209,93003140,0,1110682,0,S,43200,200,
000055.SZ,000055,20251209,93003240,0,1115701,0,S,43100,2300,
000055.SZ,000055,20251209,93003240,0,1115707,0,S,43100,100,
000055.SZ,000055,20251209,93003250,0,1116369,0,S,43100,100,
000055.SZ,000055,20251209,93003260,0,1116647,0,S,43100,100,
000055.SZ,000055,20251209,93003260,0,1116950,0,S,43100,200,
000055.SZ,000055,20251209,93003360,0,1121639,0,S,43200,300,
000055.SZ,000055,20251209,93003430,0,1124688,0,S,43200,100,
000055.SZ,000055,20251209,93003460,0,1125932,0,S,43200,100,
000055.SZ,000055,20251209,93003460,0,1125971,0,S,43200,100,
000055.SZ,000055,20251209,93003470,0,1126505,0,S,43200,1100,
000055.SZ,000055,20251209,93003510,0,1128111,0,S,43200,400,
000055.SZ,000055,20251209,93003550,0,1130923,0,S,47500,500,
000055.SZ,000055,20251209,93003580,0,1132183,0,S,43200,100,
000055.SZ,000055,20251209,93003610,0,1133630,0,S,43200,100,
000055.SZ,000055,20251209,93003610,0,1133650,0,S,43200,100,
000055.SZ,000055,20251209,93003610,0,1133801,0,S,43200,1100,
000055.SZ,000055,20251209,93003680,0,1138665,0,B,42700,11300,
000055.SZ,000055,20251209,93003720,0,1141141,0,S,43200,200,
000055.SZ,000055,20251209,93003720,0,1141206,0,S,43200,100,
000055.SZ,000055,20251209,93003730,0,1141464,0,S,45100,1100,
000055.SZ,000055,20251209,93003820,0,1145741,0,S,43200,1700,
000055.SZ,000055,20251209,93003830,0,1146329,0,B,42700,5000,
000055.SZ,000055,20251209,93003870,0,1148113,0,S,47500,6000,
000055.SZ,000055,20251209,93003930,0,1150169,0,S,43300,20000,
000055.SZ,000055,20251209,93003950,0,1151494,0,B,43100,500,
000055.SZ,000055,20251209,93004150,0,1162140,0,S,43100,1300,
000055.SZ,000055,20251209,93004270,0,1166983,0,S,43400,5000,
000055.SZ,000055,20251209,93004430,0,1172865,0,S,43200,3100,
000055.SZ,000055,20251209,93004460,0,1175336,0,S,43000,1300,
000055.SZ,000055,20251209,93004610,0,1180958,0,B,43100,4000,
000055.SZ,000055,20251209,93004660,0,1183405,0,S,43100,500,
000055.SZ,000055,20251209,93004770,0,1187745,0,B,42900,2000,
000055.SZ,000055,20251209,93004930,0,1193120,0,S,43200,200,
000055.SZ,000055,20251209,93004930,0,1193389,0,B,41000,500,
000055.SZ,000055,20251209,93004950,0,1194300,0,B,42900,3000,
000055.SZ,000055,20251209,93005420,0,1210196,0,S,43900,300,
000055.SZ,000055,20251209,93005550,0,1213393,0,S,43100,1300,
000055.SZ,000055,20251209,93005550,0,1213428,0,S,43100,1300,
000055.SZ,000055,20251209,93005690,0,1217621,0,B,43100,1900,
000055.SZ,000055,20251209,93005950,0,1224710,0,S,43100,1200,
000055.SZ,000055,20251209,93005950,0,1224943,0,S,43100,1300,
000055.SZ,000055,20251209,93006030,0,1227909,0,S,43500,4000,
000055.SZ,000055,20251209,93006090,0,1230779,0,B,43000,40000,
000055.SZ,000055,20251209,93006150,0,1233036,0,S,43100,100,
000055.SZ,000055,20251209,93006160,0,1233146,0,S,43100,100,
000055.SZ,000055,20251209,93006160,0,1233152,0,S,43100,400,
000055.SZ,000055,20251209,93006200,0,1234485,0,S,43100,1000,
000055.SZ,000055,20251209,93006220,0,1234689,0,S,43100,500,
000055.SZ,000055,20251209,93006220,0,1235104,0,S,43200,2200,
000055.SZ,000055,20251209,93006510,0,1242083,0,S,43200,100,
000055.SZ,000055,20251209,93006650,0,1247340,0,B,43100,3700,
000055.SZ,000055,20251209,93006770,0,1250867,0,B,43000,100,
000055.SZ,000055,20251209,93006950,0,1256018,0,S,43100,1200,
000055.SZ,000055,20251209,93006970,0,1256655,0,B,43100,300,
000055.SZ,000055,20251209,93006980,0,1256778,0,S,43100,100,
000055.SZ,000055,20251209,93007080,0,1260535,0,B,43100,400,
000055.SZ,000055,20251209,93007140,0,1262174,0,S,43200,100,
000055.SZ,000055,20251209,93007570,0,1272917,0,S,43100,1300,
000055.SZ,000055,20251209,93007970,0,1282702,0,S,43200,2000,
000055.SZ,000055,20251209,93007970,0,1282800,0,S,43100,300,
000055.SZ,000055,20251209,93008040,0,1285315,0,S,43200,1500,
000055.SZ,000055,20251209,93008200,0,1288251,0,S,43100,1300,
000055.SZ,000055,20251209,93008210,0,1288292,0,S,43200,700,
000055.SZ,000055,20251209,93008270,0,1289007,0,S,43200,200,
000055.SZ,000055,20251209,93008680,0,1295066,0,S,43100,500,
000055.SZ,000055,20251209,93008790,0,1296399,0,B,43100,600,
000055.SZ,000055,20251209,93008870,0,1298051,0,B,43100,100,
000055.SZ,000055,20251209,93009200,0,1303358,0,B,42900,6000,
000055.SZ,000055,20251209,93009340,0,1306179,0,S,43200,100,
000055.SZ,000055,20251209,93009620,0,1314328,0,S,43200,5300,
000055.SZ,000055,20251209,93009830,0,1317959,0,S,44100,9100,
000055.SZ,000055,20251209,93010170,0,1323884,0,S,43100,1300,
000055.SZ,000055,20251209,93010380,0,1328802,0,B,43100,100,
000055.SZ,000055,20251209,93013670,0,1377635,0,S,43100,100,
000055.SZ,000055,20251209,93015190,0,1397605,0,B,43100,500,
000055.SZ,000055,20251209,93015200,0,1397633,0,B,43100,200,
000055.SZ,000055,20251209,93015210,0,1397888,0,B,43100,100,
000055.SZ,000055,20251209,93015230,0,1398686,0,B,43100,200,
000055.SZ,000055,20251209,93015520,0,1406496,0,B,43100,100,
000055.SZ,000055,20251209,93015810,0,1413381,0,B,43100,400,
000055.SZ,000055,20251209,93018230,0,1450226,0,S,43200,100,
000055.SZ,000055,20251209,93019080,0,1467474,0,B,43500,200,
000055.SZ,000055,20251209,93019310,0,1470865,0,S,47500,1300,
000055.SZ,000055,20251209,93019330,0,1471180,0,S,43200,100,
000055.SZ,000055,20251209,93019580,0,1476347,0,S,43100,500,
000055.SZ,000055,20251209,93020210,0,1484523,0,B,43100,100,
000055.SZ,000055,20251209,93020290,0,1485343,0,S,43100,600,
000055.SZ,000055,20251209,93020820,0,1491293,0,S,43100,3000,
000055.SZ,000055,20251209,93022370,0,1517366,0,S,43100,1600,
000055.SZ,000055,20251209,93022380,0,1517759,0,S,43100,300,
000055.SZ,000055,20251209,93023960,0,1537210,0,S,43100,1400,
000055.SZ,000055,20251209,93024150,0,1540934,0,B,43100,600,
000055.SZ,000055,20251209,93024150,0,1541026,0,S,43100,100,
000055.SZ,000055,20251209,93024150,0,1541053,0,S,43100,100,
000055.SZ,000055,20251209,93024150,0,1541091,0,S,43100,100,
000055.SZ,000055,20251209,93024150,0,1541108,0,S,43100,100,
000055.SZ,000055,20251209,93024160,0,1541236,0,S,43100,100,
000055.SZ,000055,20251209,93024160,0,1541241,0,S,43100,100,
000055.SZ,000055,20251209,93024160,0,1541247,0,S,43100,100,
000055.SZ,000055,20251209,93024160,0,1541252,0,S,43100,100,
000055.SZ,000055,20251209,93024160,0,1541254,0,S,43100,100,
000055.SZ,000055,20251209,93024270,0,1543661,0,S,43100,500,
000055.SZ,000055,20251209,93024580,0,1548570,0,S,43100,100,
000055.SZ,000055,20251209,93024670,0,1550809,0,S,43100,1100,
000055.SZ,000055,20251209,93024760,0,1552566,0,S,43100,1000,
000055.SZ,000055,20251209,93025090,0,1556375,0,S,43100,1100,
000055.SZ,000055,20251209,93026380,0,1575107,0,S,43100,30000,
000055.SZ,000055,20251209,93026810,0,1579418,0,S,43100,30000,
000055.SZ,000055,20251209,93027080,0,1582286,0,S,43300,2700,
000055.SZ,000055,20251209,93027240,0,1585145,0,S,43100,3400,
000055.SZ,000055,20251209,93027250,0,1585202,0,S,43100,5400,
000055.SZ,000055,20251209,93027310,0,1586485,0,S,42800,3400,
000055.SZ,000055,20251209,93027400,0,1588234,0,B,43000,200,
000055.SZ,000055,20251209,93027480,0,1589915,0,S,43000,400,
000055.SZ,000055,20251209,93027740,0,1593928,0,S,43100,100,
000055.SZ,000055,20251209,93028410,0,1604301,0,S,43100,100,
000055.SZ,000055,20251209,93028430,0,1604608,0,S,43100,3100,
000055.SZ,000055,20251209,93028430,0,1604610,0,S,43000,100,
000055.SZ,000055,20251209,93028510,0,1605715,0,S,43100,100,
000055.SZ,000055,20251209,93028570,0,1606862,0,S,43100,100,
000055.SZ,000055,20251209,93028620,0,1607699,0,S,43000,100,
000055.SZ,000055,20251209,93028650,0,1607968,0,S,43100,1800,
000055.SZ,000055,20251209,93028720,0,1609146,0,S,43100,200,
000055.SZ,000055,20251209,93028720,0,1609149,0,S,43100,100,
000055.SZ,000055,20251209,93029030,0,1613726,0,S,43100,500,
000055.SZ,000055,20251209,93029120,0,1614745,0,S,43100,200,
000055.SZ,000055,20251209,93029130,0,1614893,0,S,43100,200,
000055.SZ,000055,20251209,93029240,0,1616245,0,S,43000,3500,
000055.SZ,000055,20251209,93029360,0,1617761,0,S,43100,300,
000055.SZ,000055,20251209,93030040,0,1626778,0,S,43200,200,
000055.SZ,000055,20251209,93030590,0,1636553,0,B,43100,200,
000055.SZ,000055,20251209,93031030,0,1643979,0,S,47500,100,
000055.SZ,000055,20251209,93031030,0,1643980,0,S,47400,100,
000055.SZ,000055,20251209,93032980,0,1668718,0,B,43000,3600,
000055.SZ,000055,20251209,93034760,0,1696945,0,S,47400,600,
000055.SZ,000055,20251209,93035230,0,1703435,0,S,43000,500,
000055.SZ,000055,20251209,93035350,0,1704895,0,S,44200,5000,
000055.SZ,000055,20251209,93035750,0,1710280,0,S,43100,400,
000055.SZ,000055,20251209,93036170,0,1716489,0,B,42600,200,
000055.SZ,000055,20251209,93036950,0,1733372,0,B,43000,200,
000055.SZ,000055,20251209,93037410,0,1743247,0,S,43100,700,
000055.SZ,000055,20251209,93037890,0,1750744,0,B,43000,100,
000055.SZ,000055,20251209,93038380,0,1758100,0,S,42900,5700,
000055.SZ,000055,20251209,93039270,0,1772479,0,S,43000,100,
000055.SZ,000055,20251209,93039460,0,1776620,0,S,43100,100,
000055.SZ,000055,20251209,93039550,0,1778711,0,S,43100,100,
000055.SZ,000055,20251209,93039890,0,1784793,0,S,43100,400,
000055.SZ,000055,20251209,93041010,0,1804352,0,B,43000,100,
000055.SZ,000055,20251209,93042060,0,1822021,0,B,43000,6400,
000055.SZ,000055,20251209,93043060,0,1841767,0,B,42700,800,
000055.SZ,000055,20251209,93045380,0,1875779,0,B,43100,300,
000055.SZ,000055,20251209,93045390,0,1876025,0,B,43100,100,
000055.SZ,000055,20251209,93045460,0,1877599,0,B,43100,100,
000055.SZ,000055,20251209,93045630,0,1880308,0,B,43100,200,
000055.SZ,000055,20251209,93045730,0,1881565,0,B,43100,100,
000055.SZ,000055,20251209,93045820,0,1882932,0,B,43100,100,
000055.SZ,000055,20251209,93046120,0,1887149,0,B,43100,200,
000055.SZ,000055,20251209,93046140,0,1887435,0,S,43000,100,
000055.SZ,000055,20251209,93046160,0,1887844,0,B,43100,300,
000055.SZ,000055,20251209,93046470,0,1892724,0,B,43000,200,
000055.SZ,000055,20251209,93046480,0,1892960,0,B,43100,4400,
000055.SZ,000055,20251209,93046500,0,1893339,0,B,43000,1200,
000055.SZ,000055,20251209,93047210,0,1903696,0,S,43100,100,
000055.SZ,000055,20251209,93048150,0,1914729,0,B,43000,600,
000055.SZ,000055,20251209,93048990,0,1926968,0,B,43100,200,
000055.SZ,000055,20251209,93049000,0,1927018,0,B,43100,1300,
000055.SZ,000055,20251209,93049130,0,1928788,0,B,43100,300,
000055.SZ,000055,20251209,93049140,0,1928793,0,B,43100,400,
000055.SZ,000055,20251209,93049140,0,1928844,0,B,43100,200,
000055.SZ,000055,20251209,93049140,0,1928915,0,B,43100,1200,
000055.SZ,000055,20251209,93049160,0,1929135,0,B,43100,200,
000055.SZ,000055,20251209,93049160,0,1929141,0,B,43100,300,
000055.SZ,000055,20251209,93049170,0,1929361,0,B,43100,100,
000055.SZ,000055,20251209,93049170,0,1929363,0,B,43100,500,
000055.SZ,000055,20251209,93050050,0,1940804,0,B,43100,600,
000055.SZ,000055,20251209,93050050,0,1940808,0,B,43100,400,
000055.SZ,000055,20251209,93050050,0,1940812,0,B,43100,500,
000055.SZ,000055,20251209,93050060,0,1940930,0,B,43100,700,
000055.SZ,000055,20251209,93050060,0,1940935,0,B,43100,600,
000055.SZ,000055,20251209,93050060,0,1940937,0,B,43100,400,
000055.SZ,000055,20251209,93050060,0,1940940,0,B,43100,200,
000055.SZ,000055,20251209,93050070,0,1940943,0,B,43100,300,
000055.SZ,000055,20251209,93050070,0,1940976,0,B,43100,600,
000055.SZ,000055,20251209,93050440,0,1945406,0,S,43300,12000,
000055.SZ,000055,20251209,93050870,0,1949843,0,B,43000,200,
000055.SZ,000055,20251209,93052960,0,1977838,0,S,43100,5600,
000055.SZ,000055,20251209,93053130,0,1979794,0,B,42800,4700,
000055.SZ,000055,20251209,93053610,0,1985440,0,B,41000,15000,
000055.SZ,000055,20251209,93054570,0,1996002,0,S,43100,400,
000055.SZ,000055,20251209,93054570,0,1996005,0,S,43100,100,
000055.SZ,000055,20251209,93054590,0,1996219,0,B,42800,500,
000055.SZ,000055,20251209,93055090,0,2002788,0,B,43000,100,
000055.SZ,000055,20251209,93058720,0,2043427,0,S,43200,700,
000055.SZ,000055,20251209,93059950,0,2055999,0,B,43000,100,
000055.SZ,000055,20251209,93100010,0,2056685,0,S,43000,1200,
000055.SZ,000055,20251209,93100010,0,2056695,0,S,43000,400,
000055.SZ,000055,20251209,93100130,0,2058609,0,B,43300,900,
000055.SZ,000055,20251209,93100570,0,2065714,0,B,43700,2000,
000055.SZ,000055,20251209,93101110,0,2075606,0,S,43200,7000,
000055.SZ,000055,20251209,93102760,0,2098055,0,S,43100,5800,
000055.SZ,000055,20251209,93102770,0,2098251,0,B,43000,800,
000055.SZ,000055,20251209,93103220,0,2103840,0,S,43000,800,
000055.SZ,000055,20251209,93103260,0,2104572,0,B,43100,200,
000055.SZ,000055,20251209,93106090,0,2143793,0,B,43000,100,
000055.SZ,000055,20251209,93106160,0,2144701,0,S,43100,100,
000055.SZ,000055,20251209,93106430,0,2148549,0,B,43000,3400,
000055.SZ,000055,20251209,93106730,0,2152666,0,S,47500,1000,
000055.SZ,000055,20251209,93107580,0,2165749,0,S,43400,12000,
000055.SZ,000055,20251209,93108580,0,2177901,0,S,43100,700,
000055.SZ,000055,20251209,93109000,0,2181953,0,S,43200,2200,
000055.SZ,000055,20251209,93109110,0,2183334,0,B,43000,100,
000055.SZ,000055,20251209,93109790,0,2191959,0,S,43100,4700,
000055.SZ,000055,20251209,93113110,0,2232152,0,S,47500,1000,
000055.SZ,000055,20251209,93114340,0,2246210,0,B,43000,100,
000055.SZ,000055,20251209,93116320,0,2269332,0,S,43100,300,
000055.SZ,000055,20251209,93117180,0,2279256,0,S,43100,231750,
000055.SZ,000055,20251209,93117200,0,2279368,0,S,43000,100,
000055.SZ,000055,20251209,93118010,0,2287256,0,S,43000,1600,
000055.SZ,000055,20251209,93118290,0,2290438,0,S,43000,200,
000055.SZ,000055,20251209,93118290,0,2290449,0,S,43000,1000,
000055.SZ,000055,20251209,93118290,0,2290466,0,S,43000,100,
000055.SZ,000055,20251209,93118290,0,2290469,0,S,43000,200,
000055.SZ,000055,20251209,93118290,0,2290471,0,S,43000,100,
000055.SZ,000055,20251209,93118300,0,2290483,0,S,43000,900,
000055.SZ,000055,20251209,93118300,0,2290486,0,S,43000,300,
000055.SZ,000055,20251209,93118300,0,2290512,0,S,43000,300,
000055.SZ,000055,20251209,93118300,0,2290549,0,S,43000,100,
000055.SZ,000055,20251209,93118300,0,2290570,0,S,43000,200,
000055.SZ,000055,20251209,93118300,0,2290576,0,S,43000,100,
000055.SZ,000055,20251209,93118300,0,2290593,0,S,43000,100,
000055.SZ,000055,20251209,93118310,0,2290630,0,S,43000,100,
000055.SZ,000055,20251209,93118310,0,2290661,0,S,43000,100,
000055.SZ,000055,20251209,93118310,0,2290666,0,S,43000,500,
000055.SZ,000055,20251209,93118310,0,2290717,0,S,43000,300,
000055.SZ,000055,20251209,93118310,0,2290738,0,S,43000,100,
000055.SZ,000055,20251209,93118320,0,2290759,0,S,43000,400,
000055.SZ,000055,20251209,93118400,0,2291594,0,S,43000,200,
000055.SZ,000055,20251209,93118400,0,2291610,0,S,43000,200,
000055.SZ,000055,20251209,93118400,0,2291662,0,S,43000,100,
000055.SZ,000055,20251209,93118400,0,2291671,0,S,43000,200,
000055.SZ,000055,20251209,93119010,0,2297867,0,S,43000,300,
000055.SZ,000055,20251209,93119010,0,2297869,0,S,43000,200,
000055.SZ,000055,20251209,93119710,0,2305653,0,S,43100,100,
000055.SZ,000055,20251209,93121270,0,2319659,0,B,43000,100,
000055.SZ,000055,20251209,93121440,0,2321706,0,S,43100,4000,
000055.SZ,000055,20251209,93123600,0,2345188,0,S,43000,7900,
000055.SZ,000055,20251209,93125000,0,2359407,0,B,38900,100,
000055.SZ,000055,20251209,93125000,0,2359408,0,B,38900,100,
000055.SZ,000055,20251209,93125000,0,2359409,0,B,38900,100,
000055.SZ,000055,20251209,93125000,0,2359410,0,B,38900,100,
000055.SZ,000055,20251209,93125000,0,2359411,0,B,38900,100,
000055.SZ,000055,20251209,93125000,0,2359412,0,B,38900,100,
000055.SZ,000055,20251209,93125000,0,2359413,0,B,38900,100,
000055.SZ,000055,20251209,93125000,0,2359414,0,B,38900,100,
000055.SZ,000055,20251209,93127800,0,2390564,0,S,43100,3000,
000055.SZ,000055,20251209,93128440,0,2398207,0,B,43000,10000,
000055.SZ,000055,20251209,93133290,0,2450017,0,S,43000,600,
000055.SZ,000055,20251209,93133710,0,2454508,0,S,47500,100,
000055.SZ,000055,20251209,93133980,0,2457079,0,B,43000,2900,
000055.SZ,000055,20251209,93135420,0,2472666,0,S,43100,100,
000055.SZ,000055,20251209,93137640,0,2497127,0,S,43000,100,
000055.SZ,000055,20251209,93137640,0,2497131,0,S,43000,400,
000055.SZ,000055,20251209,93137870,0,2499283,0,B,43000,5900,
000055.SZ,000055,20251209,93141820,0,2540798,0,B,43000,1000,
000055.SZ,000055,20251209,93144910,0,2573869,0,S,43000,100,
000055.SZ,000055,20251209,93145600,0,2582627,0,S,43000,200,
000055.SZ,000055,20251209,93147310,0,2601524,0,S,43100,100,
000055.SZ,000055,20251209,93150590,0,2636589,U,B,0,300,
000055.SZ,000055,20251209,93151040,0,2640304,0,B,43300,100,
000055.SZ,000055,20251209,93151050,0,2640437,0,S,43200,600,
000055.SZ,000055,20251209,93151490,0,2645499,0,S,47500,6000,
000055.SZ,000055,20251209,93154350,0,2675838,0,S,42900,4800,
000055.SZ,000055,20251209,93157250,0,2707164,0,S,43000,800,
000055.SZ,000055,20251209,93200040,0,2735448,0,S,43000,2300,
000055.SZ,000055,20251209,93200640,0,2744699,0,S,43100,3000,
000055.SZ,000055,20251209,93201000,0,2749972,0,S,43000,400,
000055.SZ,000055,20251209,93203250,0,2774297,0,B,43000,6200,
000055.SZ,000055,20251209,93203720,0,2780341,0,S,47500,1000,
000055.SZ,000055,20251209,93204580,0,2790257,0,S,42900,4700,
000055.SZ,000055,20251209,93204600,0,2790391,0,S,43000,2500,
000055.SZ,000055,20251209,93206550,0,2809637,0,B,43000,1500,
000055.SZ,000055,20251209,93206960,0,2813944,0,S,42600,100,
000055.SZ,000055,20251209,93209530,0,2839646,0,S,47500,2000,
000055.SZ,000055,20251209,93212260,0,2865530,0,S,43000,100,
000055.SZ,000055,20251209,93212280,0,2865712,0,S,42900,5800,
000055.SZ,000055,20251209,93212630,0,2869729,0,B,42800,700,
000055.SZ,000055,20251209,93212630,0,2869745,0,S,43200,700,
000055.SZ,000055,20251209,93212710,0,2870610,0,S,43100,600,
000055.SZ,000055,20251209,93212710,0,2870611,0,B,42900,600,
000055.SZ,000055,20251209,93213480,0,2880362,0,S,43100,700,
000055.SZ,000055,20251209,93213490,0,2880679,0,S,43000,300,
000055.SZ,000055,20251209,93213540,0,2881372,0,S,43000,800,
000055.SZ,000055,20251209,93214250,0,2891357,0,S,43000,100,
000055.SZ,000055,20251209,93214480,0,2894761,0,S,42900,7800,
000055.SZ,000055,20251209,93215200,0,2902862,0,S,43000,100,
000055.SZ,000055,20251209,93215760,0,2910400,0,S,43000,2100,
000055.SZ,000055,20251209,93218050,0,2935687,0,S,43000,200,
000055.SZ,000055,20251209,93218760,0,2943651,0,S,43000,2000,
000055.SZ,000055,20251209,93220350,0,2959249,0,S,43000,100,
000055.SZ,000055,20251209,93220360,0,2959323,0,S,43000,100,
000055.SZ,000055,20251209,93221160,0,2966776,0,S,43000,200,
000055.SZ,000055,20251209,93221270,0,2967888,0,S,43000,500,
000055.SZ,000055,20251209,93221270,0,2967892,0,B,43100,6200,
000055.SZ,000055,20251209,93221370,0,2968930,0,S,43000,200,
000055.SZ,000055,20251209,93221370,0,2968932,0,S,43000,200,
000055.SZ,000055,20251209,93221370,0,2968937,0,S,43000,400,
000055.SZ,000055,20251209,93221420,0,2969379,0,S,43000,300,
000055.SZ,000055,20251209,93221760,0,2972858,0,S,43000,4000,
000055.SZ,000055,20251209,93224590,0,2998672,0,B,43200,500,
000055.SZ,000055,20251209,93224610,0,2998825,0,S,43100,2100,
000055.SZ,000055,20251209,93225040,0,3002917,0,S,43100,100,
000055.SZ,000055,20251209,93225310,0,3005622,0,S,43100,500,
000055.SZ,000055,20251209,93228340,0,3032836,0,S,43300,12300,
000055.SZ,000055,20251209,93230150,0,3048487,0,S,43000,100,
000055.SZ,000055,20251209,93230160,0,3048583,0,S,43000,9600,
000055.SZ,000055,20251209,93230230,0,3049349,0,B,42900,4900,
000055.SZ,000055,20251209,93237690,0,3120394,0,B,39100,20000,
000055.SZ,000055,20251209,93238030,0,3123797,0,B,43000,900,
000055.SZ,000055,20251209,93241670,0,3155488,0,S,43000,2200,
000055.SZ,000055,20251209,93243080,0,3169563,0,S,47500,1500,
000055.SZ,000055,20251209,93244590,0,3182272,0,S,43600,5000,
000055.SZ,000055,20251209,93247990,0,3210370,0,B,43200,2500,
000055.SZ,000055,20251209,93248150,0,3211661,0,S,43100,100,
000055.SZ,000055,20251209,93250450,0,3231377,0,S,47500,1300,
000055.SZ,000055,20251209,93251050,0,3235658,0,S,43000,100,
000055.SZ,000055,20251209,93252300,0,3246845,0,S,43100,7500,
000055.SZ,000055,20251209,93253180,0,3254710,0,S,43000,5000,
000055.SZ,000055,20251209,93254670,0,3266916,0,S,47500,500,
000055.SZ,000055,20251209,93255800,0,3278167,0,S,43000,3000,
000055.SZ,000055,20251209,93255820,0,3278343,0,S,43000,1500,
000055.SZ,000055,20251209,93257180,0,3289091,0,S,43000,100,
000055.SZ,000055,20251209,93258110,0,3297269,0,S,47500,200,
000055.SZ,000055,20251209,93259930,0,3312318,0,B,43000,1200,
000055.SZ,000055,20251209,93304320,0,3355493,0,B,43000,600,
000055.SZ,000055,20251209,93306760,0,3378496,0,B,43000,800,
000055.SZ,000055,20251209,93307220,0,3383461,0,B,43000,500,
000055.SZ,000055,20251209,93307240,0,3383644,0,S,43100,500,
000055.SZ,000055,20251209,93307660,0,3388260,0,S,43100,100,
000055.SZ,000055,20251209,93309400,0,3403414,0,S,43100,100,
000055.SZ,000055,20251209,93309980,0,3409121,0,S,47500,200,
000055.SZ,000055,20251209,93315420,0,3458359,0,S,43100,7000,
000055.SZ,000055,20251209,93317010,0,3471984,0,B,43000,100,
000055.SZ,000055,20251209,93320470,0,3501941,0,S,43000,600,
000055.SZ,000055,20251209,93321600,0,3511191,0,S,43000,500,
000055.SZ,000055,20251209,93326380,0,3553143,0,B,43300,100,
000055.SZ,000055,20251209,93331040,0,3590905,0,S,47500,2000,
000055.SZ,000055,20251209,93331180,0,3592122,0,S,43000,100,
000055.SZ,000055,20251209,93333730,0,3614342,0,B,43000,300,
000055.SZ,000055,20251209,93336700,0,3637856,0,B,43000,300,
000055.SZ,000055,20251209,93337320,0,3644175,0,S,43100,100,
000055.SZ,000055,20251209,93343060,0,3698987,0,B,43000,5000,
000055.SZ,000055,20251209,93344320,0,3710257,0,B,43000,2500,
000055.SZ,000055,20251209,93348240,0,3745272,0,S,43000,7100,
000055.SZ,000055,20251209,93348340,0,3746163,0,B,43000,200,
000055.SZ,000055,20251209,93349980,0,3761294,0,B,43000,3400,
000055.SZ,000055,20251209,93349980,0,3761336,0,S,43000,37600,
000055.SZ,000055,20251209,93351330,0,3771789,0,B,42900,28500,
000055.SZ,000055,20251209,93351370,0,3772160,0,S,43000,100,
000055.SZ,000055,20251209,93351620,0,3774386,0,B,43200,400,
000055.SZ,000055,20251209,93351690,0,3775008,0,B,43000,100,
000055.SZ,000055,20251209,93351700,0,3775102,0,B,43000,600,
000055.SZ,000055,20251209,93356540,0,3814229,0,S,43400,3000,
000055.SZ,000055,20251209,93357730,0,3823583,0,S,43200,2500,
000055.SZ,000055,20251209,93358020,0,3825854,0,S,47500,300,
000055.SZ,000055,20251209,93358050,0,3826098,0,B,42300,8000,
000055.SZ,000055,20251209,93400150,0,3841920,0,B,43000,5000,
000055.SZ,000055,20251209,93400450,0,3844760,0,B,43000,10000,
000055.SZ,000055,20251209,93401560,0,3857432,0,S,43000,1000,
000055.SZ,000055,20251209,93401890,0,3860549,0,S,44900,7000,
000055.SZ,000055,20251209,93404910,0,3885648,0,S,42600,200,
000055.SZ,000055,20251209,93406400,0,3897374,0,B,42800,4400,
000055.SZ,000055,20251209,93408940,0,3918019,0,S,43500,1000,
000055.SZ,000055,20251209,93412100,0,3942436,0,B,42700,10000,
000055.SZ,000055,20251209,93415550,0,3969627,0,S,47500,2600,
000055.SZ,000055,20251209,93417380,0,3984725,0,S,43000,5000,
000055.SZ,000055,20251209,93418130,0,3989796,0,B,42500,5000,
000055.SZ,000055,20251209,93422270,0,4022112,0,B,42700,5000,
000055.SZ,000055,20251209,93423200,0,4030626,0,B,43000,100,
000055.SZ,000055,20251209,93425940,0,4051759,0,S,45000,2600,
000055.SZ,000055,20251209,93427700,0,4064479,0,S,43000,500,
000055.SZ,000055,20251209,93429470,0,4076547,0,S,44300,10000,
000055.SZ,000055,20251209,93430210,0,4081549,0,S,43100,100,
000055.SZ,000055,20251209,93433980,0,4111198,0,B,43000,3500,
000055.SZ,000055,20251209,93435060,0,4119864,0,S,43600,8600,
000055.SZ,000055,20251209,93435090,0,4120085,0,S,43000,3500,
000055.SZ,000055,20251209,93436180,0,4127335,0,S,43000,100,
000055.SZ,000055,20251209,93438980,0,4147990,0,B,43000,100,
000055.SZ,000055,20251209,93439260,0,4150150,0,S,43100,100,
000055.SZ,000055,20251209,93440000,0,4155611,0,B,42000,700,
000055.SZ,000055,20251209,93441470,0,4166637,0,S,45300,14000,
000055.SZ,000055,20251209,93444620,0,4192258,0,B,43000,6000,
000055.SZ,000055,20251209,93450620,0,4238576,0,B,42700,500,
000055.SZ,000055,20251209,93450660,0,4238893,0,S,43000,700,
000055.SZ,000055,20251209,93452120,0,4249843,0,S,43100,4000,
000055.SZ,000055,20251209,93453210,0,4258374,0,B,41600,300,
000055.SZ,000055,20251209,93454260,0,4265443,0,S,43100,100,
000055.SZ,000055,20251209,93454450,0,4266830,0,B,43000,5000,
000055.SZ,000055,20251209,93500470,0,4312938,0,B,43000,100,
000055.SZ,000055,20251209,93500540,0,4313781,0,B,42900,12000,
000055.SZ,000055,20251209,93500830,0,4317784,0,S,43100,700,
000055.SZ,000055,20251209,93500950,0,4318807,0,S,43100,3200,
000055.SZ,000055,20251209,93503170,0,4339533,0,B,43000,300,
000055.SZ,000055,20251209,93503510,0,4343555,0,S,47500,100,
000055.SZ,000055,20251209,93505060,0,4360205,0,B,43000,7600,
000055.SZ,000055,20251209,93505070,0,4360312,0,B,43000,700,
000055.SZ,000055,20251209,93506500,0,4375036,0,B,43000,400,
000055.SZ,000055,20251209,93506520,0,4375187,0,B,43000,100,
000055.SZ,000055,20251209,93508360,0,4394408,0,S,42900,4700,
000055.SZ,000055,20251209,93509180,0,4401810,0,B,43600,200,
000055.SZ,000055,20251209,93509200,0,4402019,0,S,43100,600,
000055.SZ,000055,20251209,93510700,0,4417821,0,B,43000,100,
000055.SZ,000055,20251209,93512960,0,4439305,0,S,43200,1100,
000055.SZ,000055,20251209,93513980,0,4449818,0,S,43000,2000,
000055.SZ,000055,20251209,93515290,0,4462960,0,B,43600,100,
000055.SZ,000055,20251209,93516970,0,4479847,0,S,47500,700,
000055.SZ,000055,20251209,93518400,0,4491447,0,B,41100,3800,
000055.SZ,000055,20251209,93521650,0,4516492,0,B,43000,12000,
000055.SZ,000055,20251209,93527000,0,4557721,0,B,43000,2200,
000055.SZ,000055,20251209,93527090,0,4558421,0,B,43000,2200,
000055.SZ,000055,20251209,93528050,0,4565942,0,B,43000,2300,
000055.SZ,000055,20251209,93528070,0,4566125,0,B,43000,100,
000055.SZ,000055,20251209,93528070,0,4566129,0,B,43000,100,
000055.SZ,000055,20251209,93528070,0,4566130,0,B,43000,100,
000055.SZ,000055,20251209,93529550,0,4578078,0,B,43000,100,
000055.SZ,000055,20251209,93530150,0,4581680,0,B,43100,100,
000055.SZ,000055,20251209,93531190,0,4589973,0,S,43000,600,
000055.SZ,000055,20251209,93533170,0,4606443,0,B,43600,100,
000055.SZ,000055,20251209,93533730,0,4611262,0,B,43000,10000,
000055.SZ,000055,20251209,93533830,0,4612254,0,B,42000,600,
000055.SZ,000055,20251209,93534410,0,4617158,0,S,45500,700,
000055.SZ,000055,20251209,93535960,0,4629728,0,S,43900,14100,
000055.SZ,000055,20251209,93539600,0,4662047,0,S,43000,2000,
000055.SZ,000055,20251209,93542220,0,4687841,0,B,43600,100,
000055.SZ,000055,20251209,93553370,0,4793512,0,S,43200,400,
000055.SZ,000055,20251209,93554310,0,4800703,0,B,43100,800,
000055.SZ,000055,20251209,93555160,0,4808467,0,B,43100,4900,
000055.SZ,000055,20251209,93557120,0,4823486,0,S,43000,5000,
000055.SZ,000055,20251209,93558220,0,4832761,0,B,42900,2000,
000055.SZ,000055,20251209,93559700,0,4846336,0,S,43000,600,
000055.SZ,000055,20251209,93601980,0,4874997,0,B,43000,3300,
000055.SZ,000055,20251209,93604930,0,4902758,0,S,43000,700,
000055.SZ,000055,20251209,93608080,0,4930007,0,B,42900,1000,
000055.SZ,000055,20251209,93616770,0,5012813,0,B,43000,100,
000055.SZ,000055,20251209,93617180,0,5016284,0,B,43000,200,
000055.SZ,000055,20251209,93617190,0,5016354,0,B,43100,40100,
000055.SZ,000055,20251209,93617190,0,5016557,0,B,43100,1300,
000055.SZ,000055,20251209,93617210,0,5016674,0,B,43000,400,
000055.SZ,000055,20251209,93617220,0,5016704,0,B,43100,1000,
000055.SZ,000055,20251209,93617230,0,5016837,0,B,43100,1400,
000055.SZ,000055,20251209,93617240,0,5017040,0,B,43100,100,
000055.SZ,000055,20251209,93617240,0,5017043,0,B,43100,100,
000055.SZ,000055,20251209,93617300,0,5017531,0,B,43100,100,
000055.SZ,000055,20251209,93618160,0,5023856,0,B,43100,700,
000055.SZ,000055,20251209,93618540,0,5027646,0,B,43000,100,
000055.SZ,000055,20251209,93618580,0,5028176,0,B,43000,100,
000055.SZ,000055,20251209,93618760,0,5029601,0,B,43000,100,
000055.SZ,000055,20251209,93618800,0,5030081,0,B,43000,700,
000055.SZ,000055,20251209,93618930,0,5030961,0,B,43000,100,
000055.SZ,000055,20251209,93619000,0,5031437,0,B,43000,100,
000055.SZ,000055,20251209,93619180,0,5033237,0,B,43000,100,
000055.SZ,000055,20251209,93619450,0,5037395,0,B,43000,100,
000055.SZ,000055,20251209,93619620,0,5039119,0,B,43000,100,
000055.SZ,000055,20251209,93624930,0,5080320,0,B,43000,30100,
000055.SZ,000055,20251209,93626710,0,5094693,0,S,43100,700,
000055.SZ,000055,20251209,93627250,0,5097825,0,B,43100,300,
000055.SZ,000055,20251209,93630680,0,5122357,0,B,43100,300,
000055.SZ,000055,20251209,93630710,0,5122530,0,B,43100,1600,
000055.SZ,000055,20251209,93631810,0,5131221,0,S,43100,1000,
000055.SZ,000055,20251209,93632550,0,5136686,0,S,43000,100,
000055.SZ,000055,20251209,93633650,0,5144502,0,S,43000,200,
000055.SZ,000055,20251209,93634530,0,5151231,0,S,47500,2000,
000055.SZ,000055,20251209,93635760,0,5159847,0,B,43000,100,
000055.SZ,000055,20251209,93636640,0,5166137,0,B,43000,8100,
000055.SZ,000055,20251209,93639350,0,5186097,0,S,43100,100,
000055.SZ,000055,20251209,93641900,0,5207322,0,S,43600,1000,
000055.SZ,000055,20251209,93651940,0,5281290,0,B,42500,8000,
000055.SZ,000055,20251209,93653230,0,5291462,0,B,42700,5000,
000055.SZ,000055,20251209,93654960,0,5303992,0,S,43000,7900,
000055.SZ,000055,20251209,93655340,0,5306964,0,B,42900,13600,
000055.SZ,000055,20251209,93655420,0,5307545,0,S,47300,1000,
000055.SZ,000055,20251209,93656680,0,5316852,0,S,43100,500,
000055.SZ,000055,20251209,93702810,0,5368669,0,S,43000,600,
000055.SZ,000055,20251209,93706000,0,5397050,0,B,43000,100,
000055.SZ,000055,20251209,93707360,0,5409811,0,S,43100,4700,
000055.SZ,000055,20251209,93707780,0,5413206,0,S,43100,100,
000055.SZ,000055,20251209,93708070,0,5415160,0,S,43000,10000,
000055.SZ,000055,20251209,93709150,0,5422271,0,S,43100,100,
000055.SZ,000055,20251209,93710950,0,5436882,0,B,43000,100,
000055.SZ,000055,20251209,93711020,0,5437393,0,B,43000,3400,
000055.SZ,000055,20251209,93715570,0,5474507,0,S,43100,5100,
000055.SZ,000055,20251209,93718150,0,5494374,0,S,43100,100,
000055.SZ,000055,20251209,93725780,0,5554257,0,S,47500,55000,
000055.SZ,000055,20251209,93727890,0,5568773,0,B,43100,200,
000055.SZ,000055,20251209,93729610,0,5581240,0,B,43000,100,
000055.SZ,000055,20251209,93738710,0,5646754,0,S,43500,500,
000055.SZ,000055,20251209,93739150,0,5649368,0,S,43100,100,
000055.SZ,000055,20251209,93739270,0,5650263,0,S,43100,100,
000055.SZ,000055,20251209,93742150,0,5670618,0,S,47500,500,
000055.SZ,000055,20251209,93743530,0,5683272,0,S,43300,3500,
000055.SZ,000055,20251209,93744000,0,5686771,0,B,43100,5000,
000055.SZ,000055,20251209,93744190,0,5688036,0,B,42900,600,
000055.SZ,000055,20251209,93751720,0,5744994,0,S,43000,700,
000055.SZ,000055,20251209,93801210,0,5815105,0,S,43000,200,
000055.SZ,000055,20251209,93805000,0,5848343,0,S,47500,500,
000055.SZ,000055,20251209,93807790,0,5869111,0,S,47400,1000,
000055.SZ,000055,20251209,93807840,0,5869438,0,S,43100,100,
000055.SZ,000055,20251209,93809150,0,5878657,0,S,43100,100,
000055.SZ,000055,20251209,93814220,0,5919879,0,B,42500,20000,
000055.SZ,000055,20251209,93815120,0,5925834,0,B,43000,200,
000055.SZ,000055,20251209,93818390,0,5952051,0,S,43000,15000,
000055.SZ,000055,20251209,93820340,0,5969023,0,S,43100,300,
000055.SZ,000055,20251209,93820360,0,5969215,0,S,42600,900,
000055.SZ,000055,20251209,93820410,0,5969590,0,S,43000,300,
000055.SZ,000055,20251209,93822200,0,5983051,0,S,43000,600,
000055.SZ,000055,20251209,93823710,0,5995106,0,S,43000,500,
000055.SZ,000055,20251209,93824250,0,5998280,0,S,43000,700,
000055.SZ,000055,20251209,93824250,0,5998356,0,S,43000,500,
000055.SZ,000055,20251209,93825540,0,6009473,0,S,43000,3500,
000055.SZ,000055,20251209,93826000,0,6012607,0,S,43000,500,
000055.SZ,000055,20251209,93827690,0,6023980,0,S,43900,7000,
000055.SZ,000055,20251209,93827700,0,6024004,0,S,43000,100,
000055.SZ,000055,20251209,93827700,0,6024009,0,S,43000,100,
000055.SZ,000055,20251209,93829270,0,6034811,0,S,43000,9000,
000055.SZ,000055,20251209,93829300,0,6035014,0,S,43000,6000,
000055.SZ,000055,20251209,93829310,0,6035037,0,B,43000,3000,
000055.SZ,000055,20251209,93829310,0,6035066,0,S,43000,1400,
000055.SZ,000055,20251209,93829310,0,6035068,0,B,42900,4600,
000055.SZ,000055,20251209,93829330,0,6035308,0,S,43000,100,
000055.SZ,000055,20251209,93829380,0,6035705,0,S,43000,1000,
000055.SZ,000055,20251209,93830020,0,6039510,0,S,43000,7200,
000055.SZ,000055,20251209,93831120,0,6047390,0,S,43000,100,
000055.SZ,000055,20251209,93831460,0,6049803,0,B,43000,5000,
000055.SZ,000055,20251209,93831500,0,6050148,0,S,43000,700,
000055.SZ,000055,20251209,93833440,0,6063587,0,B,42900,30000,
000055.SZ,000055,20251209,93835940,0,6081552,0,B,42900,3500,
000055.SZ,000055,20251209,93835970,0,6081681,0,B,42900,1600,
000055.SZ,000055,20251209,93836150,0,6082857,0,B,42900,400,
000055.SZ,000055,20251209,93836160,0,6082907,0,B,43000,100,
000055.SZ,000055,20251209,93836960,0,6088197,0,S,43000,1400,
000055.SZ,000055,20251209,93839160,0,6103248,0,S,43000,200,
000055.SZ,000055,20251209,93839760,0,6107118,0,S,43000,4000,
000055.SZ,000055,20251209,93839820,0,6107585,0,S,43000,100,
000055.SZ,000055,20251209,93840090,0,6109699,0,S,43000,600,
000055.SZ,000055,20251209,93840930,0,6115753,0,S,42900,4800,
000055.SZ,000055,20251209,93842420,0,6125734,0,B,42900,600,
000055.SZ,000055,20251209,93842670,0,6127482,0,S,43000,1000,
000055.SZ,000055,20251209,93842760,0,6128170,0,S,43000,4000,
000055.SZ,000055,20251209,93843150,0,6130798,0,S,43000,1000,
000055.SZ,000055,20251209,93845920,0,6151035,0,S,43000,200,
000055.SZ,000055,20251209,93845940,0,6151225,0,S,43000,100,
000055.SZ,000055,20251209,93845970,0,6151405,0,S,43000,3000,
000055.SZ,000055,20251209,93846380,0,6154168,0,S,43000,1000,
000055.SZ,000055,20251209,93848760,0,6169020,0,S,43000,1000,
000055.SZ,000055,20251209,93850240,0,6179949,0,B,42900,100,
000055.SZ,000055,20251209,93853960,0,6205140,0,S,43000,4800,
000055.SZ,000055,20251209,93854630,0,6209961,0,B,42900,20000,
000055.SZ,000055,20251209,93854710,0,6210545,0,S,46200,7100,
000055.SZ,000055,20251209,93855470,0,6215774,0,S,42900,2000,
000055.SZ,000055,20251209,93855520,0,6216209,0,B,43000,7900,
000055.SZ,000055,20251209,93856030,0,6219691,0,S,43000,600,
000055.SZ,000055,20251209,93856030,0,6219692,0,B,42800,600,
000055.SZ,000055,20251209,93858960,0,6240781,0,S,43000,5000,
000055.SZ,000055,20251209,93900500,0,6251721,0,S,43000,1200,
000055.SZ,000055,20251209,93900540,0,6252160,0,S,43000,5100,
000055.SZ,000055,20251209,93900750,0,6254091,0,S,43000,1000,
000055.SZ,000055,20251209,93901220,0,6258244,0,B,42500,10000,
000055.SZ,000055,20251209,93901360,0,6259336,0,S,43000,2000,
000055.SZ,000055,20251209,93902510,0,6269168,0,B,42800,700,
000055.SZ,000055,20251209,93906210,0,6296432,0,S,43200,28100,
000055.SZ,000055,20251209,93909150,0,6317393,0,S,43000,200,
000055.SZ,000055,20251209,93909150,0,6317399,0,S,43000,100,
000055.SZ,000055,20251209,93912480,0,6343499,0,S,42700,1000,
000055.SZ,000055,20251209,93914510,0,6358307,0,S,43000,700,
000055.SZ,000055,20251209,93914510,0,6358344,0,S,43000,100,
000055.SZ,000055,20251209,93919740,0,6395192,0,S,47500,1500,
000055.SZ,000055,20251209,93919880,0,6396014,0,S,43000,100,
000055.SZ,000055,20251209,93920810,0,6401499,0,B,42900,8000,
000055.SZ,000055,20251209,93921280,0,6404076,0,S,43000,7300,
000055.SZ,000055,20251209,93923970,0,6420776,0,S,42800,4700,
000055.SZ,000055,20251209,93925260,0,6428802,0,S,43000,300,
000055.SZ,000055,20251209,93925280,0,6428950,0,S,43000,700,
000055.SZ,000055,20251209,93925280,0,6428983,0,S,43000,2400,
000055.SZ,000055,20251209,93930940,0,6463249,0,S,43400,500,
000055.SZ,000055,20251209,93931770,0,6470231,0,S,43000,1500,
000055.SZ,000055,20251209,93933340,0,6480668,0,S,46800,100,
000055.SZ,000055,20251209,93934380,0,6488579,0,S,43000,100,
000055.SZ,000055,20251209,93936700,0,6502312,0,S,43000,700,
000055.SZ,000055,20251209,93937940,0,6510665,0,B,42900,3200,
000055.SZ,000055,20251209,93938420,0,6513668,0,S,43100,2700,
000055.SZ,000055,20251209,93938600,0,6514638,0,S,43000,1000,
000055.SZ,000055,20251209,93939260,0,6518382,0,S,43000,100,
000055.SZ,000055,20251209,93944660,0,6551720,0,S,43000,6900,
000055.SZ,000055,20251209,93945250,0,6554403,0,B,43100,1000,
000055.SZ,000055,20251209,93945280,0,6554605,0,S,42900,600,
000055.SZ,000055,20251209,93946510,0,6562190,0,S,43000,700,
000055.SZ,000055,20251209,93946520,0,6562258,0,S,43000,200,
000055.SZ,000055,20251209,93946970,0,6564854,0,S,44100,2000,
000055.SZ,000055,20251209,93949510,0,6580955,0,B,42800,500,
000055.SZ,000055,20251209,93953930,0,6608431,0,S,47500,1500,
000055.SZ,000055,20251209,93956480,0,6623361,0,S,42900,500,
000055.SZ,000055,20251209,93957170,0,6627552,0,B,42700,800,
000055.SZ,000055,20251209,93958190,0,6634864,0,S,42900,68400,
000055.SZ,000055,20251209,93958190,0,6634900,0,S,43000,6000,
000055.SZ,000055,20251209,93958220,0,6635073,0,S,43000,600,
000055.SZ,000055,20251209,94000270,0,6647142,0,S,42900,100,
000055.SZ,000055,20251209,94000750,0,6651665,0,B,42900,100,
000055.SZ,000055,20251209,94000940,0,6652951,0,S,43000,2200,
000055.SZ,000055,20251209,94001000,0,6653477,0,S,42900,1300,
000055.SZ,000055,20251209,94001050,0,6653873,0,S,42900,400,
000055.SZ,000055,20251209,94001060,0,6653882,0,S,42900,100,
000055.SZ,000055,20251209,94001290,0,6655320,0,S,42900,1900,
000055.SZ,000055,20251209,94001310,0,6655450,0,S,42900,4900,
000055.SZ,000055,20251209,94001310,0,6655479,0,S,42900,100,
000055.SZ,000055,20251209,94001310,0,6655481,0,S,42900,100,
000055.SZ,000055,20251209,94001400,0,6656123,0,S,42900,2000,
000055.SZ,000055,20251209,94003210,0,6667812,0,S,42900,100,
000055.SZ,000055,20251209,94003280,0,6668368,0,S,42900,300,
000055.SZ,000055,20251209,94003280,0,6668370,0,S,42900,300,
000055.SZ,000055,20251209,94003320,0,6668623,0,S,42900,1900,
000055.SZ,000055,20251209,94003400,0,6669271,0,B,42900,1200,
000055.SZ,000055,20251209,94003970,0,6673588,0,S,42900,1300,
000055.SZ,000055,20251209,94005000,0,6681449,0,S,42900,4000,
000055.SZ,000055,20251209,94005010,0,6681538,0,S,43000,100,
000055.SZ,000055,20251209,94005590,0,6686062,0,S,42900,10000,
000055.SZ,000055,20251209,94006000,0,6689447,0,S,42900,1000,
000055.SZ,000055,20251209,94006010,0,6689494,0,B,42800,2100,
000055.SZ,000055,20251209,94006020,0,6689620,0,S,43000,1900,
000055.SZ,000055,20251209,94006310,0,6691944,0,S,43000,300,
000055.SZ,000055,20251209,94006320,0,6692069,0,S,43000,4300,
000055.SZ,000055,20251209,94006320,0,6692077,0,S,43000,1100,
000055.SZ,000055,20251209,94006470,0,6693678,0,S,43000,2500,
000055.SZ,000055,20251209,94006470,0,6693684,0,S,43000,15900,
000055.SZ,000055,20251209,94006470,0,6693685,0,S,43000,700,
000055.SZ,000055,20251209,94006470,0,6693690,0,S,43000,200,
000055.SZ,000055,20251209,94006470,0,6693707,0,S,43000,2900,
000055.SZ,000055,20251209,94006570,0,6695176,0,S,42900,1200,
000055.SZ,000055,20251209,94006600,0,6695415,0,B,42800,6000,
000055.SZ,000055,20251209,94006630,0,6695581,0,S,42900,100,
000055.SZ,000055,20251209,94006790,0,6696850,0,S,43000,1100,
000055.SZ,000055,20251209,94006790,0,6696851,0,S,43000,400,
000055.SZ,000055,20251209,94006790,0,6696852,0,S,43000,400,
000055.SZ,000055,20251209,94006790,0,6696853,0,S,43000,1000,
000055.SZ,000055,20251209,94006930,0,6697972,0,S,43000,400,
000055.SZ,000055,20251209,94007730,0,6704625,0,S,42800,600,
000055.SZ,000055,20251209,94009370,0,6714891,0,B,42800,100,
000055.SZ,000055,20251209,94009470,0,6715539,0,S,45000,200,
000055.SZ,000055,20251209,94010340,0,6721389,0,S,42900,500,
000055.SZ,000055,20251209,94010520,0,6722993,0,B,42900,2600,
000055.SZ,000055,20251209,94010640,0,6723870,0,S,42900,1700,
000055.SZ,000055,20251209,94011040,0,6726296,0,S,42900,100,
000055.SZ,000055,20251209,94011250,0,6727794,0,S,42900,500,
000055.SZ,000055,20251209,94011330,0,6728195,0,S,42900,300,
000055.SZ,000055,20251209,94012490,0,6734671,0,B,42900,4600,
000055.SZ,000055,20251209,94012490,0,6734707,0,S,42900,3100,
000055.SZ,000055,20251209,94012750,0,6736403,0,S,42900,3000,
000055.SZ,000055,20251209,94013180,0,6739231,0,S,42900,300,
000055.SZ,000055,20251209,94013200,0,6739331,0,S,42900,100,
000055.SZ,000055,20251209,94013750,0,6742894,0,S,42900,1000,
000055.SZ,000055,20251209,94014090,0,6744870,0,S,42700,400,
000055.SZ,000055,20251209,94014530,0,6747409,0,S,42900,100,
000055.SZ,000055,20251209,94015760,0,6757513,0,S,42900,5000,
000055.SZ,000055,20251209,94015770,0,6757636,0,S,42900,1300,
000055.SZ,000055,20251209,94015880,0,6758633,0,S,42900,300,
000055.SZ,000055,20251209,94016110,0,6761059,0,S,42900,100,
000055.SZ,000055,20251209,94016580,0,6766536,0,S,42900,4300,
000055.SZ,000055,20251209,94016960,0,6770361,0,B,42800,3600,
000055.SZ,000055,20251209,94016990,0,6770579,0,B,42900,4300,
000055.SZ,000055,20251209,94017470,0,6774195,0,S,42900,2200,
000055.SZ,000055,20251209,94018320,0,6780058,0,S,42900,700,
000055.SZ,000055,20251209,94018470,0,6780977,0,S,42900,2100,
000055.SZ,000055,20251209,94018750,0,6783304,0,S,42900,1000,
000055.SZ,000055,20251209,94018790,0,6783554,0,S,42900,1200,
000055.SZ,000055,20251209,94018820,0,6783777,0,S,42900,500,
000055.SZ,000055,20251209,94019970,0,6792781,0,S,42900,100,
000055.SZ,000055,20251209,94021310,0,6801989,0,S,42900,700,
000055.SZ,000055,20251209,94023850,0,6820225,0,B,42800,3000,
000055.SZ,000055,20251209,94025550,0,6832263,0,S,42900,6100,
000055.SZ,000055,20251209,94026470,0,6837487,0,B,42800,200,
000055.SZ,000055,20251209,94027850,0,6846398,0,B,42700,13700,
000055.SZ,000055,20251209,94027970,0,6847268,0,S,42900,5000,
000055.SZ,000055,20251209,94028860,0,6853352,0,B,42800,20000,
000055.SZ,000055,20251209,94030380,0,6862381,0,S,43000,1000,
000055.SZ,000055,20251209,94031880,0,6874022,0,B,42800,700,
000055.SZ,000055,20251209,94032400,0,6877140,0,B,42800,100,
000055.SZ,000055,20251209,94032840,0,6879696,0,B,42800,100,
000055.SZ,000055,20251209,94033560,0,6884152,0,B,42800,100,
000055.SZ,000055,20251209,94036140,0,6900995,0,B,42700,2000,
000055.SZ,000055,20251209,94036470,0,6903258,0,B,42800,800,
000055.SZ,000055,20251209,94037550,0,6909831,0,S,42700,5100,
000055.SZ,000055,20251209,94039380,0,6919794,0,S,42900,100,
000055.SZ,000055,20251209,94039730,0,6921848,0,S,42900,700,
000055.SZ,000055,20251209,94042160,0,6936235,0,S,43000,200,
000055.SZ,000055,20251209,94042400,0,6938025,0,B,42700,1000,
000055.SZ,000055,20251209,94046060,0,6959687,0,S,43800,5000,
000055.SZ,000055,20251209,94047740,0,6969963,0,B,42600,2000,
000055.SZ,000055,20251209,94048220,0,6972239,0,B,42400,200,
000055.SZ,000055,20251209,94049680,0,6981939,0,S,42900,400,
000055.SZ,000055,20251209,94050110,0,6984744,0,B,42800,1000,
000055.SZ,000055,20251209,94103600,0,7072853,0,S,42800,600,
000055.SZ,000055,20251209,94106470,0,7092728,0,S,42900,1900,
000055.SZ,000055,20251209,94107850,0,7100957,0,S,42900,100,
000055.SZ,000055,20251209,94108800,0,7106546,0,S,47300,700,
000055.SZ,000055,20251209,94110170,0,7114668,0,B,42300,2000,
000055.SZ,000055,20251209,94111010,0,7119720,0,B,42900,5000,
000055.SZ,000055,20251209,94111960,0,7125053,0,B,43000,2500,
000055.SZ,000055,20251209,94112380,0,7127858,0,S,43000,12000,
000055.SZ,000055,20251209,94112390,0,7127900,0,B,42900,100,
000055.SZ,000055,20251209,94112390,0,7127914,0,B,42900,100,
000055.SZ,000055,20251209,94112400,0,7127945,0,B,42900,6800,
000055.SZ,000055,20251209,94112430,0,7128211,0,B,42800,400,
000055.SZ,000055,20251209,94113240,0,7133002,0,B,42900,800,
000055.SZ,000055,20251209,94113240,0,7133013,0,B,42900,4200,
000055.SZ,000055,20251209,94113250,0,7133032,0,B,42900,2600,
000055.SZ,000055,20251209,94113250,0,7133052,0,B,42900,100,
000055.SZ,000055,20251209,94113250,0,7133056,0,B,42900,100,
000055.SZ,000055,20251209,94113260,0,7133197,0,B,42900,100,
000055.SZ,000055,20251209,94116790,0,7155964,0,B,42500,1000,
000055.SZ,000055,20251209,94116800,0,7156019,0,B,42900,100,
000055.SZ,000055,20251209,94116800,0,7156023,0,B,42900,100,
000055.SZ,000055,20251209,94116800,0,7156026,0,B,42900,100,
000055.SZ,000055,20251209,94116800,0,7156030,0,B,42900,100,
000055.SZ,000055,20251209,94116800,0,7156032,0,B,42900,100,
000055.SZ,000055,20251209,94116800,0,7156036,0,B,42900,100,
000055.SZ,000055,20251209,94116800,0,7156038,0,B,42900,100,
000055.SZ,000055,20251209,94116800,0,7156049,0,B,42900,100,
000055.SZ,000055,20251209,94116800,0,7156077,0,B,42900,100,
000055.SZ,000055,20251209,94121370,0,7183239,0,B,42600,1000,
000055.SZ,000055,20251209,94121430,0,7183696,0,S,47500,1600,
000055.SZ,000055,20251209,94122750,0,7191225,0,S,42700,500,
000055.SZ,000055,20251209,94125660,0,7208069,0,S,43100,12000,
000055.SZ,000055,20251209,94125810,0,7208796,0,B,42800,800,
000055.SZ,000055,20251209,94128580,0,7223695,0,B,42800,5000,
000055.SZ,000055,20251209,94130960,0,7236616,0,S,42900,1400,
000055.SZ,000055,20251209,94131080,0,7237439,0,S,42900,100,
000055.SZ,000055,20251209,94132710,0,7247969,0,S,42800,5100,
000055.SZ,000055,20251209,94136790,0,7271467,0,B,42800,100,
000055.SZ,000055,20251209,94136840,0,7271732,0,S,42800,2700,
000055.SZ,000055,20251209,94137350,0,7274635,0,S,43000,1500,
000055.SZ,000055,20251209,94139260,0,7285148,0,S,42900,100,
000055.SZ,000055,20251209,94139750,0,7287898,0,S,42900,1000,
000055.SZ,000055,20251209,94140350,0,7291433,0,S,42900,1000,
000055.SZ,000055,20251209,94140910,0,7294555,0,B,42800,27100,
000055.SZ,000055,20251209,94141200,0,7296021,0,B,42600,6000,
000055.SZ,000055,20251209,94141950,0,7299510,0,B,43000,3600,
000055.SZ,000055,20251209,94145360,0,7319867,0,S,42900,1000,
000055.SZ,000055,20251209,94145400,0,7320090,0,S,43100,7800,
000055.SZ,000055,20251209,94145700,0,7321719,0,S,42900,700,
000055.SZ,000055,20251209,94146260,0,7324930,0,B,42800,6000,
000055.SZ,000055,20251209,94146750,0,7328808,0,S,42900,1000,
000055.SZ,000055,20251209,94149410,0,7344170,0,B,42800,100,
000055.SZ,000055,20251209,94152730,0,7362970,0,S,42800,500,
000055.SZ,000055,20251209,94154870,0,7374720,0,S,42900,100,
000055.SZ,000055,20251209,94157580,0,7389416,0,S,42900,1200,
000055.SZ,000055,20251209,94157660,0,7389891,0,S,42900,1000,
000055.SZ,000055,20251209,94158350,0,7393785,0,S,42900,2000,
000055.SZ,000055,20251209,94158360,0,7393847,0,B,42500,2000,
000055.SZ,000055,20251209,94201880,0,7414712,0,B,42800,500,
000055.SZ,000055,20251209,94206920,0,7444738,0,S,42900,100,
000055.SZ,000055,20251209,94207530,0,7448737,0,S,45900,2000,
000055.SZ,000055,20251209,94208210,0,7452560,0,B,41800,4000,
000055.SZ,000055,20251209,94211200,0,7469881,0,B,42300,300,
000055.SZ,000055,20251209,94213030,0,7479176,0,B,42600,10000,
000055.SZ,000055,20251209,94217010,0,7503486,0,S,42800,600,
000055.SZ,000055,20251209,94217100,0,7504192,0,S,42900,100,
000055.SZ,000055,20251209,94217410,0,7505989,0,S,42800,1000,
000055.SZ,000055,20251209,94220970,0,7525080,0,S,42700,4100,
000055.SZ,000055,20251209,94221480,0,7528069,0,B,42800,10000,
000055.SZ,000055,20251209,94225480,0,7551066,0,B,42900,700,
000055.SZ,000055,20251209,94233910,0,7594854,0,B,42800,100,
000055.SZ,000055,20251209,94236600,0,7608961,0,B,42800,4000,
000055.SZ,000055,20251209,94236790,0,7609932,0,S,42900,1300,
000055.SZ,000055,20251209,94239370,0,7623421,0,S,42900,100,
000055.SZ,000055,20251209,94241380,0,7634172,0,B,42900,5000,
000055.SZ,000055,20251209,94241410,0,7634307,0,B,42900,100,
000055.SZ,000055,20251209,94241410,0,7634315,0,B,42900,100,
000055.SZ,000055,20251209,94241420,0,7634343,0,B,42900,100,
000055.SZ,000055,20251209,94241430,0,7634404,0,B,42900,100,
000055.SZ,000055,20251209,94241440,0,7634421,0,B,42900,100,
000055.SZ,000055,20251209,94242070,0,7637128,0,B,42700,500,
000055.SZ,000055,20251209,94249340,0,7679705,0,B,42600,4000,
000055.SZ,000055,20251209,94251010,0,7687886,0,S,42900,2200,
000055.SZ,000055,20251209,94254240,0,7703581,0,B,42700,3000,
000055.SZ,000055,20251209,94256070,0,7712848,0,S,47300,5000,
000055.SZ,000055,20251209,94257190,0,7717482,0,S,42900,1300,
000055.SZ,000055,20251209,94259190,0,7727608,0,B,42000,500,
000055.SZ,000055,20251209,94300310,0,7732637,0,B,42800,200,
000055.SZ,000055,20251209,94307820,0,7778220,0,B,42900,15000,
000055.SZ,000055,20251209,94307820,0,7778243,0,S,42900,100,
000055.SZ,000055,20251209,94307830,0,7778260,0,B,42900,100,
000055.SZ,000055,20251209,94307830,0,7778265,0,B,42900,100,
000055.SZ,000055,20251209,94307920,0,7778814,0,S,42900,100,
000055.SZ,000055,20251209,94309150,0,7784901,0,S,42900,500,
000055.SZ,000055,20251209,94313230,0,7805553,0,S,42900,200,
000055.SZ,000055,20251209,94313240,0,7805654,0,S,42900,300,
000055.SZ,000055,20251209,94315240,0,7815310,0,B,42900,100,
000055.SZ,000055,20251209,94319010,0,7834363,0,B,42800,100,
000055.SZ,000055,20251209,94321170,0,7845349,0,B,42800,100,
000055.SZ,000055,20251209,94321540,0,7847667,0,B,42800,100,
000055.SZ,000055,20251209,94322050,0,7850389,0,S,42900,100,
000055.SZ,000055,20251209,94322660,0,7853617,0,B,42800,200,
000055.SZ,000055,20251209,94323840,0,7859494,0,B,42800,10000,
000055.SZ,000055,20251209,94328430,0,7882210,0,B,42900,6500,
000055.SZ,000055,20251209,94328430,0,7882230,0,S,42900,100,
000055.SZ,000055,20251209,94328460,0,7882402,0,B,42900,200,
000055.SZ,000055,20251209,94329450,0,7887314,0,B,42900,2100,
000055.SZ,000055,20251209,94330160,0,7890428,0,S,43000,100,
000055.SZ,000055,20251209,94330370,0,7891556,0,S,43100,1700,
000055.SZ,000055,20251209,94330750,0,7893458,0,B,42900,200,
000055.SZ,000055,20251209,94330760,0,7893554,0,S,42100,4600,
000055.SZ,000055,20251209,94330800,0,7893721,0,S,43000,400,
000055.SZ,000055,20251209,94330800,0,7893723,0,S,43000,1100,
000055.SZ,000055,20251209,94330800,0,7893724,0,S,43000,1000,
000055.SZ,000055,20251209,94330800,0,7893725,0,S,43000,400,
000055.SZ,000055,20251209,94330940,0,7894395,0,S,43000,400,
000055.SZ,000055,20251209,94330980,0,7894670,0,S,43000,500,
000055.SZ,000055,20251209,94331320,0,7896320,0,S,43000,200,
000055.SZ,000055,20251209,94331320,0,7896321,0,S,43000,300,
000055.SZ,000055,20251209,94331330,0,7896613,0,S,43000,1100,
000055.SZ,000055,20251209,94331330,0,7896616,0,S,43000,2900,
000055.SZ,000055,20251209,94331480,0,7897360,0,S,43000,200,
000055.SZ,000055,20251209,94331480,0,7897370,0,S,43000,700,
000055.SZ,000055,20251209,94331480,0,7897373,0,S,43000,2900,
000055.SZ,000055,20251209,94331480,0,7897374,0,S,43000,2500,
000055.SZ,000055,20251209,94332270,0,7901077,0,S,42900,300,
000055.SZ,000055,20251209,94332380,0,7901578,0,S,42900,100,
000055.SZ,000055,20251209,94332500,0,7902009,0,S,43000,100,
000055.SZ,000055,20251209,94332550,0,7902182,0,S,43000,100,
000055.SZ,000055,20251209,94332770,0,7903125,0,S,43000,100,
000055.SZ,000055,20251209,94333290,0,7905773,0,S,42900,5000,
000055.SZ,000055,20251209,94333340,0,7906134,0,B,42800,1600,
000055.SZ,000055,20251209,94334840,0,7914069,0,S,42900,300,
000055.SZ,000055,20251209,94334900,0,7914310,0,B,42800,1000,
000055.SZ,000055,20251209,94336390,0,7921022,0,S,42900,100,
000055.SZ,000055,20251209,94344230,0,7958544,0,S,42800,100,
000055.SZ,000055,20251209,94345520,0,7964107,0,S,42800,200,
000055.SZ,000055,20251209,94345780,0,7965318,0,S,42900,600,
000055.SZ,000055,20251209,94347960,0,7975266,0,B,43000,3600,
000055.SZ,000055,20251209,94350820,0,7988713,0,B,42700,1000,
000055.SZ,000055,20251209,94351490,0,7992225,0,S,43300,17500,
000055.SZ,000055,20251209,94353630,0,8004002,0,S,43500,1000,
000055.SZ,000055,20251209,94357570,0,8022928,0,S,42900,1200,
000055.SZ,000055,20251209,94357870,0,8024579,0,B,42600,5000,
000055.SZ,000055,20251209,94359360,0,8031713,0,B,42900,6500,
000055.SZ,000055,20251209,94400740,0,8039200,0,B,42900,500,
000055.SZ,000055,20251209,94400940,0,8040650,0,S,43000,400,
000055.SZ,000055,20251209,94400990,0,8041014,0,S,43000,500,
000055.SZ,000055,20251209,94401130,0,8041955,0,B,42900,100,
000055.SZ,000055,20251209,94401320,0,8043326,0,S,43000,300,
000055.SZ,000055,20251209,94401320,0,8043331,0,S,43000,200,
000055.SZ,000055,20251209,94401340,0,8043497,0,S,43000,1100,
000055.SZ,000055,20251209,94401340,0,8043506,0,S,43000,2900,
000055.SZ,000055,20251209,94401490,0,8044525,0,S,43000,2500,
000055.SZ,000055,20251209,94401490,0,8044532,0,S,43000,200,
000055.SZ,000055,20251209,94401490,0,8044533,0,S,43000,700,
000055.SZ,000055,20251209,94401490,0,8044534,0,S,43000,9700,
000055.SZ,000055,20251209,94401490,0,8044545,0,S,43000,2900,
000055.SZ,000055,20251209,94401500,0,8044648,0,S,43000,100,
000055.SZ,000055,20251209,94401550,0,8045043,0,S,43000,100,
000055.SZ,000055,20251209,94401780,0,8047098,0,S,43000,100,
000055.SZ,000055,20251209,94401800,0,8047285,0,S,43000,1100,
000055.SZ,000055,20251209,94401800,0,8047286,0,S,43000,400,
000055.SZ,000055,20251209,94401800,0,8047287,0,S,43000,1000,
000055.SZ,000055,20251209,94401800,0,8047289,0,S,43000,400,
000055.SZ,000055,20251209,94403580,0,8058372,0,B,42900,500,
000055.SZ,000055,20251209,94405670,0,8070269,0,B,42800,800,
000055.SZ,000055,20251209,94406030,0,8071753,0,B,42600,800,
000055.SZ,000055,20251209,94406330,0,8073693,0,B,42600,5000,
000055.SZ,000055,20251209,94406710,0,8075597,0,B,41200,500,
000055.SZ,000055,20251209,94407430,0,8079936,0,B,42500,1000,
000055.SZ,000055,20251209,94408030,0,8083011,0,B,42600,5000,
000055.SZ,000055,20251209,94408040,0,8083120,0,B,42800,500,
000055.SZ,000055,20251209,94408540,0,8086214,0,S,43000,50000,
000055.SZ,000055,20251209,94412020,0,8103468,0,S,43100,300,
000055.SZ,000055,20251209,94416760,0,8128231,0,S,42900,600,
000055.SZ,000055,20251209,94418460,0,8137484,0,B,42900,13000,
000055.SZ,000055,20251209,94421540,0,8153322,0,S,43000,800,
000055.SZ,000055,20251209,94425130,0,8169976,0,B,42800,5000,
000055.SZ,000055,20251209,94425390,0,8171331,0,B,42700,2000,
000055.SZ,000055,20251209,94426110,0,8174415,0,B,42900,2000,
000055.SZ,000055,20251209,94427890,0,8182697,0,B,42800,2000,
000055.SZ,000055,20251209,94430120,0,8192843,0,B,43000,4000,
000055.SZ,000055,20251209,94432720,0,8208114,0,S,47400,300,
000055.SZ,000055,20251209,94439920,0,8243870,0,B,42900,400,
000055.SZ,000055,20251209,94443100,0,8258920,0,B,42500,3000,
000055.SZ,000055,20251209,94446370,0,8272890,0,S,43000,11100,
000055.SZ,000055,20251209,94451040,0,8291974,0,B,42900,13600,
000055.SZ,000055,20251209,94457810,0,8321400,0,B,42500,1000,
000055.SZ,000055,20251209,94500660,0,8336024,0,S,43000,1900,
000055.SZ,000055,20251209,94504490,0,8358269,0,B,42800,1100,
000055.SZ,000055,20251209,94511720,0,8401768,0,S,42900,600,
000055.SZ,000055,20251209,94515010,0,8421210,0,B,42900,800,
000055.SZ,000055,20251209,94515220,0,8422559,0,B,42900,200,
000055.SZ,000055,20251209,94515550,0,8425040,0,B,42900,1000,
000055.SZ,000055,20251209,94516010,0,8428321,0,B,42900,800,
000055.SZ,000055,20251209,94516160,0,8429737,0,B,42900,300,
000055.SZ,000055,20251209,94516170,0,8429792,0,B,42900,900,
000055.SZ,000055,20251209,94516170,0,8429797,0,B,42900,1000,
000055.SZ,000055,20251209,94516170,0,8429798,0,B,42900,200,
000055.SZ,000055,20251209,94516350,0,8431372,0,B,42900,800,
000055.SZ,000055,20251209,94516700,0,8434569,0,B,42900,800,
000055.SZ,000055,20251209,94516700,0,8434613,0,B,42900,600,
000055.SZ,000055,20251209,94517100,0,8437578,0,B,42900,5000,
000055.SZ,000055,20251209,94517210,0,8438176,0,B,42900,600,
000055.SZ,000055,20251209,94517320,0,8439034,0,B,42900,500,
000055.SZ,000055,20251209,94518190,0,8445345,0,B,42900,100,
000055.SZ,000055,20251209,94518190,0,8445348,0,B,42900,100,
000055.SZ,000055,20251209,94518190,0,8445349,0,B,42900,100,
000055.SZ,000055,20251209,94518210,0,8445497,0,B,42900,100,
000055.SZ,000055,20251209,94518240,0,8445769,0,B,42900,100,
000055.SZ,000055,20251209,94519370,0,8455819,0,B,42700,1000,
000055.SZ,000055,20251209,94519380,0,8455996,0,B,42900,100,
000055.SZ,000055,20251209,94519390,0,8456026,0,B,42900,100,
000055.SZ,000055,20251209,94519390,0,8456030,0,B,42900,100,
000055.SZ,000055,20251209,94519390,0,8456041,0,B,42900,100,
000055.SZ,000055,20251209,94519390,0,8456043,0,B,42900,100,
000055.SZ,000055,20251209,94519390,0,8456052,0,B,42900,100,
000055.SZ,000055,20251209,94519390,0,8456098,0,B,42900,100,
000055.SZ,000055,20251209,94519400,0,8456185,0,B,42900,100,
000055.SZ,000055,20251209,94519400,0,8456213,0,B,42900,100,
000055.SZ,000055,20251209,94521610,0,8469421,0,S,42800,2300,
000055.SZ,000055,20251209,94526620,0,8495759,0,S,43000,100,
000055.SZ,000055,20251209,94532210,0,8525057,0,S,47500,300,
000055.SZ,000055,20251209,94533470,0,8531480,0,B,42600,1000,
000055.SZ,000055,20251209,94542030,0,8576407,0,S,44000,2000,
000055.SZ,000055,20251209,94543560,0,8584206,0,S,43000,400,
000055.SZ,000055,20251209,94548650,0,8608679,0,S,42900,1900,
000055.SZ,000055,20251209,94549230,0,8611577,0,B,42900,800,
000055.SZ,000055,20251209,94549630,0,8614389,0,B,42500,1000,
000055.SZ,000055,20251209,94553070,0,8631309,0,B,42900,100,
000055.SZ,000055,20251209,94554150,0,8636240,0,S,43000,1600,
000055.SZ,000055,20251209,94554750,0,8640161,0,B,42700,100,
000055.SZ,000055,20251209,94554920,0,8641151,0,S,43000,5200,
000055.SZ,000055,20251209,94559810,0,8667331,0,S,42900,400,
000055.SZ,000055,20251209,94601990,0,8680617,0,B,42400,1000,
000055.SZ,000055,20251209,94604100,0,8693097,0,B,43100,1000,
000055.SZ,000055,20251209,94607500,0,8714802,0,S,43000,2200,
000055.SZ,000055,20251209,94607950,0,8717323,0,S,43000,100,
000055.SZ,000055,20251209,94608810,0,8721783,0,S,42900,500,
000055.SZ,000055,20251209,94608810,0,8721785,0,S,42900,100,
000055.SZ,000055,20251209,94609460,0,8725959,0,S,42900,200,
000055.SZ,000055,20251209,94610070,0,8729443,0,S,42900,100,
000055.SZ,000055,20251209,94610620,0,8733281,0,S,43000,300,
000055.SZ,000055,20251209,94611410,0,8737394,0,S,42900,100,
000055.SZ,000055,20251209,94611420,0,8737409,0,S,42900,200,
000055.SZ,000055,20251209,94611800,0,8738876,0,S,42900,600,
000055.SZ,000055,20251209,94614310,0,8752033,0,S,42900,4600,
000055.SZ,000055,20251209,94614320,0,8752051,0,B,42900,100,
000055.SZ,000055,20251209,94614320,0,8752053,0,S,42900,200,
000055.SZ,000055,20251209,94614990,0,8754558,0,S,42900,100,
000055.SZ,000055,20251209,94615130,0,8755127,0,S,44700,5700,
000055.SZ,000055,20251209,94615250,0,8755688,0,S,43000,1900,
000055.SZ,000055,20251209,94615370,0,8756313,0,S,42900,100,
000055.SZ,000055,20251209,94615990,0,8759557,0,S,42900,200,
000055.SZ,000055,20251209,94616340,0,8761409,0,S,42900,100,
000055.SZ,000055,20251209,94616360,0,8761505,0,S,42900,100,
000055.SZ,000055,20251209,94617300,0,8765493,0,S,42900,100,
000055.SZ,000055,20251209,94617310,0,8765507,0,S,42900,200,
000055.SZ,000055,20251209,94617320,0,8765547,0,S,42900,100,
000055.SZ,000055,20251209,94617320,0,8765565,0,S,42900,100,
000055.SZ,000055,20251209,94617990,0,8768340,0,S,42900,200,
000055.SZ,000055,20251209,94619260,0,8774616,0,S,42900,100,
000055.SZ,000055,20251209,94619290,0,8774742,0,B,42900,100,
000055.SZ,000055,20251209,94619290,0,8774743,0,B,42900,100,
000055.SZ,000055,20251209,94619290,0,8774747,0,B,42900,100,
000055.SZ,000055,20251209,94619610,0,8776321,0,B,42900,100,
000055.SZ,000055,20251209,94619610,0,8776350,0,S,43000,100,
000055.SZ,000055,20251209,94619810,0,8777141,0,S,42900,300,
000055.SZ,000055,20251209,94619990,0,8777895,0,S,42900,100,
000055.SZ,000055,20251209,94620020,0,8778027,0,B,42900,100,
000055.SZ,000055,20251209,94620020,0,8778029,0,B,42900,100,
000055.SZ,000055,20251209,94620020,0,8778044,0,B,42900,100,
000055.SZ,000055,20251209,94620070,0,8778244,0,B,42900,100,
000055.SZ,000055,20251209,94620810,0,8781636,0,S,42900,200,
000055.SZ,000055,20251209,94621040,0,8782557,0,S,42900,100,
000055.SZ,000055,20251209,94621610,0,8785169,0,S,43000,300,
000055.SZ,000055,20251209,94621620,0,8785212,0,S,45500,500,
000055.SZ,000055,20251209,94621890,0,8786551,0,S,43000,200,
000055.SZ,000055,20251209,94622810,0,8791125,0,S,42900,400,
000055.SZ,000055,20251209,94624340,0,8798003,0,S,43000,100,
000055.SZ,000055,20251209,94624560,0,8799164,0,S,43000,100,
000055.SZ,000055,20251209,94624660,0,8799756,0,S,42900,700,
000055.SZ,000055,20251209,94624810,0,8800673,0,S,42900,100,
000055.SZ,000055,20251209,94624810,0,8800675,0,S,42900,200,
000055.SZ,000055,20251209,94625000,0,8801610,0,S,42900,300,
000055.SZ,000055,20251209,94625920,0,8806815,0,S,43000,200,
000055.SZ,000055,20251209,94626060,0,8807424,0,S,42900,400,
000055.SZ,000055,20251209,94626070,0,8807499,0,S,42900,1200,
000055.SZ,000055,20251209,94627200,0,8812210,0,S,42900,1500,
000055.SZ,000055,20251209,94627230,0,8812412,0,B,42900,100,
000055.SZ,000055,20251209,94627610,0,8814559,0,S,43000,100,
000055.SZ,000055,20251209,94627790,0,8815398,0,S,42900,1200,
000055.SZ,000055,20251209,94628080,0,8816732,0,S,42900,1600,
000055.SZ,000055,20251209,94628280,0,8817895,0,S,42900,500,
000055.SZ,000055,20251209,94628320,0,8818109,0,S,42900,4900,
000055.SZ,000055,20251209,94628630,0,8819648,0,S,43000,700,
000055.SZ,000055,20251209,94628680,0,8819966,0,S,42900,900,
000055.SZ,000055,20251209,94630140,0,8826843,0,S,42900,300,
000055.SZ,000055,20251209,94630170,0,8826964,0,B,42900,600,
000055.SZ,000055,20251209,94630270,0,8827513,0,S,42900,200,
000055.SZ,000055,20251209,94631170,0,8831693,0,S,43900,300,
000055.SZ,000055,20251209,94632990,0,8840869,0,S,42900,200,
000055.SZ,000055,20251209,94633670,0,8844199,0,S,43000,200,
000055.SZ,000055,20251209,94633820,0,8845076,0,S,43000,1300,
000055.SZ,000055,20251209,94633820,0,8845078,0,S,43000,200,
000055.SZ,000055,20251209,94634600,0,8849377,0,S,43000,200,
000055.SZ,000055,20251209,94634990,0,8851415,0,S,42900,1700,
000055.SZ,000055,20251209,94635310,0,8853153,0,S,42900,2500,
000055.SZ,000055,20251209,94636480,0,8859042,0,S,43000,1300,
000055.SZ,000055,20251209,94636540,0,8859359,0,S,43000,600,
000055.SZ,000055,20251209,94636620,0,8859687,0,S,43000,200,
000055.SZ,000055,20251209,94636740,0,8860249,0,S,43000,100,
000055.SZ,000055,20251209,94636790,0,8860431,0,S,43000,100,
000055.SZ,000055,20251209,94636830,0,8860647,0,S,43000,200,
000055.SZ,000055,20251209,94639200,0,8871803,0,S,43000,200,
000055.SZ,000055,20251209,94639280,0,8872136,0,S,42900,100,
000055.SZ,000055,20251209,94639810,0,8874680,0,S,43000,300,
000055.SZ,000055,20251209,94639860,0,8874840,0,S,43000,1200,
000055.SZ,000055,20251209,94640000,0,8875691,0,S,43100,5000,
000055.SZ,000055,20251209,94640130,0,8876465,0,S,43000,100,
000055.SZ,000055,20251209,94641300,0,8881680,0,S,42900,2100,
000055.SZ,000055,20251209,94642440,0,8886567,0,S,43000,500,
000055.SZ,000055,20251209,94643340,0,8891122,0,S,43000,100,
000055.SZ,000055,20251209,94645160,0,8899894,0,B,42600,100,
000055.SZ,000055,20251209,94645480,0,8901197,0,S,43000,200,
000055.SZ,000055,20251209,94647220,0,8909560,0,S,43000,100,
000055.SZ,000055,20251209,94647320,0,8910276,0,S,43000,1500,
000055.SZ,000055,20251209,94647490,0,8911540,0,S,43000,100,
000055.SZ,000055,20251209,94648500,0,8916102,0,S,43000,100,
000055.SZ,000055,20251209,94648960,0,8918462,0,S,43000,800,
000055.SZ,000055,20251209,94650080,0,8923974,0,B,42900,200,
000055.SZ,000055,20251209,94651340,0,8930000,0,S,43000,100,
000055.SZ,000055,20251209,94652520,0,8936324,0,S,42900,3200,
000055.SZ,000055,20251209,94653610,0,8941909,0,S,43000,1500,
000055.SZ,000055,20251209,94659940,0,8971382,0,S,43000,200,
000055.SZ,000055,20251209,94659950,0,8971402,0,S,42900,100,
000055.SZ,000055,20251209,94700000,0,8971607,0,S,42900,300,
000055.SZ,000055,20251209,94706740,0,9010746,0,S,42900,500,
000055.SZ,000055,20251209,94706750,0,9010779,0,B,42900,100,
000055.SZ,000055,20251209,94706750,0,9010780,0,B,42900,100,
000055.SZ,000055,20251209,94706750,0,9010781,0,B,42900,100,
000055.SZ,000055,20251209,94706770,0,9010867,0,B,42900,100,
000055.SZ,000055,20251209,94707010,0,9012086,0,S,43000,300,
000055.SZ,000055,20251209,94712590,0,9039573,0,B,42900,20000,
000055.SZ,000055,20251209,94715170,0,9051347,0,B,42900,1000,
000055.SZ,000055,20251209,94715170,0,9051352,0,B,42900,300,
000055.SZ,000055,20251209,94715170,0,9051353,0,B,42900,500,
000055.SZ,000055,20251209,94715170,0,9051355,0,B,42900,1000,
000055.SZ,000055,20251209,94715170,0,9051356,0,B,42900,300,
000055.SZ,000055,20251209,94715170,0,9051357,0,B,42900,700,
000055.SZ,000055,20251209,94715180,0,9051372,0,B,42900,1100,
000055.SZ,000055,20251209,94715180,0,9051404,0,B,42900,1000,
000055.SZ,000055,20251209,94715180,0,9051405,0,B,42900,1100,
000055.SZ,000055,20251209,94715180,0,9051408,0,B,42900,300,
000055.SZ,000055,20251209,94716440,0,9057537,0,B,43000,200,
000055.SZ,000055,20251209,94718110,0,9064341,0,B,42700,100,
000055.SZ,000055,20251209,94719100,0,9069593,0,S,43100,1000,
000055.SZ,000055,20251209,94732520,0,9132611,0,B,42900,200,
000055.SZ,000055,20251209,94733430,0,9136984,0,B,42900,300,
000055.SZ,000055,20251209,94733470,0,9137292,0,B,42900,100,
000055.SZ,000055,20251209,94733480,0,9137330,0,B,42900,500,
000055.SZ,000055,20251209,94734010,0,9140207,0,B,42900,100,
000055.SZ,000055,20251209,94734010,0,9140211,0,B,42900,100,
000055.SZ,000055,20251209,94734090,0,9140717,0,B,42900,5200,
000055.SZ,000055,20251209,94734410,0,9142658,0,B,42900,100,
000055.SZ,000055,20251209,94734420,0,9142728,0,B,42900,200,
000055.SZ,000055,20251209,94735290,0,9147484,0,B,42900,100,
000055.SZ,000055,20251209,94735640,0,9148935,0,B,42900,200,
000055.SZ,000055,20251209,94736320,0,9151827,0,B,42900,200,
000055.SZ,000055,20251209,94737510,0,9158268,0,S,42900,5000,
000055.SZ,000055,20251209,94738320,0,9162078,0,B,42900,100,
000055.SZ,000055,20251209,94738410,0,9162369,0,B,42900,200,
000055.SZ,000055,20251209,94739670,0,9167503,0,B,42900,1100,
000055.SZ,000055,20251209,94739760,0,9167947,0,B,42900,8100,
000055.SZ,000055,20251209,94739780,0,9168030,0,B,42900,300,
000055.SZ,000055,20251209,94744370,0,9188344,0,S,43000,100,
000055.SZ,000055,20251209,94744740,0,9189919,0,B,42800,800,
000055.SZ,000055,20251209,94746470,0,9197514,0,S,43000,100,
000055.SZ,000055,20251209,94749720,0,9212449,0,S,42900,500,
000055.SZ,000055,20251209,94750680,0,9217497,0,S,47500,10000,
000055.SZ,000055,20251209,94758120,0,9254584,0,B,42800,10000,
000055.SZ,000055,20251209,94759310,0,9259939,0,S,47300,2500,
000055.SZ,000055,20251209,94800560,0,9266479,0,S,43000,1500,
000055.SZ,000055,20251209,94801390,0,9271052,0,S,43000,100,
000055.SZ,000055,20251209,94811040,0,9332803,0,B,42700,900,
000055.SZ,000055,20251209,94820270,0,9386805,0,S,43000,6000,
000055.SZ,000055,20251209,94824780,0,9407627,0,S,42900,300,
000055.SZ,000055,20251209,94826610,0,9415916,0,S,43000,500,
000055.SZ,000055,20251209,94828290,0,9423155,0,B,43300,800,
000055.SZ,000055,20251209,94828480,0,9423902,0,S,43000,11100,
000055.SZ,000055,20251209,94829230,0,9427144,0,B,42500,300,
000055.SZ,000055,20251209,94829940,0,9430099,0,B,42900,600,
000055.SZ,000055,20251209,94831040,0,9434831,0,S,42900,20000,
000055.SZ,000055,20251209,94831080,0,9435048,0,S,42900,100,
000055.SZ,000055,20251209,94832670,0,9442350,0,S,47200,16600,
000055.SZ,000055,20251209,94836190,0,9458282,0,S,42900,300,
000055.SZ,000055,20251209,94837520,0,9465341,0,S,43100,600,
000055.SZ,000055,20251209,94837940,0,9467078,0,B,42700,11500,
000055.SZ,000055,20251209,94845060,0,9502864,0,S,43100,600,
000055.SZ,000055,20251209,94845160,0,9503284,0,B,42600,5000,
000055.SZ,000055,20251209,94845750,0,9506084,0,B,42900,1000,
000055.SZ,000055,20251209,94845770,0,9506152,0,B,42900,1600,
000055.SZ,000055,20251209,94848320,0,9518385,0,B,42900,1000,
000055.SZ,000055,20251209,94848320,0,9518386,0,B,42900,600,
000055.SZ,000055,20251209,94848320,0,9518387,0,B,42900,1000,
000055.SZ,000055,20251209,94848330,0,9518404,0,B,42900,300,
000055.SZ,000055,20251209,94848330,0,9518405,0,B,42900,800,
000055.SZ,000055,20251209,94848330,0,9518427,0,B,42900,300,
000055.SZ,000055,20251209,94848330,0,9518450,0,B,42900,1200,
000055.SZ,000055,20251209,94848340,0,9518514,0,B,42900,1100,
000055.SZ,000055,20251209,94848340,0,9518515,0,B,42900,1200,
000055.SZ,000055,20251209,94848340,0,9518516,0,B,42900,300,
000055.SZ,000055,20251209,94848730,0,9520504,0,S,42900,500,
000055.SZ,000055,20251209,94849260,0,9523018,0,B,42900,1000,
000055.SZ,000055,20251209,94849350,0,9523480,0,B,42900,8000,
000055.SZ,000055,20251209,94849660,0,9524998,0,B,42800,5000,
000055.SZ,000055,20251209,94851040,0,9530784,0,B,42900,7700,
000055.SZ,000055,20251209,94851590,0,9533248,0,S,42900,200,
000055.SZ,000055,20251209,94851610,0,9533316,0,B,42900,200,
000055.SZ,000055,20251209,94852020,0,9535071,0,B,42900,200,
000055.SZ,000055,20251209,94852040,0,9535156,0,S,42900,300,
000055.SZ,000055,20251209,94852350,0,9536574,0,B,42900,4000,
000055.SZ,000055,20251209,94854320,0,9546073,0,S,43000,200,
000055.SZ,000055,20251209,94854500,0,9547396,0,S,43000,100,
000055.SZ,000055,20251209,94854500,0,9547403,0,S,42900,100,
000055.SZ,000055,20251209,94854750,0,9548777,0,B,42900,3000,
000055.SZ,000055,20251209,94856340,0,9556653,0,B,42900,200,
000055.SZ,000055,20251209,94856410,0,9556975,0,B,42900,100,
000055.SZ,000055,20251209,94856510,0,9557353,0,S,43000,4800,
000055.SZ,000055,20251209,94856560,0,9557541,0,B,42900,100,
000055.SZ,000055,20251209,94856900,0,9558728,0,B,42900,1000,
000055.SZ,000055,20251209,94857530,0,9561748,0,S,43000,1000,
000055.SZ,000055,20251209,94859770,0,9573531,0,B,42900,1100,
000055.SZ,000055,20251209,94902240,0,9587108,0,S,43000,200,
000055.SZ,000055,20251209,94902250,0,9587160,0,S,43000,300,
000055.SZ,000055,20251209,94902250,0,9587175,0,S,43000,300,
000055.SZ,000055,20251209,94902280,0,9587666,0,S,43000,300,
000055.SZ,000055,20251209,94902290,0,9587739,0,S,43000,300,
000055.SZ,000055,20251209,94903770,0,9594876,0,S,43000,1300,
000055.SZ,000055,20251209,94903770,0,9594877,0,S,42900,200,
000055.SZ,000055,20251209,94903860,0,9595321,0,S,43000,200,
000055.SZ,000055,20251209,94904700,0,9600156,0,S,42900,200,
000055.SZ,000055,20251209,94904890,0,9601071,0,B,43500,1900,
000055.SZ,000055,20251209,94906330,0,9608234,0,S,42900,1300,
000055.SZ,000055,20251209,94906770,0,9610579,0,S,43000,200,
000055.SZ,000055,20251209,94906820,0,9610837,0,S,43000,100,
000055.SZ,000055,20251209,94906820,0,9610843,0,S,43000,600,
000055.SZ,000055,20251209,94906850,0,9610998,0,S,42900,100,
000055.SZ,000055,20251209,94907170,0,9613092,0,S,43000,200,
000055.SZ,000055,20251209,94907590,0,9615292,0,S,43000,11100,
000055.SZ,000055,20251209,94907950,0,9617003,0,S,43000,100,
000055.SZ,000055,20251209,94908120,0,9618033,0,S,43100,1400,
000055.SZ,000055,20251209,94909280,0,9623502,0,S,43000,200,
000055.SZ,000055,20251209,94909410,0,9624289,0,S,43000,300,
000055.SZ,000055,20251209,94909620,0,9625496,0,S,43000,1200,
000055.SZ,000055,20251209,94909630,0,9625576,0,S,43000,100,
000055.SZ,000055,20251209,94909780,0,9626226,0,S,43000,200,
000055.SZ,000055,20251209,94909800,0,9626334,0,S,43000,100,
000055.SZ,000055,20251209,94912400,0,9638874,0,S,43000,800,
000055.SZ,000055,20251209,94912440,0,9639000,0,S,43000,100,
000055.SZ,000055,20251209,94912510,0,9639382,0,S,43000,1500,
000055.SZ,000055,20251209,94912650,0,9639936,0,S,42900,100,
000055.SZ,000055,20251209,94912740,0,9640419,0,S,42900,100,
000055.SZ,000055,20251209,94913440,0,9643490,0,S,43500,4900,
000055.SZ,000055,20251209,94915540,0,9653551,0,S,43000,1500,
000055.SZ,000055,20251209,94915580,0,9653680,0,S,42900,100,
000055.SZ,000055,20251209,94917110,0,9660464,0,B,43000,20000,
000055.SZ,000055,20251209,94917520,0,9662118,0,S,43100,600,
000055.SZ,000055,20251209,94917560,0,9662302,0,B,42900,600,
000055.SZ,000055,20251209,94921730,0,9680612,0,S,42900,500,
000055.SZ,000055,20251209,94927480,0,9705137,0,B,42900,500,
000055.SZ,000055,20251209,94933260,0,9729469,0,B,42900,13000,
000055.SZ,000055,20251209,94935470,0,9739185,0,B,42700,3000,
000055.SZ,000055,20251209,94935480,0,9739237,0,B,42800,100,
000055.SZ,000055,20251209,94942040,0,9766600,0,B,42900,1200,
000055.SZ,000055,20251209,94950310,0,9799950,0,S,42900,200,
000055.SZ,000055,20251209,94952500,0,9809678,0,S,43000,500,
000055.SZ,000055,20251209,94952710,0,9810722,0,S,43100,2400,
000055.SZ,000055,20251209,94954440,0,9818560,0,S,43100,1500,
000055.SZ,000055,20251209,94954680,0,9819657,0,S,43000,200,
000055.SZ,000055,20251209,94959290,0,9839150,0,S,43000,300,
000055.SZ,000055,20251209,94959960,0,9842528,0,S,43100,3900,
000055.SZ,000055,20251209,95001780,0,9853627,0,S,43100,600,
000055.SZ,000055,20251209,95001850,0,9853987,0,S,43100,900,
000055.SZ,000055,20251209,95006000,0,9875498,0,S,42900,100,
000055.SZ,000055,20251209,95006180,0,9876361,0,S,42900,100,
000055.SZ,000055,20251209,95006360,0,9877526,0,S,43100,1400,
000055.SZ,000055,20251209,95008240,0,9888332,0,S,44200,500,
000055.SZ,000055,20251209,95013460,0,9911734,0,S,43100,2400,
000055.SZ,000055,20251209,95016790,0,9927316,0,S,42800,400,
