万得代码,交易所代码,自然日,时间,成交编号,成交代码,委托代码,BS标志,成交价格,成交数量,叫卖序号,叫买序号,
000055.SZ,000055,20251209,91522630,326859,C,0, ,0,100,323906,0,
000055.SZ,000055,20251209,91555170,335645,C,0, ,0,74200,0,326566,
000055.SZ,000055,20251209,91724220,364835,C,0, ,0,500,6041,0,
000055.SZ,000055,20251209,91733860,368267,C,0, ,0,100,327063,0,
000055.SZ,000055,20251209,91741080,370888,C,0, ,0,131500,363462,0,
000055.SZ,000055,20251209,91749160,373935,C,0, ,0,500,0,302524,
000055.SZ,000055,20251209,91838310,392516,C,0, ,0,100,0,95329,
000055.SZ,000055,20251209,91933750,415381,C,0, ,0,11800,113046,0,
000055.SZ,000055,20251209,92500000,599379,0,0,B,43200,100,368926,590510,
000055.SZ,000055,20251209,92500000,599380,0,0,B,43200,4800,90576,590510,
000055.SZ,000055,20251209,92500000,599381,0,0,B,43200,1000,90576,591075,
000055.SZ,000055,20251209,92500000,599382,0,0,B,43200,200,463516,591075,
000055.SZ,000055,20251209,92500000,599383,0,0,B,43200,800,463516,598209,
000055.SZ,000055,20251209,92500000,599384,0,0,B,43200,100,475461,598209,
000055.SZ,000055,20251209,92500000,599385,0,0,B,43200,100,508155,598209,
000055.SZ,000055,20251209,92500000,599386,0,0,B,43200,100,524996,598209,
000055.SZ,000055,20251209,92500000,599387,0,0,B,43200,100,545093,598209,
000055.SZ,000055,20251209,92500000,599388,0,0,B,43200,200,157237,598209,
000055.SZ,000055,20251209,92500000,599389,0,0,B,43200,800,426079,598209,
000055.SZ,000055,20251209,92500000,599390,0,0,B,43200,6100,426079,570240,
000055.SZ,000055,20251209,92500000,599391,0,0,S,43200,200,426079,42019,
000055.SZ,000055,20251209,92500000,599392,0,0,S,43200,600,426079,59232,
000055.SZ,000055,20251209,92500000,599393,0,0,B,43200,2800,426079,593524,
000055.SZ,000055,20251209,93000000,689971,0,0,S,43100,400,689970,32150,
000055.SZ,000055,20251209,93000000,689972,0,0,S,43100,600,689970,328358,
000055.SZ,000055,20251209,93000000,689973,0,0,S,43100,4300,689970,577338,
000055.SZ,000055,20251209,93000050,697529,0,0,S,43100,300,697528,577338,
000055.SZ,000055,20251209,93000260,805891,0,0,S,43100,100,805890,577338,
000055.SZ,000055,20251209,93000350,830971,0,0,S,43100,800,830970,577338,
000055.SZ,000055,20251209,93000350,831080,0,0,S,43100,200,831079,577338,
000055.SZ,000055,20251209,93000350,831182,0,0,S,43100,300,831181,577338,
000055.SZ,000055,20251209,93000350,831241,0,0,S,43100,500,831240,815310,
000055.SZ,000055,20251209,93000370,836827,C,0, ,0,600,328357,0,
000055.SZ,000055,20251209,93000390,839907,0,0,S,43100,200,839906,815310,
000055.SZ,000055,20251209,93000390,840394,0,0,S,43100,100,840393,815310,
000055.SZ,000055,20251209,93000410,843292,0,0,S,43100,200,843291,815310,
000055.SZ,000055,20251209,93000410,843293,0,0,S,43100,100,843291,823374,
000055.SZ,000055,20251209,93000410,843294,0,0,S,43100,500,843291,833082,
000055.SZ,000055,20251209,93000420,845100,0,0,B,43100,100,843319,845099,
000055.SZ,000055,20251209,93000420,845101,0,0,B,43100,200,843324,845099,
000055.SZ,000055,20251209,93000420,845102,0,0,B,43100,100,843348,845099,
000055.SZ,000055,20251209,93000420,845103,0,0,B,43100,100,844241,845099,
000055.SZ,000055,20251209,93000420,845104,0,0,B,43100,200,844297,845099,
000055.SZ,000055,20251209,93000420,845105,0,0,B,43200,400,426079,845099,
000055.SZ,000055,20251209,93000540,864520,0,0,S,43100,200,864519,853676,
000055.SZ,000055,20251209,93000540,864536,0,0,S,43100,100,864535,853676,
000055.SZ,000055,20251209,93000540,864545,0,0,S,43100,200,864544,853676,
000055.SZ,000055,20251209,93000540,864645,0,0,S,43100,100,864644,853676,
000055.SZ,000055,20251209,93000590,872836,C,0, ,0,10000,0,485594,
000055.SZ,000055,20251209,93000680,887750,C,0, ,0,30000,278867,0,
000055.SZ,000055,20251209,93000760,901736,0,0,S,43100,100,901735,853676,
000055.SZ,000055,20251209,93000850,915789,0,0,S,43100,100,915788,853676,
000055.SZ,000055,20251209,93000850,915791,0,0,S,43100,200,915790,853676,
000055.SZ,000055,20251209,93000980,934969,0,0,S,43100,300,934968,853676,
000055.SZ,000055,20251209,93001410,978685,0,0,B,43100,300,934968,978684,
000055.SZ,000055,20251209,93001410,979042,0,0,B,43100,700,934968,979041,
000055.SZ,000055,20251209,93001410,979043,0,0,B,43100,200,939241,979041,
000055.SZ,000055,20251209,93001410,979044,0,0,B,43100,100,962793,979041,
000055.SZ,000055,20251209,93001410,979045,0,0,B,43100,200,964663,979041,
000055.SZ,000055,20251209,93001430,980644,0,0,B,43100,500,964663,980643,
000055.SZ,000055,20251209,93001440,981768,0,0,B,43100,1100,964663,981767,
000055.SZ,000055,20251209,93002260,1054610,0,0,S,43100,100,1054609,990217,
000055.SZ,000055,20251209,93003240,1115702,0,0,S,43100,800,1115701,990217,
000055.SZ,000055,20251209,93003240,1115703,0,0,S,43100,100,1115701,990269,
000055.SZ,000055,20251209,93003240,1115704,0,0,S,43100,1200,1115701,992394,
000055.SZ,000055,20251209,93003240,1115705,0,0,S,43100,200,1115701,1014186,
000055.SZ,000055,20251209,93003240,1115708,0,0,S,43100,100,1115707,1014187,
000055.SZ,000055,20251209,93003250,1116370,0,0,S,43100,100,1116369,1014187,
000055.SZ,000055,20251209,93003260,1116648,0,0,S,43100,100,1116647,1014187,
000055.SZ,000055,20251209,93003260,1116951,0,0,S,43100,200,1116950,1014190,
000055.SZ,000055,20251209,93003500,1127479,C,0, ,0,6000,0,427046,
000055.SZ,000055,20251209,93004150,1162141,0,0,S,43100,100,1162140,1014190,
000055.SZ,000055,20251209,93004150,1162142,0,0,S,43100,600,1162140,1048178,
000055.SZ,000055,20251209,93004150,1162143,0,0,S,43100,100,1162140,1063263,
000055.SZ,000055,20251209,93004150,1162144,0,0,S,43100,500,1162140,1067531,
000055.SZ,000055,20251209,93004460,1175337,0,0,S,43100,1300,1175336,1067531,
000055.SZ,000055,20251209,93004660,1183406,0,0,S,43100,500,1183405,1067531,
000055.SZ,000055,20251209,93004950,1194441,C,0, ,0,1000,0,1096752,
000055.SZ,000055,20251209,93005550,1213394,0,0,S,43100,1300,1213393,1067531,
000055.SZ,000055,20251209,93005550,1213429,0,0,S,43100,1300,1213428,1067531,
000055.SZ,000055,20251209,93005950,1224711,0,0,S,43100,1100,1224710,1067531,
000055.SZ,000055,20251209,93005950,1224712,0,0,S,43100,100,1224710,1098088,
000055.SZ,000055,20251209,93005950,1224944,0,0,S,43100,1300,1224943,1098088,
000055.SZ,000055,20251209,93006150,1233037,0,0,S,43100,100,1233036,1098088,
000055.SZ,000055,20251209,93006160,1233147,0,0,S,43100,100,1233146,1098088,
000055.SZ,000055,20251209,93006160,1233153,0,0,S,43100,400,1233152,1098088,
000055.SZ,000055,20251209,93006200,1234486,0,0,S,43100,1000,1234485,1098088,
000055.SZ,000055,20251209,93006220,1234690,0,0,S,43100,500,1234689,1098088,
000055.SZ,000055,20251209,93006950,1256019,0,0,S,43100,100,1256018,1098088,
000055.SZ,000055,20251209,93006950,1256020,0,0,S,43100,1100,1256018,1101559,
000055.SZ,000055,20251209,93006980,1256779,0,0,S,43100,100,1256778,1101559,
000055.SZ,000055,20251209,93007570,1272918,0,0,S,43100,400,1272917,1101559,
000055.SZ,000055,20251209,93007570,1272919,0,0,S,43100,500,1272917,1151494,
000055.SZ,000055,20251209,93007570,1272920,0,0,S,43100,400,1272917,1180958,
000055.SZ,000055,20251209,93007970,1282801,0,0,S,43100,300,1282800,1180958,
000055.SZ,000055,20251209,93008200,1288252,0,0,S,43100,1300,1288251,1180958,
000055.SZ,000055,20251209,93008680,1295067,0,0,S,43100,500,1295066,1180958,
000055.SZ,000055,20251209,93010170,1323885,0,0,S,43100,1300,1323884,1180958,
000055.SZ,000055,20251209,93013670,1377636,0,0,S,43100,100,1377635,1180958,
000055.SZ,000055,20251209,93017830,1445775,C,0, ,0,3000,993989,0,
000055.SZ,000055,20251209,93019080,1467475,0,0,B,43200,200,426079,1467474,
000055.SZ,000055,20251209,93019580,1476348,0,0,S,43100,100,1476347,1180958,
000055.SZ,000055,20251209,93019580,1476349,0,0,S,43100,400,1476347,1217621,
000055.SZ,000055,20251209,93020290,1485344,0,0,S,43100,600,1485343,1217621,
000055.SZ,000055,20251209,93020820,1491294,0,0,S,43100,900,1491293,1217621,
000055.SZ,000055,20251209,93020820,1491295,0,0,S,43100,2100,1491293,1247340,
000055.SZ,000055,20251209,93022370,1517367,0,0,S,43100,1600,1517366,1247340,
000055.SZ,000055,20251209,93022380,1517760,0,0,S,43100,300,1517759,1256655,
000055.SZ,000055,20251209,93023960,1537211,0,0,S,43100,400,1537210,1260535,
000055.SZ,000055,20251209,93023960,1537212,0,0,S,43100,600,1537210,1296399,
000055.SZ,000055,20251209,93023960,1537213,0,0,S,43100,100,1537210,1298051,
000055.SZ,000055,20251209,93023960,1537214,0,0,S,43100,100,1537210,1328802,
000055.SZ,000055,20251209,93023960,1537215,0,0,S,43100,200,1537210,1397605,
000055.SZ,000055,20251209,93024150,1541027,0,0,S,43100,100,1541026,1397605,
000055.SZ,000055,20251209,93024150,1541054,0,0,S,43100,100,1541053,1397605,
000055.SZ,000055,20251209,93024150,1541092,0,0,S,43100,100,1541091,1397605,
000055.SZ,000055,20251209,93024150,1541109,0,0,S,43100,100,1541108,1397633,
000055.SZ,000055,20251209,93024160,1541237,0,0,S,43100,100,1541236,1397633,
000055.SZ,000055,20251209,93024160,1541242,0,0,S,43100,100,1541241,1397888,
000055.SZ,000055,20251209,93024160,1541248,0,0,S,43100,100,1541247,1398686,
000055.SZ,000055,20251209,93024160,1541253,0,0,S,43100,100,1541252,1398686,
000055.SZ,000055,20251209,93024160,1541255,0,0,S,43100,100,1541254,1406496,
000055.SZ,000055,20251209,93024270,1543662,0,0,S,43100,400,1543661,1413381,
000055.SZ,000055,20251209,93024270,1543663,0,0,S,43100,100,1543661,1484523,
000055.SZ,000055,20251209,93024360,1545004,C,0, ,0,10000,0,872468,
000055.SZ,000055,20251209,93024580,1548571,0,0,S,43100,100,1548570,1540934,
000055.SZ,000055,20251209,93024670,1550810,0,0,S,43100,500,1550809,1540934,
000055.SZ,000055,20251209,93027300,1586179,C,0, ,0,5300,1314328,0,
000055.SZ,000055,20251209,93027310,1586486,0,0,S,43000,1500,1586485,183889,
000055.SZ,000055,20251209,93027310,1586487,0,0,S,43000,1900,1586485,296729,
000055.SZ,000055,20251209,93027370,1587386,C,0, ,0,300,1121639,0,
000055.SZ,000055,20251209,93027410,1588438,C,0, ,0,100,1133650,0,
000055.SZ,000055,20251209,93027430,1588907,C,0, ,0,3100,1172865,0,
000055.SZ,000055,20251209,93027430,1588916,C,0, ,0,100,1124688,0,
000055.SZ,000055,20251209,93027480,1589916,0,0,S,43000,400,1589915,296729,
000055.SZ,000055,20251209,93027510,1590259,C,0, ,0,100,1242083,0,
000055.SZ,000055,20251209,93027570,1591019,C,0, ,0,100,1132183,0,
000055.SZ,000055,20251209,93027620,1592088,C,0, ,0,100,879633,0,
000055.SZ,000055,20251209,93027720,1593539,C,0, ,0,200,1141141,0,
000055.SZ,000055,20251209,93027720,1593542,C,0, ,0,100,1141206,0,
000055.SZ,000055,20251209,93028040,1597814,C,0, ,0,500,1105840,0,
000055.SZ,000055,20251209,93028120,1598643,C,0, ,0,200,1193120,0,
000055.SZ,000055,20251209,93028140,1599005,C,0, ,0,200,1110682,0,
000055.SZ,000055,20251209,93028230,1600909,C,0, ,0,1500,1285315,0,
000055.SZ,000055,20251209,93028230,1600932,C,0, ,0,2000,1282702,0,
000055.SZ,000055,20251209,93028430,1604611,0,0,S,43000,100,1604610,296729,
000055.SZ,000055,20251209,93028620,1607700,0,0,S,43000,100,1607699,296729,
000055.SZ,000055,20251209,93029240,1616246,0,0,S,43000,500,1616245,296729,
000055.SZ,000055,20251209,93029240,1616247,0,0,S,43000,200,1616245,338605,
000055.SZ,000055,20251209,93029240,1616248,0,0,S,43000,2800,1616245,353141,
000055.SZ,000055,20251209,93030590,1636554,0,0,B,43100,200,1550809,1636553,
000055.SZ,000055,20251209,93035230,1703436,0,0,S,43000,500,1703435,353141,
000055.SZ,000055,20251209,93036600,1726584,C,0, ,0,100,1262174,0,
000055.SZ,000055,20251209,93038380,1758101,0,0,S,43000,5700,1758100,353141,
000055.SZ,000055,20251209,93038490,1759732,C,0, ,0,100,1125971,0,
000055.SZ,000055,20251209,93038490,1759757,C,0, ,0,100,1125932,0,
000055.SZ,000055,20251209,93039270,1772480,0,0,S,43000,100,1772479,353141,
000055.SZ,000055,20251209,93042100,1822778,C,0, ,0,7000,922860,0,
000055.SZ,000055,20251209,93044770,1867234,C,0, ,0,100,1133630,0,
000055.SZ,000055,20251209,93044770,1867295,C,0, ,0,400,1128111,0,
000055.SZ,000055,20251209,93045380,1875780,0,0,B,43100,300,1550809,1875779,
000055.SZ,000055,20251209,93045390,1876026,0,0,B,43100,100,1550809,1876025,
000055.SZ,000055,20251209,93045460,1877600,0,0,B,43100,100,1552566,1877599,
000055.SZ,000055,20251209,93045630,1880309,0,0,B,43100,200,1552566,1880308,
000055.SZ,000055,20251209,93045730,1881566,0,0,B,43100,100,1552566,1881565,
000055.SZ,000055,20251209,93045820,1882933,0,0,B,43100,100,1552566,1882932,
000055.SZ,000055,20251209,93046120,1887150,0,0,B,43100,200,1552566,1887149,
000055.SZ,000055,20251209,93046140,1887436,0,0,S,43000,100,1887435,353141,
000055.SZ,000055,20251209,93046160,1887845,0,0,B,43100,300,1552566,1887844,
000055.SZ,000055,20251209,93046480,1892961,0,0,B,43100,1100,1556375,1892960,
000055.SZ,000055,20251209,93046480,1892962,0,0,B,43100,3300,1575107,1892960,
000055.SZ,000055,20251209,93048990,1926969,0,0,B,43100,200,1575107,1926968,
000055.SZ,000055,20251209,93049000,1927019,0,0,B,43100,1300,1575107,1927018,
000055.SZ,000055,20251209,93049130,1928789,0,0,B,43100,300,1575107,1928788,
000055.SZ,000055,20251209,93049140,1928794,0,0,B,43100,400,1575107,1928793,
000055.SZ,000055,20251209,93049140,1928845,0,0,B,43100,200,1575107,1928844,
000055.SZ,000055,20251209,93049140,1928916,0,0,B,43100,1200,1575107,1928915,
000055.SZ,000055,20251209,93049160,1929136,0,0,B,43100,200,1575107,1929135,
000055.SZ,000055,20251209,93049160,1929142,0,0,B,43100,300,1575107,1929141,
000055.SZ,000055,20251209,93049170,1929362,0,0,B,43100,100,1575107,1929361,
000055.SZ,000055,20251209,93049170,1929364,0,0,B,43100,500,1575107,1929363,
000055.SZ,000055,20251209,93050050,1940805,0,0,B,43100,600,1575107,1940804,
000055.SZ,000055,20251209,93050050,1940809,0,0,B,43100,400,1575107,1940808,
000055.SZ,000055,20251209,93050050,1940813,0,0,B,43100,500,1575107,1940812,
000055.SZ,000055,20251209,93050060,1940931,0,0,B,43100,700,1575107,1940930,
000055.SZ,000055,20251209,93050060,1940936,0,0,B,43100,600,1575107,1940935,
000055.SZ,000055,20251209,93050060,1940938,0,0,B,43100,400,1575107,1940937,
000055.SZ,000055,20251209,93050060,1940941,0,0,B,43100,200,1575107,1940940,
000055.SZ,000055,20251209,93050070,1940944,0,0,B,43100,300,1575107,1940943,
000055.SZ,000055,20251209,93050070,1940977,0,0,B,43100,600,1575107,1940976,
000055.SZ,000055,20251209,93050130,1941690,C,0, ,0,1200,0,1893339,
000055.SZ,000055,20251209,93051960,1964304,C,0, ,0,2200,914883,0,
000055.SZ,000055,20251209,93100010,2056686,0,0,S,43000,1200,2056685,353141,
000055.SZ,000055,20251209,93100010,2056696,0,0,S,43000,400,2056695,353141,
000055.SZ,000055,20251209,93100130,2058610,0,0,B,43100,900,1575107,2058609,
000055.SZ,000055,20251209,93100570,2065715,0,0,B,43100,2000,1575107,2065714,
000055.SZ,000055,20251209,93103220,2103841,0,0,S,43000,800,2103840,353141,
000055.SZ,000055,20251209,93103260,2104573,0,0,B,43100,200,1575107,2104572,
000055.SZ,000055,20251209,93113350,2235306,C,0, ,0,30000,1579418,0,
000055.SZ,000055,20251209,93115040,2253703,C,0, ,0,500,1033527,0,
000055.SZ,000055,20251209,93117200,2279369,0,0,S,43000,100,2279368,353141,
000055.SZ,000055,20251209,93118010,2287257,0,0,S,43000,1600,2287256,353141,
000055.SZ,000055,20251209,93118290,2290439,0,0,S,43000,200,2290438,353141,
000055.SZ,000055,20251209,93118290,2290450,0,0,S,43000,1000,2290449,353141,
000055.SZ,000055,20251209,93118290,2290467,0,0,S,43000,100,2290466,353141,
000055.SZ,000055,20251209,93118290,2290470,0,0,S,43000,200,2290469,353141,
000055.SZ,000055,20251209,93118290,2290472,0,0,S,43000,100,2290471,353141,
000055.SZ,000055,20251209,93118300,2290484,0,0,S,43000,900,2290483,353141,
000055.SZ,000055,20251209,93118300,2290487,0,0,S,43000,300,2290486,353141,
000055.SZ,000055,20251209,93118300,2290513,0,0,S,43000,300,2290512,353141,
000055.SZ,000055,20251209,93118300,2290550,0,0,S,43000,100,2290549,353141,
000055.SZ,000055,20251209,93118300,2290571,0,0,S,43000,200,2290570,353141,
000055.SZ,000055,20251209,93118300,2290577,0,0,S,43000,100,2290576,353141,
000055.SZ,000055,20251209,93118300,2290594,0,0,S,43000,100,2290593,353141,
000055.SZ,000055,20251209,93118310,2290631,0,0,S,43000,100,2290630,353141,
000055.SZ,000055,20251209,93118310,2290662,0,0,S,43000,100,2290661,353141,
000055.SZ,000055,20251209,93118310,2290667,0,0,S,43000,500,2290666,353141,
000055.SZ,000055,20251209,93118310,2290718,0,0,S,43000,300,2290717,353141,
000055.SZ,000055,20251209,93118310,2290739,0,0,S,43000,100,2290738,353141,
000055.SZ,000055,20251209,93118320,2290760,0,0,S,43000,400,2290759,353141,
000055.SZ,000055,20251209,93118400,2291595,0,0,S,43000,200,2291594,353141,
000055.SZ,000055,20251209,93118400,2291611,0,0,S,43000,200,2291610,353141,
000055.SZ,000055,20251209,93118400,2291663,0,0,S,43000,100,2291662,353141,
000055.SZ,000055,20251209,93118400,2291672,0,0,S,43000,200,2291671,353141,
000055.SZ,000055,20251209,93119010,2297868,0,0,S,43000,300,2297867,353141,
000055.SZ,000055,20251209,93119010,2297870,0,0,S,43000,200,2297869,353141,
000055.SZ,000055,20251209,93119640,2304888,C,0, ,0,100,1471180,0,
000055.SZ,000055,20251209,93121340,2320621,C,0, ,0,1700,1145741,0,
000055.SZ,000055,20251209,93121340,2320623,C,0, ,0,2200,1235104,0,
000055.SZ,000055,20251209,93121340,2320624,C,0, ,0,100,1306179,0,
000055.SZ,000055,20251209,93121760,2325522,C,0, ,0,3000,732244,0,
000055.SZ,000055,20251209,93123600,2345189,0,0,S,43000,500,2345188,353141,
000055.SZ,000055,20251209,93123600,2345190,0,0,S,43000,6000,2345188,419497,
000055.SZ,000055,20251209,93123600,2345191,0,0,S,43000,1400,2345188,427399,
000055.SZ,000055,20251209,93130050,2413632,C,0, ,0,100,0,2359413,
000055.SZ,000055,20251209,93130060,2413654,C,0, ,0,100,0,2359411,
000055.SZ,000055,20251209,93130060,2413722,C,0, ,0,100,0,2359414,
000055.SZ,000055,20251209,93130060,2413758,C,0, ,0,100,0,2359410,
000055.SZ,000055,20251209,93130060,2413776,C,0, ,0,100,0,2359408,
000055.SZ,000055,20251209,93130060,2413789,C,0, ,0,100,0,2359409,
000055.SZ,000055,20251209,93130070,2413803,C,0, ,0,100,0,2359412,
000055.SZ,000055,20251209,93130070,2413818,C,0, ,0,100,0,2359407,
000055.SZ,000055,20251209,93130720,2421044,C,0, ,0,20000,1150169,0,
000055.SZ,000055,20251209,93133290,2450018,0,0,S,43000,600,2450017,427399,
000055.SZ,000055,20251209,93136640,2484413,C,0, ,0,100,1996005,0,
000055.SZ,000055,20251209,93136640,2484422,C,0, ,0,400,1996002,0,
000055.SZ,000055,20251209,93136870,2487312,C,0, ,0,5000,1166983,0,
000055.SZ,000055,20251209,93137640,2497128,0,0,S,43000,100,2497127,427399,
000055.SZ,000055,20251209,93137640,2497132,0,0,S,43000,400,2497131,427399,
000055.SZ,000055,20251209,93144600,2571089,C,0, ,0,200,896089,0,
000055.SZ,000055,20251209,93144910,2573870,0,0,S,43000,100,2573869,427399,
000055.SZ,000055,20251209,93145600,2582628,0,0,S,43000,200,2582627,427399,
000055.SZ,000055,20251209,93151040,2640305,0,0,B,43100,100,1575107,2640304,
000055.SZ,000055,20251209,93154350,2675839,0,0,S,43000,4800,2675838,427399,
000055.SZ,000055,20251209,93157250,2707165,0,0,S,43000,800,2707164,427399,
000055.SZ,000055,20251209,93200040,2735449,0,0,S,43000,2300,2735448,427399,
000055.SZ,000055,20251209,93201000,2749973,0,0,S,43000,400,2749972,427399,
000055.SZ,000055,20251209,93204580,2790258,0,0,S,43000,4700,2790257,427399,
000055.SZ,000055,20251209,93204600,2790392,0,0,S,43000,2500,2790391,427399,
000055.SZ,000055,20251209,93206960,2813945,0,0,S,43000,100,2813944,427399,
000055.SZ,000055,20251209,93212260,2865531,0,0,S,43000,100,2865530,427399,
000055.SZ,000055,20251209,93212280,2865713,0,0,S,43000,1500,2865712,427399,
000055.SZ,000055,20251209,93212280,2865714,0,0,S,43000,1300,2865712,557963,
000055.SZ,000055,20251209,93212280,2865715,0,0,S,43000,700,2865712,701031,
000055.SZ,000055,20251209,93212280,2865716,0,0,S,43000,500,2865712,868837,
000055.SZ,000055,20251209,93212280,2865717,0,0,S,43000,600,2865712,965643,
000055.SZ,000055,20251209,93212280,2865718,0,0,S,43000,1200,2865712,1230779,
000055.SZ,000055,20251209,93212470,2867874,C,0, ,0,600,965646,0,
000055.SZ,000055,20251209,93212630,2869724,C,0, ,0,700,701748,0,
000055.SZ,000055,20251209,93213250,2877365,C,0, ,0,100,1450226,0,
000055.SZ,000055,20251209,93213490,2880680,0,0,S,43000,300,2880679,1230779,
000055.SZ,000055,20251209,93213540,2881373,0,0,S,43000,800,2881372,1230779,
000055.SZ,000055,20251209,93214250,2891358,0,0,S,43000,100,2891357,1230779,
000055.SZ,000055,20251209,93214480,2894762,0,0,S,43000,7800,2894761,1230779,
000055.SZ,000055,20251209,93215200,2902863,0,0,S,43000,100,2902862,1230779,
000055.SZ,000055,20251209,93215760,2910401,0,0,S,43000,2100,2910400,1230779,
000055.SZ,000055,20251209,93216690,2921953,C,0, ,0,6200,0,2774297,
000055.SZ,000055,20251209,93217040,2925605,C,0, ,0,200,963266,0,
000055.SZ,000055,20251209,93218050,2935688,0,0,S,43000,200,2935687,1230779,
000055.SZ,000055,20251209,93218760,2943652,0,0,S,43000,2000,2943651,1230779,
000055.SZ,000055,20251209,93219350,2950158,C,0, ,0,100,843359,0,
000055.SZ,000055,20251209,93219380,2950547,C,0, ,0,100,982265,0,
000055.SZ,000055,20251209,93220170,2957596,C,0, ,0,200,1289007,0,
000055.SZ,000055,20251209,93220240,2958257,C,0, ,0,500,951007,0,
000055.SZ,000055,20251209,93220260,2958464,C,0, ,0,500,864682,0,
000055.SZ,000055,20251209,93220300,2958793,C,0, ,0,400,1001585,0,
000055.SZ,000055,20251209,93220300,2958796,C,0, ,0,300,936539,0,
000055.SZ,000055,20251209,93220300,2958808,C,0, ,0,200,897729,0,
000055.SZ,000055,20251209,93220300,2958811,C,0, ,0,200,981987,0,
000055.SZ,000055,20251209,93220320,2959008,C,0, ,0,500,847554,0,
000055.SZ,000055,20251209,93220350,2959250,0,0,S,43000,100,2959249,1230779,
000055.SZ,000055,20251209,93220360,2959324,0,0,S,43000,100,2959323,1230779,
000055.SZ,000055,20251209,93221160,2966777,0,0,S,43000,200,2966776,1230779,
000055.SZ,000055,20251209,93221270,2967889,0,0,S,43000,500,2967888,1230779,
000055.SZ,000055,20251209,93221270,2967893,0,0,B,43100,6200,1575107,2967892,
000055.SZ,000055,20251209,93221370,2968931,0,0,S,43000,200,2968930,1230779,
000055.SZ,000055,20251209,93221370,2968933,0,0,S,43000,200,2968932,1230779,
000055.SZ,000055,20251209,93221370,2968938,0,0,S,43000,400,2968937,1230779,
000055.SZ,000055,20251209,93221420,2969380,0,0,S,43000,300,2969379,1230779,
000055.SZ,000055,20251209,93221760,2972859,0,0,S,43000,4000,2972858,1230779,
000055.SZ,000055,20251209,93223610,2989717,C,0, ,0,700,897166,0,
000055.SZ,000055,20251209,93223610,2989718,C,0, ,0,1100,1133801,0,
000055.SZ,000055,20251209,93224030,2993146,C,0, ,0,100,966152,0,
000055.SZ,000055,20251209,93224590,2998673,0,0,B,43100,500,1575107,2998672,
000055.SZ,000055,20251209,93230150,3048488,0,0,S,43000,100,3048487,1230779,
000055.SZ,000055,20251209,93230160,3048584,0,0,S,43000,9600,3048583,1230779,
000055.SZ,000055,20251209,93231720,3064794,C,0, ,0,2200,2181953,0,
000055.SZ,000055,20251209,93241670,3155489,0,0,S,43000,2200,3155488,1230779,
000055.SZ,000055,20251209,93247990,3210371,0,0,B,43100,2500,1575107,3210370,
000055.SZ,000055,20251209,93251040,3235594,C,0, ,0,3000,2390564,0,
000055.SZ,000055,20251209,93251050,3235659,0,0,S,43000,100,3235658,1230779,
000055.SZ,000055,20251209,93251940,3243717,C,0, ,0,7000,2075606,0,
000055.SZ,000055,20251209,93253180,3254711,0,0,S,43000,5000,3254710,1230779,
000055.SZ,000055,20251209,93255800,3278168,0,0,S,43000,2400,3278167,1230779,
000055.SZ,000055,20251209,93255800,3278169,0,0,S,43000,100,3278167,1250867,
000055.SZ,000055,20251209,93255800,3278170,0,0,S,43000,200,3278167,1588234,
000055.SZ,000055,20251209,93255800,3278171,0,0,S,43000,300,3278167,1668718,
000055.SZ,000055,20251209,93255820,3278344,0,0,S,43000,1500,3278343,1668718,
000055.SZ,000055,20251209,93257180,3289092,0,0,S,43000,100,3289091,1668718,
000055.SZ,000055,20251209,93306690,3377786,C,0, ,0,700,2043427,0,
000055.SZ,000055,20251209,93306760,3378457,C,0, ,0,900,0,3123797,
000055.SZ,000055,20251209,93307220,3383370,C,0, ,0,600,0,3355493,
000055.SZ,000055,20251209,93309150,3400971,C,0, ,0,100,2144701,0,
000055.SZ,000055,20251209,93320470,3501942,0,0,S,43000,600,3501941,1668718,
000055.SZ,000055,20251209,93321600,3511192,0,0,S,43000,500,3511191,1668718,
000055.SZ,000055,20251209,93326380,3553144,0,0,B,43100,100,1575107,3553143,
000055.SZ,000055,20251209,93327130,3558726,C,0, ,0,7000,3458359,0,
000055.SZ,000055,20251209,93331180,3592123,0,0,S,43000,100,3592122,1668718,
000055.SZ,000055,20251209,93337970,3650469,C,0, ,0,800,0,3378496,
000055.SZ,000055,20251209,93337970,3650470,C,0, ,0,500,0,3383461,
000055.SZ,000055,20251209,93348240,3745273,0,0,S,43000,500,3745272,1668718,
000055.SZ,000055,20251209,93348240,3745274,0,0,S,43000,200,3745272,1733372,
000055.SZ,000055,20251209,93348240,3745275,0,0,S,43000,100,3745272,1750744,
000055.SZ,000055,20251209,93348240,3745276,0,0,S,43000,100,3745272,1804352,
000055.SZ,000055,20251209,93348240,3745277,0,0,S,43000,6200,3745272,1822021,
000055.SZ,000055,20251209,93349980,3761337,0,0,S,43000,200,3761336,1822021,
000055.SZ,000055,20251209,93349980,3761338,0,0,S,43000,200,3761336,1892724,
000055.SZ,000055,20251209,93349980,3761339,0,0,S,43000,600,3761336,1914729,
000055.SZ,000055,20251209,93349980,3761340,0,0,S,43000,200,3761336,1949843,
000055.SZ,000055,20251209,93349980,3761341,0,0,S,43000,100,3761336,2002788,
000055.SZ,000055,20251209,93349980,3761342,0,0,S,43000,100,3761336,2055999,
000055.SZ,000055,20251209,93349980,3761343,0,0,S,43000,800,3761336,2098251,
000055.SZ,000055,20251209,93349980,3761344,0,0,S,43000,100,3761336,2143793,
000055.SZ,000055,20251209,93349980,3761345,0,0,S,43000,3400,3761336,2148549,
000055.SZ,000055,20251209,93349980,3761346,0,0,S,43000,100,3761336,2183334,
000055.SZ,000055,20251209,93349980,3761347,0,0,S,43000,100,3761336,2246210,
000055.SZ,000055,20251209,93349980,3761348,0,0,S,43000,100,3761336,2319659,
000055.SZ,000055,20251209,93349980,3761349,0,0,S,43000,10000,3761336,2398207,
000055.SZ,000055,20251209,93349980,3761350,0,0,S,43000,2900,3761336,2457079,
000055.SZ,000055,20251209,93349980,3761351,0,0,S,43000,5900,3761336,2499283,
000055.SZ,000055,20251209,93349980,3761352,0,0,S,43000,1000,3761336,2540798,
000055.SZ,000055,20251209,93349980,3761353,0,0,S,43000,300,3761336,2636589,
000055.SZ,000055,20251209,93349980,3761354,0,0,S,43000,1500,3761336,2809637,
000055.SZ,000055,20251209,93349980,3761355,0,0,S,43000,1200,3761336,3312318,
000055.SZ,000055,20251209,93349980,3761356,0,0,S,43000,100,3761336,3471984,
000055.SZ,000055,20251209,93349980,3761357,0,0,S,43000,300,3761336,3614342,
000055.SZ,000055,20251209,93349980,3761358,0,0,S,43000,300,3761336,3637856,
000055.SZ,000055,20251209,93349980,3761359,0,0,S,43000,5000,3761336,3698987,
000055.SZ,000055,20251209,93349980,3761360,0,0,S,43000,2500,3761336,3710257,
000055.SZ,000055,20251209,93349980,3761361,0,0,S,43000,200,3761336,3746163,
000055.SZ,000055,20251209,93349980,3761362,0,0,S,43000,400,3761336,3761294,
000055.SZ,000055,20251209,93351370,3772161,0,0,S,43000,100,3772160,3761294,
000055.SZ,000055,20251209,93351620,3774387,0,0,B,43100,400,1575107,3774386,
000055.SZ,000055,20251209,93358820,3832574,C,0, ,0,4400,0,1015404,
000055.SZ,000055,20251209,93401560,3857433,0,0,S,43000,1000,3857432,3761294,
000055.SZ,000055,20251209,93404910,3885649,0,0,S,43000,200,3885648,3761294,
000055.SZ,000055,20251209,93417380,3984726,0,0,S,43000,1700,3984725,3761294,
000055.SZ,000055,20251209,93417380,3984727,0,0,S,43000,100,3984725,3775008,
000055.SZ,000055,20251209,93417380,3984728,0,0,S,43000,600,3984725,3775102,
000055.SZ,000055,20251209,93417380,3984729,0,0,S,43000,2600,3984725,3841920,
000055.SZ,000055,20251209,93427700,4064480,0,0,S,43000,500,4064479,3841920,
000055.SZ,000055,20251209,93430200,4081465,C,0, ,0,100,3211661,0,
000055.SZ,000055,20251209,93435090,4120086,0,0,S,43000,1900,4120085,3841920,
000055.SZ,000055,20251209,93435090,4120087,0,0,S,43000,1600,4120085,3844760,
000055.SZ,000055,20251209,93436180,4127336,0,0,S,43000,100,4127335,3844760,
000055.SZ,000055,20251209,93445060,4195254,C,0, ,0,6000,0,1303358,
000055.SZ,000055,20251209,93450660,4238894,0,0,S,43000,700,4238893,3844760,
000055.SZ,000055,20251209,93506950,4379368,C,0, ,0,5000,0,4022112,
000055.SZ,000055,20251209,93508360,4394409,0,0,S,43000,4700,4394408,3844760,
000055.SZ,000055,20251209,93509180,4401811,0,0,B,43100,200,1575107,4401810,
000055.SZ,000055,20251209,93509190,4401950,C,0, ,0,600,2640437,0,
000055.SZ,000055,20251209,93513980,4449819,0,0,S,43000,2000,4449818,3844760,
000055.SZ,000055,20251209,93515270,4462609,C,0, ,0,300,0,4339533,
000055.SZ,000055,20251209,93515290,4462961,0,0,B,43100,100,1575107,4462960,
000055.SZ,000055,20251209,93530150,4581681,0,0,B,43100,100,1575107,4581680,
000055.SZ,000055,20251209,93531190,4589974,0,0,S,43000,600,4589973,3844760,
000055.SZ,000055,20251209,93533170,4606444,0,0,B,43100,100,1575107,4606443,
000055.SZ,000055,20251209,93539600,4662048,0,0,S,43000,300,4662047,3844760,
000055.SZ,000055,20251209,93539600,4662049,0,0,S,43000,100,4662047,4030626,
000055.SZ,000055,20251209,93539600,4662050,0,0,S,43000,1600,4662047,4111198,
000055.SZ,000055,20251209,93542220,4687842,0,0,B,43100,100,1575107,4687841,
000055.SZ,000055,20251209,93554310,4800704,0,0,B,43100,800,1575107,4800703,
000055.SZ,000055,20251209,93555160,4808468,0,0,B,43100,3400,1575107,4808467,
000055.SZ,000055,20251209,93555160,4808469,0,0,B,43100,1500,1585145,4808467,
000055.SZ,000055,20251209,93557120,4823487,0,0,S,43000,1900,4823486,4111198,
000055.SZ,000055,20251209,93557120,4823488,0,0,S,43000,100,4823486,4147990,
000055.SZ,000055,20251209,93557120,4823489,0,0,S,43000,3000,4823486,4192258,
000055.SZ,000055,20251209,93559700,4846337,0,0,S,43000,600,4846336,4192258,
000055.SZ,000055,20251209,93604930,4902759,0,0,S,43000,700,4902758,4192258,
000055.SZ,000055,20251209,93617190,5016355,0,0,B,43100,1900,1585145,5016354,
000055.SZ,000055,20251209,93617190,5016356,0,0,B,43100,5400,1585202,5016354,
000055.SZ,000055,20251209,93617190,5016357,0,0,B,43100,100,1593928,5016354,
000055.SZ,000055,20251209,93617190,5016358,0,0,B,43100,100,1604301,5016354,
000055.SZ,000055,20251209,93617190,5016359,0,0,B,43100,3100,1604608,5016354,
000055.SZ,000055,20251209,93617190,5016360,0,0,B,43100,100,1605715,5016354,
000055.SZ,000055,20251209,93617190,5016361,0,0,B,43100,100,1606862,5016354,
000055.SZ,000055,20251209,93617190,5016362,0,0,B,43100,1800,1607968,5016354,
000055.SZ,000055,20251209,93617190,5016363,0,0,B,43100,200,1609146,5016354,
000055.SZ,000055,20251209,93617190,5016364,0,0,B,43100,100,1609149,5016354,
000055.SZ,000055,20251209,93617190,5016365,0,0,B,43100,500,1613726,5016354,
000055.SZ,000055,20251209,93617190,5016366,0,0,B,43100,200,1614745,5016354,
000055.SZ,000055,20251209,93617190,5016367,0,0,B,43100,200,1614893,5016354,
000055.SZ,000055,20251209,93617190,5016368,0,0,B,43100,300,1617761,5016354,
000055.SZ,000055,20251209,93617190,5016369,0,0,B,43100,400,1710280,5016354,
000055.SZ,000055,20251209,93617190,5016370,0,0,B,43100,700,1743247,5016354,
000055.SZ,000055,20251209,93617190,5016371,0,0,B,43100,100,1776620,5016354,
000055.SZ,000055,20251209,93617190,5016372,0,0,B,43100,100,1778711,5016354,
000055.SZ,000055,20251209,93617190,5016373,0,0,B,43100,400,1784793,5016354,
000055.SZ,000055,20251209,93617190,5016374,0,0,B,43100,100,1903696,5016354,
000055.SZ,000055,20251209,93617190,5016375,0,0,B,43100,5600,1977838,5016354,
000055.SZ,000055,20251209,93617190,5016376,0,0,B,43100,5800,2098055,5016354,
000055.SZ,000055,20251209,93617190,5016377,0,0,B,43100,700,2177901,5016354,
000055.SZ,000055,20251209,93617190,5016378,0,0,B,43100,4700,2191959,5016354,
000055.SZ,000055,20251209,93617190,5016379,0,0,B,43100,300,2269332,5016354,
000055.SZ,000055,20251209,93617190,5016380,0,0,B,43100,7100,2279256,5016354,
000055.SZ,000055,20251209,93617190,5016558,0,0,B,43100,1300,2279256,5016557,
000055.SZ,000055,20251209,93617220,5016705,0,0,B,43100,1000,2279256,5016704,
000055.SZ,000055,20251209,93617230,5016838,0,0,B,43100,1400,2279256,5016837,
000055.SZ,000055,20251209,93617240,5017041,0,0,B,43100,100,2279256,5017040,
000055.SZ,000055,20251209,93617240,5017044,0,0,B,43100,100,2279256,5017043,
000055.SZ,000055,20251209,93617300,5017532,0,0,B,43100,100,2279256,5017531,
000055.SZ,000055,20251209,93618160,5023857,0,0,B,43100,700,2279256,5023856,
000055.SZ,000055,20251209,93621270,5051730,C,0, ,0,8000,0,3826098,
000055.SZ,000055,20251209,93627250,5097826,0,0,B,43100,300,2279256,5097825,
000055.SZ,000055,20251209,93630150,5118275,C,0, ,0,300,0,4258374,
000055.SZ,000055,20251209,93630680,5122358,0,0,B,43100,300,2279256,5122357,
000055.SZ,000055,20251209,93630710,5122531,0,0,B,43100,1600,2279256,5122530,
000055.SZ,000055,20251209,93632550,5136687,0,0,S,43000,100,5136686,4192258,
000055.SZ,000055,20251209,93633300,5141484,C,0, ,0,100,4081549,0,
000055.SZ,000055,20251209,93633650,5144503,0,0,S,43000,200,5144502,4192258,
000055.SZ,000055,20251209,93654960,5303993,0,0,S,43000,1400,5303992,4192258,
000055.SZ,000055,20251209,93654960,5303994,0,0,S,43000,5000,5303992,4266830,
000055.SZ,000055,20251209,93654960,5303995,0,0,S,43000,100,5303992,4312938,
000055.SZ,000055,20251209,93654960,5303996,0,0,S,43000,1400,5303992,4360205,
000055.SZ,000055,20251209,93654960,5304021,C,0, ,0,6200,0,4360205,
000055.SZ,000055,20251209,93702810,5368670,0,0,S,43000,600,5368669,4360312,
000055.SZ,000055,20251209,93708070,5415161,0,0,S,43000,100,5415160,4360312,
000055.SZ,000055,20251209,93708070,5415162,0,0,S,43000,400,5415160,4375036,
000055.SZ,000055,20251209,93708070,5415163,0,0,S,43000,100,5415160,4375187,
000055.SZ,000055,20251209,93708070,5415164,0,0,S,43000,100,5415160,4417821,
000055.SZ,000055,20251209,93708070,5415165,0,0,S,43000,9300,5415160,4516492,
000055.SZ,000055,20251209,93714420,5465961,C,0, ,0,2700,1582286,0,
000055.SZ,000055,20251209,93722830,5530048,C,0, ,0,1000,0,4930007,
000055.SZ,000055,20251209,93727890,5568774,0,0,B,43100,200,2279256,5568773,
000055.SZ,000055,20251209,93744000,5686772,0,0,B,43100,5000,2279256,5686771,
000055.SZ,000055,20251209,93751720,5744995,0,0,S,43000,700,5744994,4516492,
000055.SZ,000055,20251209,93754760,5766744,C,0, ,0,700,0,5030081,
000055.SZ,000055,20251209,93754760,5766745,C,0, ,0,600,0,5688036,
000055.SZ,000055,20251209,93757000,5782681,C,0, ,0,100,0,5397050,
000055.SZ,000055,20251209,93801210,5815106,0,0,S,43000,200,5815105,4516492,
000055.SZ,000055,20251209,93811660,5900016,C,0, ,0,3500,5683272,0,
000055.SZ,000055,20251209,93815100,5925683,C,0, ,0,30100,0,5080320,
000055.SZ,000055,20251209,93816250,5934857,C,0, ,0,13600,0,5306964,
000055.SZ,000055,20251209,93818390,5952052,0,0,S,43000,1800,5952051,4516492,
000055.SZ,000055,20251209,93818390,5952053,0,0,S,43000,2200,5952051,4557721,
000055.SZ,000055,20251209,93818390,5952054,0,0,S,43000,2200,5952051,4558421,
000055.SZ,000055,20251209,93818390,5952055,0,0,S,43000,2300,5952051,4565942,
000055.SZ,000055,20251209,93818390,5952056,0,0,S,43000,100,5952051,4566125,
000055.SZ,000055,20251209,93818390,5952057,0,0,S,43000,100,5952051,4566129,
000055.SZ,000055,20251209,93818390,5952058,0,0,S,43000,100,5952051,4566130,
000055.SZ,000055,20251209,93818390,5952059,0,0,S,43000,100,5952051,4578078,
000055.SZ,000055,20251209,93818390,5952060,0,0,S,43000,6100,5952051,4611262,
000055.SZ,000055,20251209,93818430,5952447,C,0, ,0,400,0,5016674,
000055.SZ,000055,20251209,93820360,5969216,0,0,S,43000,900,5969215,4611262,
000055.SZ,000055,20251209,93820410,5969591,0,0,S,43000,300,5969590,4611262,
000055.SZ,000055,20251209,93820860,5972418,C,0, ,0,14100,4629728,0,
000055.SZ,000055,20251209,93822200,5983052,0,0,S,43000,600,5983051,4611262,
000055.SZ,000055,20251209,93823710,5995107,0,0,S,43000,500,5995106,4611262,
000055.SZ,000055,20251209,93824250,5998281,0,0,S,43000,700,5998280,4611262,
000055.SZ,000055,20251209,93824250,5998357,0,0,S,43000,500,5998356,4611262,
000055.SZ,000055,20251209,93825260,6006505,C,0, ,0,8000,0,5281290,
000055.SZ,000055,20251209,93825540,6009474,0,0,S,43000,400,6009473,4611262,
000055.SZ,000055,20251209,93825540,6009475,0,0,S,43000,3100,6009473,4874997,
000055.SZ,000055,20251209,93826000,6012608,0,0,S,43000,200,6012607,4874997,
000055.SZ,000055,20251209,93826000,6012609,0,0,S,43000,100,6012607,5012813,
000055.SZ,000055,20251209,93826000,6012610,0,0,S,43000,200,6012607,5016284,
000055.SZ,000055,20251209,93827700,6024005,0,0,S,43000,100,6024004,5027646,
000055.SZ,000055,20251209,93827700,6024010,0,0,S,43000,100,6024009,5028176,
000055.SZ,000055,20251209,93829270,6034812,0,0,S,43000,100,6034811,5029601,
000055.SZ,000055,20251209,93829270,6034813,0,0,S,43000,100,6034811,5030961,
000055.SZ,000055,20251209,93829270,6034814,0,0,S,43000,100,6034811,5031437,
000055.SZ,000055,20251209,93829270,6034815,0,0,S,43000,100,6034811,5033237,
000055.SZ,000055,20251209,93829270,6034816,0,0,S,43000,100,6034811,5037395,
000055.SZ,000055,20251209,93829270,6034817,0,0,S,43000,100,6034811,5039119,
000055.SZ,000055,20251209,93829270,6034818,0,0,S,43000,100,6034811,5159847,
000055.SZ,000055,20251209,93829270,6034819,0,0,S,43000,8100,6034811,5166137,
000055.SZ,000055,20251209,93829270,6034820,0,0,S,43000,100,6034811,5436882,
000055.SZ,000055,20251209,93829270,6034821,0,0,S,43000,100,6034811,5437393,
000055.SZ,000055,20251209,93829300,6035015,0,0,S,43000,3300,6035014,5437393,
000055.SZ,000055,20251209,93829300,6035016,0,0,S,43000,100,6035014,5581240,
000055.SZ,000055,20251209,93829300,6035017,0,0,S,43000,200,6035014,5925834,
000055.SZ,000055,20251209,93829310,6035038,0,0,B,43000,2400,6035014,6035037,
000055.SZ,000055,20251209,93829310,6035067,0,0,S,43000,600,6035066,6035037,
000055.SZ,000055,20251209,93829910,6039051,C,0, ,0,4000,2321706,0,
000055.SZ,000055,20251209,93829910,6039052,C,0, ,0,3200,4318807,0,
000055.SZ,000055,20251209,93830160,6040528,C,0, ,0,100,5494374,0,
000055.SZ,000055,20251209,93830490,6043031,C,0, ,0,100,2472666,0,
000055.SZ,000055,20251209,93830500,6043095,C,0, ,0,700,852566,0,
000055.SZ,000055,20251209,93830500,6043101,C,0, ,0,1100,1126505,0,
000055.SZ,000055,20251209,93831460,6049804,0,0,B,43000,800,6035066,6049803,
000055.SZ,000055,20251209,93831460,6049805,0,0,B,43000,100,6035308,6049803,
000055.SZ,000055,20251209,93831460,6049806,0,0,B,43000,1000,6035705,6049803,
000055.SZ,000055,20251209,93831460,6049807,0,0,B,43000,3100,6039510,6049803,
000055.SZ,000055,20251209,93836160,6082908,0,0,B,43000,100,6039510,6082907,
000055.SZ,000055,20251209,93840930,6115754,0,0,S,42900,2000,6115753,1187745,
000055.SZ,000055,20251209,93840930,6115755,0,0,S,42900,2800,6115753,1194300,
000055.SZ,000055,20251209,93841960,6122026,C,0, ,0,4700,5409811,0,
000055.SZ,000055,20251209,93842510,6126318,C,0, ,0,5100,5474507,0,
000055.SZ,000055,20251209,93855470,6215775,0,0,S,42900,200,6215774,1194300,
000055.SZ,000055,20251209,93855470,6215776,0,0,S,42900,600,6215774,2870611,
000055.SZ,000055,20251209,93855470,6215777,0,0,S,42900,1200,6215774,3049349,
000055.SZ,000055,20251209,93855520,6216210,0,0,B,43000,4000,6039510,6216209,
000055.SZ,000055,20251209,93855520,6216211,0,0,B,43000,100,6047390,6216209,
000055.SZ,000055,20251209,93855520,6216212,0,0,B,43000,700,6050148,6216209,
000055.SZ,000055,20251209,93855520,6216213,0,0,B,43000,1400,6088197,6216209,
000055.SZ,000055,20251209,93855520,6216214,0,0,B,43000,200,6103248,6216209,
000055.SZ,000055,20251209,93855520,6216215,0,0,B,43000,1500,6107118,6216209,
000055.SZ,000055,20251209,93855750,6217769,C,0, ,0,600,2870610,0,
000055.SZ,000055,20251209,93856350,6221893,C,0, ,0,1000,5131221,0,
000055.SZ,000055,20251209,93912480,6343500,0,0,S,42900,1000,6343499,3049349,
000055.SZ,000055,20251209,93916080,6368954,C,0, ,0,4600,0,6035068,
000055.SZ,000055,20251209,93919830,6395760,C,0, ,0,100,2305653,0,
000055.SZ,000055,20251209,93923970,6420777,0,0,S,42900,2700,6420776,3049349,
000055.SZ,000055,20251209,93923970,6420778,0,0,S,42900,2000,6420776,3771789,
000055.SZ,000055,20251209,93927100,6440423,C,0, ,0,6900,936594,0,
000055.SZ,000055,20251209,93938690,6515104,C,0, ,0,500,0,4238576,
000055.SZ,000055,20251209,93939150,6517625,C,0, ,0,200,6317393,0,
000055.SZ,000055,20251209,93939150,6517627,C,0, ,0,100,5878657,0,
000055.SZ,000055,20251209,93939150,6517629,C,0, ,0,100,5649368,0,
000055.SZ,000055,20251209,93939150,6517633,C,0, ,0,100,5422271,0,
000055.SZ,000055,20251209,93941950,6535742,C,0, ,0,8000,0,6401499,
000055.SZ,000055,20251209,93945250,6554404,0,0,B,43000,1000,6107118,6554403,
000055.SZ,000055,20251209,93945280,6554606,0,0,S,42900,600,6554605,3771789,
000055.SZ,000055,20251209,93956480,6623362,0,0,S,42900,500,6623361,3771789,
000055.SZ,000055,20251209,93958190,6634865,0,0,S,42900,25400,6634864,3771789,
000055.SZ,000055,20251209,93958190,6634866,0,0,S,42900,12000,6634864,4313781,
000055.SZ,000055,20251209,93958190,6634867,0,0,S,42900,2000,6634864,4832761,
000055.SZ,000055,20251209,93958190,6634868,0,0,S,42900,29000,6634864,6063587,
000055.SZ,000055,20251209,93958190,6634892,C,0, ,0,600,4402019,0,
000055.SZ,000055,20251209,93958210,6635044,C,0, ,0,1600,0,6081681,
000055.SZ,000055,20251209,94000270,6647143,0,0,S,42900,100,6647142,6063587,
000055.SZ,000055,20251209,94001000,6653478,0,0,S,42900,900,6653477,6063587,
000055.SZ,000055,20251209,94001000,6653479,0,0,S,42900,400,6653477,6081552,
000055.SZ,000055,20251209,94001050,6653874,0,0,S,42900,400,6653873,6081552,
000055.SZ,000055,20251209,94001060,6653883,0,0,S,42900,100,6653882,6081552,
000055.SZ,000055,20251209,94001290,6655321,0,0,S,42900,1900,6655320,6081552,
000055.SZ,000055,20251209,94001310,6655451,0,0,S,42900,700,6655450,6081552,
000055.SZ,000055,20251209,94001310,6655452,0,0,S,42900,400,6655450,6082857,
000055.SZ,000055,20251209,94001310,6655453,0,0,S,42900,600,6655450,6125734,
000055.SZ,000055,20251209,94001310,6655454,0,0,S,42900,100,6655450,6179949,
000055.SZ,000055,20251209,94001310,6655455,0,0,S,42900,3100,6655450,6209961,
000055.SZ,000055,20251209,94001310,6655480,0,0,S,42900,100,6655479,6209961,
000055.SZ,000055,20251209,94001310,6655482,0,0,S,42900,100,6655481,6209961,
000055.SZ,000055,20251209,94001400,6656124,0,0,S,42900,2000,6656123,6209961,
000055.SZ,000055,20251209,94003210,6667813,0,0,S,42900,100,6667812,6209961,
000055.SZ,000055,20251209,94003280,6668369,0,0,S,42900,300,6668368,6209961,
000055.SZ,000055,20251209,94003280,6668371,0,0,S,42900,300,6668370,6209961,
000055.SZ,000055,20251209,94003320,6668624,0,0,S,42900,1900,6668623,6209961,
000055.SZ,000055,20251209,94003970,6673589,0,0,S,42900,1300,6673588,6209961,
000055.SZ,000055,20251209,94005000,6681450,0,0,S,42900,4000,6681449,6209961,
000055.SZ,000055,20251209,94005590,6686063,0,0,S,42900,6800,6686062,6209961,
000055.SZ,000055,20251209,94005590,6686064,0,0,S,42900,3200,6686062,6510665,
000055.SZ,000055,20251209,94006000,6689448,0,0,S,42900,100,6689447,6651665,
000055.SZ,000055,20251209,94006000,6689449,0,0,S,42900,900,6689447,6669271,
000055.SZ,000055,20251209,94006170,6690599,C,0, ,0,100,2601524,0,
000055.SZ,000055,20251209,94006300,6691932,C,0, ,0,700,1288292,0,
000055.SZ,000055,20251209,94006570,6695177,0,0,S,42900,300,6695176,6669271,
000055.SZ,000055,20251209,94007730,6704626,0,0,S,42800,600,6704625,205626,
000055.SZ,000055,20251209,94007750,6704748,C,0, ,0,100,6317399,0,
000055.SZ,000055,20251209,94009300,6714461,C,0, ,0,100,3388260,0,
000055.SZ,000055,20251209,94009300,6714477,C,0, ,0,100,5413206,0,
000055.SZ,000055,20251209,94009340,6714737,C,0, ,0,500,3005622,0,
000055.SZ,000055,20251209,94009360,6714837,C,0, ,0,100,5869438,0,
000055.SZ,000055,20251209,94009380,6714932,C,0, ,0,100,6488579,0,
000055.SZ,000055,20251209,94009510,6715832,C,0, ,0,700,2880362,0,
000055.SZ,000055,20251209,94009520,6715907,C,0, ,0,400,4793512,0,
000055.SZ,000055,20251209,94009640,6716802,C,0, ,0,2100,2998825,0,
000055.SZ,000055,20251209,94010050,6719434,C,0, ,0,100,3002917,0,
000055.SZ,000055,20251209,94010250,6720804,C,0, ,0,500,3383644,0,
000055.SZ,000055,20251209,94010310,6721193,C,0, ,0,300,5969023,0,
000055.SZ,000055,20251209,94010520,6722994,0,0,B,42900,900,6695176,6722993,
000055.SZ,000055,20251209,94010520,6722995,0,0,B,42900,100,6695581,6722993,
000055.SZ,000055,20251209,94010520,6722996,0,0,B,42900,500,6721389,6722993,
000055.SZ,000055,20251209,94010640,6723871,0,0,S,42900,1100,6723870,6722993,
000055.SZ,000055,20251209,94012490,6734672,0,0,B,42900,600,6723870,6734671,
000055.SZ,000055,20251209,94012490,6734673,0,0,B,42900,100,6726296,6734671,
000055.SZ,000055,20251209,94012490,6734674,0,0,B,42900,500,6727794,6734671,
000055.SZ,000055,20251209,94012490,6734675,0,0,B,42900,300,6728195,6734671,
000055.SZ,000055,20251209,94012490,6734708,0,0,S,42900,3100,6734707,6734671,
000055.SZ,000055,20251209,94012970,6737776,C,0, ,0,4800,6205140,0,
000055.SZ,000055,20251209,94014090,6744871,0,0,S,42800,200,6744870,205626,
000055.SZ,000055,20251209,94014090,6744872,0,0,S,42800,200,6744870,306878,
000055.SZ,000055,20251209,94014090,6744910,C,0, ,0,2100,0,6689494,
000055.SZ,000055,20251209,94016470,6765054,C,0, ,0,15900,6693684,0,
000055.SZ,000055,20251209,94016470,6765056,C,0, ,0,200,6693690,0,
000055.SZ,000055,20251209,94016470,6765057,C,0, ,0,2500,6693678,0,
000055.SZ,000055,20251209,94016470,6765059,C,0, ,0,2900,6693707,0,
000055.SZ,000055,20251209,94016470,6765105,C,0, ,0,700,6693685,0,
000055.SZ,000055,20251209,94016990,6770580,0,0,B,42900,3000,6736403,6770579,
000055.SZ,000055,20251209,94016990,6770581,0,0,B,42900,300,6739231,6770579,
000055.SZ,000055,20251209,94016990,6770582,0,0,B,42900,100,6739331,6770579,
000055.SZ,000055,20251209,94016990,6770583,0,0,B,42900,900,6742894,6770579,
000055.SZ,000055,20251209,94017310,6773044,C,0, ,0,300,6691944,0,
000055.SZ,000055,20251209,94017310,6773073,C,0, ,0,4300,6692069,0,
000055.SZ,000055,20251209,94017310,6773076,C,0, ,0,1100,6692077,0,
000055.SZ,000055,20251209,94017790,6776225,C,0, ,0,1100,6696850,0,
000055.SZ,000055,20251209,94017790,6776226,C,0, ,0,400,6696852,0,
000055.SZ,000055,20251209,94017790,6776227,C,0, ,0,400,6696851,0,
000055.SZ,000055,20251209,94017790,6776229,C,0, ,0,1000,6696853,0,
000055.SZ,000055,20251209,94017930,6777255,C,0, ,0,400,6697972,0,
000055.SZ,000055,20251209,94017960,6777440,C,0, ,0,2000,516340,0,
000055.SZ,000055,20251209,94018520,6781343,C,0, ,0,5100,6252160,0,
000055.SZ,000055,20251209,94019920,6792345,C,0, ,0,100,6396014,0,
000055.SZ,000055,20251209,94022720,6813282,C,0, ,0,700,5094693,0,
000055.SZ,000055,20251209,94024700,6825735,C,0, ,0,5000,6240781,0,
000055.SZ,000055,20251209,94037550,6909832,0,0,S,42800,1800,6909831,306878,
000055.SZ,000055,20251209,94037550,6909833,0,0,S,42800,200,6909831,340643,
000055.SZ,000055,20251209,94037550,6909834,0,0,S,42800,3100,6909831,386784,
000055.SZ,000055,20251209,94103600,7072854,0,0,S,42800,600,7072853,386784,
000055.SZ,000055,20251209,94111010,7119721,0,0,B,42900,100,6742894,7119720,
000055.SZ,000055,20251209,94111010,7119722,0,0,B,42900,100,6747409,7119720,
000055.SZ,000055,20251209,94111010,7119723,0,0,B,42900,4800,6757513,7119720,
000055.SZ,000055,20251209,94111960,7125054,0,0,B,42900,200,6757513,7125053,
000055.SZ,000055,20251209,94111960,7125055,0,0,B,42900,1300,6757636,7125053,
000055.SZ,000055,20251209,94111960,7125056,0,0,B,42900,300,6758633,7125053,
000055.SZ,000055,20251209,94111960,7125057,0,0,B,42900,100,6761059,7125053,
000055.SZ,000055,20251209,94111960,7125058,0,0,B,42900,600,6766536,7125053,
000055.SZ,000055,20251209,94112390,7127901,0,0,B,42900,100,6766536,7127900,
000055.SZ,000055,20251209,94112390,7127915,0,0,B,42900,100,6766536,7127914,
000055.SZ,000055,20251209,94112400,7127946,0,0,B,42900,3500,6766536,7127945,
000055.SZ,000055,20251209,94112400,7127947,0,0,B,42900,2200,6774195,7127945,
000055.SZ,000055,20251209,94112400,7127948,0,0,B,42900,700,6780058,7127945,
000055.SZ,000055,20251209,94112400,7127949,0,0,B,42900,400,6780977,7127945,
000055.SZ,000055,20251209,94113240,7133003,0,0,B,42900,800,6780977,7133002,
000055.SZ,000055,20251209,94113240,7133014,0,0,B,42900,900,6780977,7133013,
000055.SZ,000055,20251209,94113240,7133015,0,0,B,42900,1000,6783304,7133013,
000055.SZ,000055,20251209,94113240,7133016,0,0,B,42900,1200,6783554,7133013,
000055.SZ,000055,20251209,94113240,7133017,0,0,B,42900,500,6783777,7133013,
000055.SZ,000055,20251209,94113240,7133018,0,0,B,42900,100,6792781,7133013,
000055.SZ,000055,20251209,94113240,7133019,0,0,B,42900,500,6801989,7133013,
000055.SZ,000055,20251209,94113250,7133033,0,0,B,42900,200,6801989,7133032,
000055.SZ,000055,20251209,94113250,7133034,0,0,B,42900,2400,6832263,7133032,
000055.SZ,000055,20251209,94113250,7133053,0,0,B,42900,100,6832263,7133052,
000055.SZ,000055,20251209,94113250,7133057,0,0,B,42900,100,6832263,7133056,
000055.SZ,000055,20251209,94113260,7133198,0,0,B,42900,100,6832263,7133197,
000055.SZ,000055,20251209,94116800,7156020,0,0,B,42900,100,6832263,7156019,
000055.SZ,000055,20251209,94116800,7156024,0,0,B,42900,100,6832263,7156023,
000055.SZ,000055,20251209,94116800,7156027,0,0,B,42900,100,6832263,7156026,
000055.SZ,000055,20251209,94116800,7156031,0,0,B,42900,100,6832263,7156030,
000055.SZ,000055,20251209,94116800,7156033,0,0,B,42900,100,6832263,7156032,
000055.SZ,000055,20251209,94116800,7156037,0,0,B,42900,100,6832263,7156036,
000055.SZ,000055,20251209,94116800,7156039,0,0,B,42900,100,6832263,7156038,
000055.SZ,000055,20251209,94116800,7156050,0,0,B,42900,100,6832263,7156049,
000055.SZ,000055,20251209,94116800,7156078,0,0,B,42900,100,6832263,7156077,
000055.SZ,000055,20251209,94122750,7191226,0,0,S,42800,500,7191225,386784,
000055.SZ,000055,20251209,94132710,7247970,0,0,S,42800,4400,7247969,386784,
000055.SZ,000055,20251209,94132710,7247971,0,0,S,42800,700,7247969,431148,
000055.SZ,000055,20251209,94136840,7271733,0,0,S,42800,2700,7271732,431148,
000055.SZ,000055,20251209,94141950,7299511,0,0,B,42900,2500,6832263,7299510,
000055.SZ,000055,20251209,94141950,7299512,0,0,B,42900,1100,6847268,7299510,
000055.SZ,000055,20251209,94152730,7362971,0,0,S,42800,500,7362970,431148,
000055.SZ,000055,20251209,94156820,7385272,C,0, ,0,1000,6862381,0,
000055.SZ,000055,20251209,94215180,7490887,C,0, ,0,800,0,6627552,
000055.SZ,000055,20251209,94217010,7503487,0,0,S,42800,600,7503486,431148,
000055.SZ,000055,20251209,94217410,7505990,0,0,S,42800,1000,7505989,431148,
000055.SZ,000055,20251209,94220970,7525081,0,0,S,42800,500,7525080,431148,
000055.SZ,000055,20251209,94220970,7525082,0,0,S,42800,3600,7525080,546543,
000055.SZ,000055,20251209,94225480,7551067,0,0,B,42900,700,6847268,7551066,
000055.SZ,000055,20251209,94241380,7634173,0,0,B,42900,3200,6847268,7634172,
000055.SZ,000055,20251209,94241380,7634174,0,0,B,42900,100,6919794,7634172,
000055.SZ,000055,20251209,94241380,7634175,0,0,B,42900,700,6921848,7634172,
000055.SZ,000055,20251209,94241380,7634176,0,0,B,42900,400,6981939,7634172,
000055.SZ,000055,20251209,94241380,7634177,0,0,B,42900,600,7092728,7634172,
000055.SZ,000055,20251209,94241410,7634308,0,0,B,42900,100,7092728,7634307,
000055.SZ,000055,20251209,94241410,7634316,0,0,B,42900,100,7092728,7634315,
000055.SZ,000055,20251209,94241420,7634344,0,0,B,42900,100,7092728,7634343,
000055.SZ,000055,20251209,94241430,7634405,0,0,B,42900,100,7092728,7634404,
000055.SZ,000055,20251209,94241440,7634422,0,0,B,42900,100,7092728,7634421,
000055.SZ,000055,20251209,94250910,7687427,C,0, ,0,2200,6652951,0,
000055.SZ,000055,20251209,94307820,7778221,0,0,B,42900,800,7092728,7778220,
000055.SZ,000055,20251209,94307820,7778222,0,0,B,42900,100,7100957,7778220,
000055.SZ,000055,20251209,94307820,7778223,0,0,B,42900,1400,7236616,7778220,
000055.SZ,000055,20251209,94307820,7778224,0,0,B,42900,100,7237439,7778220,
000055.SZ,000055,20251209,94307820,7778225,0,0,B,42900,100,7285148,7778220,
000055.SZ,000055,20251209,94307820,7778226,0,0,B,42900,1000,7287898,7778220,
000055.SZ,000055,20251209,94307820,7778227,0,0,B,42900,1000,7291433,7778220,
000055.SZ,000055,20251209,94307820,7778228,0,0,B,42900,1000,7319867,7778220,
000055.SZ,000055,20251209,94307820,7778229,0,0,B,42900,700,7321719,7778220,
000055.SZ,000055,20251209,94307820,7778230,0,0,B,42900,1000,7328808,7778220,
000055.SZ,000055,20251209,94307820,7778231,0,0,B,42900,100,7374720,7778220,
000055.SZ,000055,20251209,94307820,7778232,0,0,B,42900,1200,7389416,7778220,
000055.SZ,000055,20251209,94307820,7778233,0,0,B,42900,1000,7389891,7778220,
000055.SZ,000055,20251209,94307820,7778234,0,0,B,42900,2000,7393785,7778220,
000055.SZ,000055,20251209,94307820,7778235,0,0,B,42900,100,7444738,7778220,
000055.SZ,000055,20251209,94307820,7778236,0,0,B,42900,100,7504192,7778220,
000055.SZ,000055,20251209,94307820,7778237,0,0,B,42900,1300,7609932,7778220,
000055.SZ,000055,20251209,94307820,7778238,0,0,B,42900,100,7623421,7778220,
000055.SZ,000055,20251209,94307820,7778239,0,0,B,42900,1900,7687886,7778220,
000055.SZ,000055,20251209,94307830,7778261,0,0,B,42900,100,7687886,7778260,
000055.SZ,000055,20251209,94307830,7778266,0,0,B,42900,100,7687886,7778265,
000055.SZ,000055,20251209,94315240,7815311,0,0,B,42900,100,7687886,7815310,
000055.SZ,000055,20251209,94328430,7882211,0,0,B,42900,1300,7717482,7882210,
000055.SZ,000055,20251209,94328430,7882212,0,0,B,42900,100,7778243,7882210,
000055.SZ,000055,20251209,94328430,7882213,0,0,B,42900,100,7778814,7882210,
000055.SZ,000055,20251209,94328430,7882214,0,0,B,42900,500,7784901,7882210,
000055.SZ,000055,20251209,94328430,7882215,0,0,B,42900,200,7805553,7882210,
000055.SZ,000055,20251209,94328430,7882216,0,0,B,42900,300,7805654,7882210,
000055.SZ,000055,20251209,94328430,7882217,0,0,B,42900,100,7850389,7882210,
000055.SZ,000055,20251209,94328430,7882231,0,0,S,42900,100,7882230,7882210,
000055.SZ,000055,20251209,94328450,7882391,C,0, ,0,400,0,7128211,
000055.SZ,000055,20251209,94330760,7893555,0,0,S,42900,3800,7893554,7882210,
000055.SZ,000055,20251209,94330760,7893556,0,0,S,42900,200,7893554,7882402,
000055.SZ,000055,20251209,94330760,7893557,0,0,S,42900,600,7893554,7887314,
000055.SZ,000055,20251209,94331270,7896149,C,0, ,0,300,6428802,0,
000055.SZ,000055,20251209,94332270,7901078,0,0,S,42900,300,7901077,7887314,
000055.SZ,000055,20251209,94332380,7901579,0,0,S,42900,100,7901578,7887314,
000055.SZ,000055,20251209,94332930,7903775,C,0, ,0,3600,0,6770361,
000055.SZ,000055,20251209,94333290,7905774,0,0,S,42900,1100,7905773,7887314,
000055.SZ,000055,20251209,94333290,7905775,0,0,S,42900,200,7905773,7893458,
000055.SZ,000055,20251209,94336160,7919707,C,0, ,0,500,0,6580955,
000055.SZ,000055,20251209,94341800,7946653,C,0, ,0,1100,7893723,0,
000055.SZ,000055,20251209,94341800,7946654,C,0, ,0,1000,7893724,0,
000055.SZ,000055,20251209,94341800,7946656,C,0, ,0,400,7893721,0,
000055.SZ,000055,20251209,94341800,7946658,C,0, ,0,400,7893725,0,
000055.SZ,000055,20251209,94341940,7947179,C,0, ,0,400,7894395,0,
000055.SZ,000055,20251209,94341980,7947308,C,0, ,0,500,7894670,0,
000055.SZ,000055,20251209,94342320,7949079,C,0, ,0,1100,7896613,0,
000055.SZ,000055,20251209,94342320,7949081,C,0, ,0,300,7896321,0,
000055.SZ,000055,20251209,94342320,7949082,C,0, ,0,200,7896320,0,
000055.SZ,000055,20251209,94342330,7949152,C,0, ,0,2900,7896616,0,
000055.SZ,000055,20251209,94342480,7949860,C,0, ,0,2900,7897373,0,
000055.SZ,000055,20251209,94342490,7949866,C,0, ,0,700,7897370,0,
000055.SZ,000055,20251209,94342490,7949872,C,0, ,0,200,7897360,0,
000055.SZ,000055,20251209,94342490,7949873,C,0, ,0,2500,7897374,0,
000055.SZ,000055,20251209,94342500,7949960,C,0, ,0,100,7902009,0,
000055.SZ,000055,20251209,94342550,7950153,C,0, ,0,100,7902182,0,
000055.SZ,000055,20251209,94343770,7956391,C,0, ,0,100,7903125,0,
000055.SZ,000055,20251209,94344030,7957609,C,0, ,0,100,6107585,0,
000055.SZ,000055,20251209,94344230,7958545,0,0,S,42800,100,7958544,546543,
000055.SZ,000055,20251209,94345320,7963151,C,0, ,0,200,6151035,0,
000055.SZ,000055,20251209,94345520,7964108,0,0,S,42800,200,7964107,546543,
000055.SZ,000055,20251209,94347960,7975267,0,0,B,42900,3600,7905773,7975266,
000055.SZ,000055,20251209,94356170,8016283,C,0, ,0,5000,0,5291462,
000055.SZ,000055,20251209,94359360,8031714,0,0,B,42900,100,7905773,8031713,
000055.SZ,000055,20251209,94359360,8031715,0,0,B,42900,300,7914069,8031713,
000055.SZ,000055,20251209,94359360,8031716,0,0,B,42900,100,7921022,8031713,
000055.SZ,000055,20251209,94359360,8031717,0,0,B,42900,600,7965318,8031713,
000055.SZ,000055,20251209,94359360,8031718,0,0,B,42900,1200,8022928,8031713,
000055.SZ,000055,20251209,94416730,8128071,C,0, ,0,100,5650263,0,
000055.SZ,000055,20251209,94416760,8128232,0,0,S,42900,600,8128231,8031713,
000055.SZ,000055,20251209,94424210,8165289,C,0, ,0,300,8103468,0,
000055.SZ,000055,20251209,94429850,8191627,C,0, ,0,13700,0,6846398,
000055.SZ,000055,20251209,94430120,8192844,0,0,B,43000,1500,6107118,8192843,
000055.SZ,000055,20251209,94430120,8192845,0,0,B,43000,600,6109699,8192843,
000055.SZ,000055,20251209,94430120,8192846,0,0,B,43000,1000,6127482,8192843,
000055.SZ,000055,20251209,94430120,8192847,0,0,B,43000,900,6128170,8192843,
000055.SZ,000055,20251209,94446390,8272997,C,0, ,0,1600,0,7906134,
000055.SZ,000055,20251209,94446520,8273537,C,0, ,0,200,6562258,0,
000055.SZ,000055,20251209,94450030,8287702,C,0, ,0,2000,0,8182697,
000055.SZ,000055,20251209,94450630,8290221,C,0, ,0,800,0,6903258,
000055.SZ,000055,20251209,94506160,8366169,C,0, ,0,1900,6689620,0,
000055.SZ,000055,20251209,94508730,8381839,C,0, ,0,7800,7320090,0,
000055.SZ,000055,20251209,94511720,8401769,0,0,S,42900,600,8401768,8031713,
000055.SZ,000055,20251209,94521560,8468921,C,0, ,0,6000,6634900,0,
000055.SZ,000055,20251209,94521610,8469422,0,0,S,42900,2300,8469421,8031713,
000055.SZ,000055,20251209,94548650,8608680,0,0,S,42900,700,8608679,8031713,
000055.SZ,000055,20251209,94548650,8608681,0,0,S,42900,500,8608679,8039200,
000055.SZ,000055,20251209,94548650,8608682,0,0,S,42900,100,8608679,8041955,
000055.SZ,000055,20251209,94548650,8608683,0,0,S,42900,500,8608679,8058372,
000055.SZ,000055,20251209,94548650,8608684,0,0,S,42900,100,8608679,8137484,
000055.SZ,000055,20251209,94551080,8621217,C,0, ,0,1000,0,6984744,
000055.SZ,000055,20251209,94559810,8667332,0,0,S,42900,400,8667331,8137484,
000055.SZ,000055,20251209,94604100,8693098,0,0,B,43000,1000,6128170,8693097,
000055.SZ,000055,20251209,94608810,8721784,0,0,S,42900,500,8721783,8137484,
000055.SZ,000055,20251209,94608810,8721786,0,0,S,42900,100,8721785,8137484,
000055.SZ,000055,20251209,94609460,8725960,0,0,S,42900,200,8725959,8137484,
000055.SZ,000055,20251209,94610070,8729444,0,0,S,42900,100,8729443,8137484,
000055.SZ,000055,20251209,94611410,8737395,0,0,S,42900,100,8737394,8137484,
000055.SZ,000055,20251209,94611420,8737410,0,0,S,42900,200,8737409,8137484,
000055.SZ,000055,20251209,94611800,8738877,0,0,S,42900,600,8738876,8137484,
000055.SZ,000055,20251209,94614310,8752034,0,0,S,42900,4600,8752033,8137484,
000055.SZ,000055,20251209,94614320,8752054,0,0,S,42900,200,8752053,8137484,
000055.SZ,000055,20251209,94614990,8754559,0,0,S,42900,100,8754558,8137484,
000055.SZ,000055,20251209,94615370,8756314,0,0,S,42900,100,8756313,8137484,
000055.SZ,000055,20251209,94615990,8759558,0,0,S,42900,200,8759557,8137484,
000055.SZ,000055,20251209,94616340,8761410,0,0,S,42900,100,8761409,8137484,
000055.SZ,000055,20251209,94616360,8761506,0,0,S,42900,100,8761505,8137484,
000055.SZ,000055,20251209,94617300,8765494,0,0,S,42900,100,8765493,8137484,
000055.SZ,000055,20251209,94617310,8765508,0,0,S,42900,200,8765507,8137484,
000055.SZ,000055,20251209,94617320,8765548,0,0,S,42900,100,8765547,8137484,
000055.SZ,000055,20251209,94617320,8765566,0,0,S,42900,100,8765565,8137484,
000055.SZ,000055,20251209,94617990,8768341,0,0,S,42900,200,8768340,8137484,
000055.SZ,000055,20251209,94619260,8774617,0,0,S,42900,100,8774616,8137484,
000055.SZ,000055,20251209,94619810,8777142,0,0,S,42900,300,8777141,8137484,
000055.SZ,000055,20251209,94619990,8777896,0,0,S,42900,100,8777895,8137484,
000055.SZ,000055,20251209,94620810,8781637,0,0,S,42900,200,8781636,8137484,
000055.SZ,000055,20251209,94621040,8782558,0,0,S,42900,100,8782557,8137484,
000055.SZ,000055,20251209,94622810,8791126,0,0,S,42900,400,8791125,8137484,
000055.SZ,000055,20251209,94624550,8799006,C,0, ,0,100,4150150,0,
000055.SZ,000055,20251209,94624550,8799007,C,0, ,0,100,5186097,0,
000055.SZ,000055,20251209,94624550,8799008,C,0, ,0,100,3403414,0,
000055.SZ,000055,20251209,94624550,8799013,C,0, ,0,100,3644175,0,
000055.SZ,000055,20251209,94624550,8799015,C,0, ,0,100,4265443,0,
000055.SZ,000055,20251209,94624660,8799757,0,0,S,42900,700,8799756,8137484,
000055.SZ,000055,20251209,94624810,8800674,0,0,S,42900,100,8800673,8137484,
000055.SZ,000055,20251209,94624810,8800676,0,0,S,42900,200,8800675,8137484,
000055.SZ,000055,20251209,94625000,8801611,0,0,S,42900,300,8801610,8137484,
000055.SZ,000055,20251209,94626060,8807425,0,0,S,42900,400,8807424,8137484,
000055.SZ,000055,20251209,94626070,8807500,0,0,S,42900,1200,8807499,8137484,
000055.SZ,000055,20251209,94627200,8812211,0,0,S,42900,500,8812210,8137484,
000055.SZ,000055,20251209,94627200,8812212,0,0,S,42900,1000,8812210,8174415,
000055.SZ,000055,20251209,94627790,8815399,0,0,S,42900,1000,8815398,8174415,
000055.SZ,000055,20251209,94627790,8815400,0,0,S,42900,200,8815398,8243870,
000055.SZ,000055,20251209,94628080,8816733,0,0,S,42900,200,8816732,8243870,
000055.SZ,000055,20251209,94628080,8816734,0,0,S,42900,1400,8816732,8291974,
000055.SZ,000055,20251209,94628280,8817896,0,0,S,42900,500,8817895,8291974,
000055.SZ,000055,20251209,94628320,8818110,0,0,S,42900,4900,8818109,8291974,
000055.SZ,000055,20251209,94628680,8819967,0,0,S,42900,900,8819966,8291974,
000055.SZ,000055,20251209,94630140,8826844,0,0,S,42900,300,8826843,8291974,
000055.SZ,000055,20251209,94630270,8827514,0,0,S,42900,200,8827513,8291974,
000055.SZ,000055,20251209,94632990,8840870,0,0,S,42900,200,8840869,8291974,
000055.SZ,000055,20251209,94634990,8851416,0,0,S,42900,1700,8851415,8291974,
000055.SZ,000055,20251209,94635310,8853154,0,0,S,42900,2500,8853153,8291974,
000055.SZ,000055,20251209,94636170,8857117,C,0, ,0,800,0,8431372,
000055.SZ,000055,20251209,94636170,8857118,C,0, ,0,500,0,8439034,
000055.SZ,000055,20251209,94636170,8857119,C,0, ,0,800,0,8434569,
000055.SZ,000055,20251209,94636170,8857120,C,0, ,0,300,0,8429737,
000055.SZ,000055,20251209,94636170,8857121,C,0, ,0,600,0,8438176,
000055.SZ,000055,20251209,94636170,8857142,C,0, ,0,200,0,8422559,
000055.SZ,000055,20251209,94636180,8857190,C,0, ,0,1000,0,8425040,
000055.SZ,000055,20251209,94636190,8857268,C,0, ,0,1000,0,8429797,
000055.SZ,000055,20251209,94636190,8857270,C,0, ,0,900,0,8429792,
000055.SZ,000055,20251209,94636190,8857273,C,0, ,0,200,0,8429798,
000055.SZ,000055,20251209,94639280,8872137,0,0,S,42900,100,8872136,8291974,
000055.SZ,000055,20251209,94641300,8881681,0,0,S,42900,900,8881680,8291974,
000055.SZ,000055,20251209,94641300,8881682,0,0,S,42900,800,8881680,8421210,
000055.SZ,000055,20251209,94641300,8881683,0,0,S,42900,400,8881680,8428321,
000055.SZ,000055,20251209,94643140,8889994,C,0, ,0,100,0,8640161,
000055.SZ,000055,20251209,94652520,8936325,0,0,S,42900,400,8936324,8428321,
000055.SZ,000055,20251209,94652520,8936326,0,0,S,42900,600,8936324,8434613,
000055.SZ,000055,20251209,94652520,8936327,0,0,S,42900,2200,8936324,8437578,
000055.SZ,000055,20251209,94659950,8971403,0,0,S,42900,100,8971402,8437578,
000055.SZ,000055,20251209,94700000,8971608,0,0,S,42900,300,8971607,8437578,
000055.SZ,000055,20251209,94706740,9010747,0,0,S,42900,500,9010746,8437578,
000055.SZ,000055,20251209,94714200,9047642,C,0, ,0,11100,8272890,0,
000055.SZ,000055,20251209,94714500,9048904,C,0, ,0,100,0,8899894,
000055.SZ,000055,20251209,94716440,9057538,0,0,B,43000,200,6128170,9057537,
000055.SZ,000055,20251209,94733340,9136330,C,0, ,0,800,0,1841767,
000055.SZ,000055,20251209,94737510,9158269,0,0,S,42900,1900,9158268,8437578,
000055.SZ,000055,20251209,94737510,9158270,0,0,S,42900,100,9158268,8445345,
000055.SZ,000055,20251209,94737510,9158271,0,0,S,42900,100,9158268,8445348,
000055.SZ,000055,20251209,94737510,9158272,0,0,S,42900,100,9158268,8445349,
000055.SZ,000055,20251209,94737510,9158273,0,0,S,42900,100,9158268,8445497,
000055.SZ,000055,20251209,94737510,9158274,0,0,S,42900,100,9158268,8445769,
000055.SZ,000055,20251209,94737510,9158275,0,0,S,42900,100,9158268,8455996,
000055.SZ,000055,20251209,94737510,9158276,0,0,S,42900,100,9158268,8456026,
000055.SZ,000055,20251209,94737510,9158277,0,0,S,42900,100,9158268,8456030,
000055.SZ,000055,20251209,94737510,9158278,0,0,S,42900,100,9158268,8456041,
000055.SZ,000055,20251209,94737510,9158279,0,0,S,42900,100,9158268,8456043,
000055.SZ,000055,20251209,94737510,9158280,0,0,S,42900,100,9158268,8456052,
000055.SZ,000055,20251209,94737510,9158281,0,0,S,42900,100,9158268,8456098,
000055.SZ,000055,20251209,94737510,9158282,0,0,S,42900,100,9158268,8456185,
000055.SZ,000055,20251209,94737510,9158283,0,0,S,42900,100,9158268,8456213,
000055.SZ,000055,20251209,94737510,9158284,0,0,S,42900,800,9158268,8611577,
000055.SZ,000055,20251209,94737510,9158285,0,0,S,42900,100,9158268,8631309,
000055.SZ,000055,20251209,94737510,9158286,0,0,S,42900,100,9158268,8752051,
000055.SZ,000055,20251209,94737510,9158287,0,0,S,42900,100,9158268,8774742,
000055.SZ,000055,20251209,94737510,9158288,0,0,S,42900,100,9158268,8774743,
000055.SZ,000055,20251209,94737510,9158289,0,0,S,42900,100,9158268,8774747,
000055.SZ,000055,20251209,94737510,9158290,0,0,S,42900,100,9158268,8776321,
000055.SZ,000055,20251209,94737510,9158291,0,0,S,42900,100,9158268,8778027,
000055.SZ,000055,20251209,94737510,9158292,0,0,S,42900,100,9158268,8778029,
000055.SZ,000055,20251209,94737510,9158293,0,0,S,42900,100,9158268,8778044,
000055.SZ,000055,20251209,94749720,9212450,0,0,S,42900,100,9212449,8778244,
000055.SZ,000055,20251209,94749720,9212451,0,0,S,42900,100,9212449,8812412,
000055.SZ,000055,20251209,94749720,9212452,0,0,S,42900,300,9212449,8826964,
000055.SZ,000055,20251209,94824780,9407628,0,0,S,42900,300,9407627,8826964,
000055.SZ,000055,20251209,94828290,9423156,0,0,B,43000,800,6128170,9423155,
000055.SZ,000055,20251209,94831040,9434832,0,0,S,42900,200,9434831,8923974,
000055.SZ,000055,20251209,94831040,9434833,0,0,S,42900,100,9434831,9010779,
000055.SZ,000055,20251209,94831040,9434834,0,0,S,42900,100,9434831,9010780,
000055.SZ,000055,20251209,94831040,9434835,0,0,S,42900,100,9434831,9010781,
000055.SZ,000055,20251209,94831040,9434836,0,0,S,42900,100,9434831,9010867,
000055.SZ,000055,20251209,94831040,9434837,0,0,S,42900,19400,9434831,9039573,
000055.SZ,000055,20251209,94831080,9435049,0,0,S,42900,100,9435048,9039573,
000055.SZ,000055,20251209,94833310,9444627,C,0, ,0,300,0,9051352,
000055.SZ,000055,20251209,94833320,9444688,C,0, ,0,1000,0,9051347,
000055.SZ,000055,20251209,94833320,9444689,C,0, ,0,500,0,9051353,
000055.SZ,000055,20251209,94833320,9444692,C,0, ,0,1000,0,9051355,
000055.SZ,000055,20251209,94833320,9444693,C,0, ,0,300,0,9051356,
000055.SZ,000055,20251209,94833320,9444706,C,0, ,0,700,0,9051357,
000055.SZ,000055,20251209,94833320,9444737,C,0, ,0,1100,0,9051372,
000055.SZ,000055,20251209,94833340,9444898,C,0, ,0,1000,0,9051404,
000055.SZ,000055,20251209,94833340,9444899,C,0, ,0,1100,0,9051405,
000055.SZ,000055,20251209,94833340,9444900,C,0, ,0,300,0,9051408,
000055.SZ,000055,20251209,94836190,9458283,0,0,S,42900,300,9458282,9039573,
000055.SZ,000055,20251209,94839930,9477046,C,0, ,0,11100,9423902,0,
000055.SZ,000055,20251209,94843570,9496337,C,0, ,0,200,8786551,0,
000055.SZ,000055,20251209,94843610,9496445,C,0, ,0,300,8785169,0,
000055.SZ,000055,20251209,94846410,9509731,C,0, ,0,100,8798003,0,
000055.SZ,000055,20251209,94846710,9511568,C,0, ,0,100,8799164,0,
000055.SZ,000055,20251209,94846790,9511823,C,0, ,0,200,8806815,0,
000055.SZ,000055,20251209,94848730,9520505,0,0,S,42900,200,9520504,9039573,
000055.SZ,000055,20251209,94848730,9520506,0,0,S,42900,200,9520504,9132611,
000055.SZ,000055,20251209,94848730,9520507,0,0,S,42900,100,9520504,9136984,
000055.SZ,000055,20251209,94850130,9527239,C,0, ,0,600,0,9430099,
000055.SZ,000055,20251209,94851590,9533249,0,0,S,42900,200,9533248,9136984,
000055.SZ,000055,20251209,94852040,9535157,0,0,S,42900,100,9535156,9137292,
000055.SZ,000055,20251209,94852040,9535158,0,0,S,42900,200,9535156,9137330,
000055.SZ,000055,20251209,94852880,9539153,C,0, ,0,1000,0,7914310,
000055.SZ,000055,20251209,94854500,9547404,0,0,S,42900,100,9547403,9137330,
000055.SZ,000055,20251209,94855040,9550374,C,0, ,0,100,0,7834363,
000055.SZ,000055,20251209,94855350,9551947,C,0, ,0,200,0,7732637,
000055.SZ,000055,20251209,94855440,9552451,C,0, ,0,100,0,7344170,
000055.SZ,000055,20251209,94855470,9552575,C,0, ,0,100,0,6877140,
000055.SZ,000055,20251209,94855530,9552883,C,0, ,0,200,0,6837487,
000055.SZ,000055,20251209,94855700,9553687,C,0, ,0,100,0,6879696,
000055.SZ,000055,20251209,94855730,9553809,C,0, ,0,200,0,7853617,
000055.SZ,000055,20251209,94855850,9554462,C,0, ,0,200,8849377,0,
000055.SZ,000055,20251209,94855860,9554485,C,0, ,0,200,8844199,0,
000055.SZ,000055,20251209,94855870,9554521,C,0, ,0,100,0,7271467,
000055.SZ,000055,20251209,94855880,9554543,C,0, ,0,1300,8845076,0,
000055.SZ,000055,20251209,94855880,9554546,C,0, ,0,200,8845078,0,
000055.SZ,000055,20251209,94855910,9554705,C,0, ,0,100,0,7594854,
000055.SZ,000055,20251209,94856380,9556879,C,0, ,0,100,0,7847667,
000055.SZ,000055,20251209,94856380,9556880,C,0, ,0,100,0,6884152,
000055.SZ,000055,20251209,94856660,9557946,C,0, ,0,100,0,7845349,
000055.SZ,000055,20251209,94858460,9566905,C,0, ,0,1300,8859042,0,
000055.SZ,000055,20251209,94858560,9567591,C,0, ,0,100,8860431,0,
000055.SZ,000055,20251209,94858560,9567592,C,0, ,0,600,8859359,0,
000055.SZ,000055,20251209,94858710,9568275,C,0, ,0,100,8860249,0,
000055.SZ,000055,20251209,94858810,9568805,C,0, ,0,200,8859687,0,
000055.SZ,000055,20251209,94859310,9571401,C,0, ,0,200,8860647,0,
000055.SZ,000055,20251209,94901210,9581463,C,0, ,0,200,8871803,0,
000055.SZ,000055,20251209,94901600,9583674,C,0, ,0,200,8901197,0,
000055.SZ,000055,20251209,94901700,9584310,C,0, ,0,100,8876465,0,
000055.SZ,000055,20251209,94901760,9584593,C,0, ,0,1200,8874840,0,
000055.SZ,000055,20251209,94901780,9584700,C,0, ,0,100,8916102,0,
000055.SZ,000055,20251209,94901820,9584984,C,0, ,0,300,8874680,0,
000055.SZ,000055,20251209,94903770,9594878,0,0,S,42900,200,9594877,9137330,
000055.SZ,000055,20251209,94904670,9600014,C,0, ,0,100,8909560,0,
000055.SZ,000055,20251209,94904670,9600015,C,0, ,0,100,8911540,0,
000055.SZ,000055,20251209,94904700,9600157,0,0,S,42900,100,9600156,9140207,
000055.SZ,000055,20251209,94904700,9600158,0,0,S,42900,100,9600156,9140211,
000055.SZ,000055,20251209,94904890,9601072,0,0,B,43000,1100,6128170,9601071,
000055.SZ,000055,20251209,94904890,9601073,0,0,B,43000,800,6130798,9601071,
000055.SZ,000055,20251209,94904990,9601436,C,0, ,0,100,8891122,0,
000055.SZ,000055,20251209,94905010,9601496,C,0, ,0,800,8918462,0,
000055.SZ,000055,20251209,94905180,9602383,C,0, ,0,1500,8941909,0,
000055.SZ,000055,20251209,94906330,9608235,0,0,S,42900,1300,9608234,9140717,
000055.SZ,000055,20251209,94906850,9610999,0,0,S,42900,100,9610998,9140717,
000055.SZ,000055,20251209,94907550,9615118,C,0, ,0,100,8930000,0,
000055.SZ,000055,20251209,94907730,9616003,C,0, ,0,1500,8910276,0,
000055.SZ,000055,20251209,94912650,9639937,0,0,S,42900,100,9639936,9140717,
000055.SZ,000055,20251209,94912740,9640420,0,0,S,42900,100,9640419,9140717,
000055.SZ,000055,20251209,94915580,9653681,0,0,S,42900,100,9653680,9140717,
000055.SZ,000055,20251209,94917110,9660465,0,0,B,43000,200,6130798,9660464,
000055.SZ,000055,20251209,94917110,9660466,0,0,B,43000,100,6151225,9660464,
000055.SZ,000055,20251209,94917110,9660467,0,0,B,43000,3000,6151405,9660464,
000055.SZ,000055,20251209,94917110,9660468,0,0,B,43000,1000,6154168,9660464,
000055.SZ,000055,20251209,94917110,9660469,0,0,B,43000,1000,6169020,9660464,
000055.SZ,000055,20251209,94917110,9660470,0,0,B,43000,600,6219691,9660464,
000055.SZ,000055,20251209,94917110,9660471,0,0,B,43000,1200,6251721,9660464,
000055.SZ,000055,20251209,94917110,9660472,0,0,B,43000,1000,6254091,9660464,
000055.SZ,000055,20251209,94917110,9660473,0,0,B,43000,2000,6259336,9660464,
000055.SZ,000055,20251209,94917110,9660474,0,0,B,43000,700,6358307,9660464,
000055.SZ,000055,20251209,94917110,9660475,0,0,B,43000,100,6358344,9660464,
000055.SZ,000055,20251209,94917110,9660476,0,0,B,43000,7300,6404076,9660464,
000055.SZ,000055,20251209,94917110,9660477,0,0,B,43000,700,6428950,9660464,
000055.SZ,000055,20251209,94917110,9660478,0,0,B,43000,1100,6428983,9660464,
000055.SZ,000055,20251209,94917330,9661294,C,0, ,0,500,8886567,0,
000055.SZ,000055,20251209,94917400,9661612,C,0, ,0,600,0,6219692,
000055.SZ,000055,20251209,94921730,9680613,0,0,S,42900,500,9680612,9140717,
000055.SZ,000055,20251209,94921730,9680626,C,0, ,0,200,8971382,0,
000055.SZ,000055,20251209,94926780,9702195,C,0, ,0,300,9012086,0,
000055.SZ,000055,20251209,94933460,9730331,C,0, ,0,100,0,9064341,
000055.SZ,000055,20251209,94934300,9733983,C,0, ,0,100,9197514,0,
000055.SZ,000055,20251209,94934330,9734199,C,0, ,0,100,9188344,0,
000055.SZ,000055,20251209,94950310,9799951,0,0,S,42900,200,9799950,9140717,
000055.SZ,000055,20251209,95006000,9875499,0,0,S,42900,100,9875498,9140717,
000055.SZ,000055,20251209,95006180,9876362,0,0,S,42900,100,9876361,9140717,
000055.SZ,000055,20251209,95008750,9890523,C,0, ,0,2400,315936,0,
000055.SZ,000055,20251209,95016790,9927317,0,0,S,42900,400,9927316,9140717,
000055.SZ,000055,20251209,95018970,9939916,C,0, ,0,6000,0,6695415,
000055.SZ,000055,20251209,95020440,9950092,C,0, ,0,100,0,9739237,
000055.SZ,000055,20251209,95023790,9968222,0,0,S,42900,500,9968221,9140717,
000055.SZ,000055,20251209,95029880,9997807,0,0,S,42900,1000,9997806,9140717,
000055.SZ,000055,20251209,95030360,10000381,0,0,B,43000,400,6428983,10000380,
000055.SZ,000055,20251209,95041810,10054042,0,0,S,42900,100,10054041,9140717,
000055.SZ,000055,20251209,95045390,10073706,0,0,S,42900,600,10073705,9140717,
000055.SZ,000055,20251209,95045390,10073707,0,0,S,42900,100,10073705,9142658,
000055.SZ,000055,20251209,95045390,10073708,0,0,S,42900,200,10073705,9142728,
000055.SZ,000055,20251209,95045390,10073709,0,0,S,42900,100,10073705,9147484,
000055.SZ,000055,20251209,95045390,10073710,0,0,S,42900,200,10073705,9148935,
000055.SZ,000055,20251209,95045390,10073711,0,0,S,42900,100,10073705,9151827,
000055.SZ,000055,20251209,95048580,10090233,0,0,S,42900,100,10090232,9151827,
000055.SZ,000055,20251209,95048580,10090234,0,0,S,42900,100,10090232,9162078,
000055.SZ,000055,20251209,95048580,10090235,0,0,S,42900,200,10090232,9162369,
000055.SZ,000055,20251209,95048580,10090236,0,0,S,42900,1100,10090232,9167503,
000055.SZ,000055,20251209,95048580,10090237,0,0,S,42900,900,10090232,9167947,
000055.SZ,000055,20251209,95048790,10091470,0,0,S,42900,1200,10091469,9167947,
000055.SZ,000055,20251209,95049570,10095978,0,0,S,42900,700,10095977,9167947,
000055.SZ,000055,20251209,95051660,10105593,0,0,S,42900,2200,10105592,9167947,
000055.SZ,000055,20251209,95051990,10107074,0,0,S,42900,2400,10107073,9167947,
000055.SZ,000055,20251209,95052000,10107098,0,0,S,42900,500,10107097,9167947,
000055.SZ,000055,20251209,95052350,10109041,0,0,S,42900,200,10109040,9167947,
000055.SZ,000055,20251209,95052350,10109042,0,0,S,42900,300,10109040,9168030,
000055.SZ,000055,20251209,95052350,10109043,0,0,S,42900,900,10109040,9506084,
000055.SZ,000055,20251209,95052350,10109048,0,0,S,42900,100,10109047,9506084,
000055.SZ,000055,20251209,95052350,10109049,0,0,S,42900,1600,10109047,9506152,
000055.SZ,000055,20251209,95052350,10109050,0,0,S,42900,1000,10109047,9518385,
000055.SZ,000055,20251209,95052350,10109051,0,0,S,42900,600,10109047,9518386,
000055.SZ,000055,20251209,95052350,10109052,0,0,S,42900,1000,10109047,9518387,
000055.SZ,000055,20251209,95052350,10109053,0,0,S,42900,300,10109047,9518404,
000055.SZ,000055,20251209,95052350,10109054,0,0,S,42900,800,10109047,9518405,
000055.SZ,000055,20251209,95052350,10109055,0,0,S,42900,300,10109047,9518427,
000055.SZ,000055,20251209,95052350,10109056,0,0,S,42900,1200,10109047,9518450,
000055.SZ,000055,20251209,95052350,10109057,0,0,S,42900,1100,10109047,9518514,
000055.SZ,000055,20251209,95052350,10109058,0,0,S,42900,1200,10109047,9518515,
000055.SZ,000055,20251209,95052350,10109059,0,0,S,42900,300,10109047,9518516,
000055.SZ,000055,20251209,95052350,10109060,0,0,S,42900,500,10109047,9523018,
000055.SZ,000055,20251209,95052390,10109217,0,0,S,42900,200,10109216,9523018,
000055.SZ,000055,20251209,95052390,10109219,0,0,S,42900,300,10109218,9523018,
000055.SZ,000055,20251209,95052390,10109220,0,0,S,42900,200,10109218,9523480,
000055.SZ,000055,20251209,95052420,10109392,0,0,S,42900,300,10109391,9523480,
000055.SZ,000055,20251209,95052420,10109395,0,0,S,42900,100,10109394,9523480,
000055.SZ,000055,20251209,95052420,10109409,0,0,S,42900,100,10109408,9523480,
000055.SZ,000055,20251209,95052430,10109415,0,0,S,42900,1100,10109414,9523480,
000055.SZ,000055,20251209,95052460,10109587,0,0,S,42900,800,10109586,9523480,
000055.SZ,000055,20251209,95052460,10109589,0,0,S,42900,100,10109588,9523480,
000055.SZ,000055,20251209,95052520,10109827,0,0,S,42900,200,10109826,9523480,
000055.SZ,000055,20251209,95052550,10110087,0,0,S,42900,4000,10110086,9523480,
000055.SZ,000055,20251209,95053000,10112108,0,0,S,42900,1100,10112107,9523480,
000055.SZ,000055,20251209,95053000,10112109,0,0,S,42900,200,10112107,9530784,
000055.SZ,000055,20251209,95053000,10112112,0,0,S,42900,400,10112111,9530784,
000055.SZ,000055,20251209,95053020,10112200,0,0,S,42900,100,10112199,9530784,
000055.SZ,000055,20251209,95053020,10112219,0,0,S,42900,100,10112218,9530784,
000055.SZ,000055,20251209,95053080,10112488,0,0,S,42900,100,10112487,9530784,
000055.SZ,000055,20251209,95053920,10116213,0,0,S,42900,100,10116212,9530784,
000055.SZ,000055,20251209,95054020,10116579,0,0,S,42900,500,10116578,9530784,
000055.SZ,000055,20251209,95054170,10117094,0,0,S,42900,100,10117093,9530784,
000055.SZ,000055,20251209,95054190,10117218,0,0,S,42900,100,10117217,9530784,
000055.SZ,000055,20251209,95054710,10119389,0,0,S,42900,1300,10119388,9530784,
000055.SZ,000055,20251209,95054790,10119737,0,0,S,42900,1200,10119736,9530784,
000055.SZ,000055,20251209,95054920,10120372,0,0,S,42900,1200,10120371,9530784,
000055.SZ,000055,20251209,95055100,10121172,C,0, ,0,300,8831693,0,
000055.SZ,000055,20251209,95056890,10129216,C,0, ,0,1000,0,9558728,
000055.SZ,000055,20251209,95057740,10132396,C,0, ,0,1000,0,6938025,
000055.SZ,000055,20251209,95058890,10138680,0,0,S,42900,2300,10138679,9530784,
000055.SZ,000055,20251209,95058890,10138681,0,0,S,42900,200,10138679,9533316,
000055.SZ,000055,20251209,95058890,10138682,0,0,S,42900,200,10138679,9535071,
000055.SZ,000055,20251209,95058890,10138683,0,0,S,42900,4000,10138679,9536574,
000055.SZ,000055,20251209,95058890,10138684,0,0,S,42900,3000,10138679,9548777,
000055.SZ,000055,20251209,95058890,10138685,0,0,S,42900,200,10138679,9556653,
000055.SZ,000055,20251209,95058890,10138686,0,0,S,42900,100,10138679,9556975,
000055.SZ,000055,20251209,95058890,10138687,0,0,S,42900,100,10138679,9557541,
000055.SZ,000055,20251209,95058890,10138688,0,0,S,42900,1100,10138679,9573531,
000055.SZ,000055,20251209,95058890,10138689,0,0,S,42900,600,10138679,9662302,
000055.SZ,000055,20251209,95058890,10138690,0,0,S,42900,500,10138679,9705137,
000055.SZ,000055,20251209,95058890,10138691,0,0,S,42900,8200,10138679,9729469,
000055.SZ,000055,20251209,95058890,10138728,0,0,S,42900,4800,10138727,9729469,
000055.SZ,000055,20251209,95058890,10138729,0,0,S,42900,1200,10138727,9766600,
000055.SZ,000055,20251209,95058890,10138730,0,0,S,42900,100,10138727,10023461,
000055.SZ,000055,20251209,95058890,10138731,0,0,S,42900,100,10138727,10023477,
000055.SZ,000055,20251209,95058890,10138732,0,0,S,42900,100,10138727,10023478,
000055.SZ,000055,20251209,95058890,10138733,0,0,S,42900,100,10138727,10023479,
000055.SZ,000055,20251209,95058890,10138734,0,0,S,42900,100,10138727,10023485,
000055.SZ,000055,20251209,95058890,10138735,0,0,S,42900,100,10138727,10023509,
000055.SZ,000055,20251209,95058890,10138736,0,0,S,42900,100,10138727,10054064,
000055.SZ,000055,20251209,95058890,10138737,0,0,S,42900,100,10138727,10054066,
000055.SZ,000055,20251209,95058890,10138738,0,0,S,42900,100,10138727,10054067,
000055.SZ,000055,20251209,95058890,10138739,0,0,S,42900,100,10138727,10054068,
000055.SZ,000055,20251209,95058890,10138740,0,0,S,42900,100,10138727,10054072,
000055.SZ,000055,20251209,95058890,10138741,0,0,S,42900,100,10138727,10054073,
000055.SZ,000055,20251209,95058890,10138742,0,0,S,42900,100,10138727,10054074,
000055.SZ,000055,20251209,95058890,10138743,0,0,S,42900,100,10138727,10054076,
000055.SZ,000055,20251209,95058890,10138744,0,0,S,42900,100,10138727,10054077,
000055.SZ,000055,20251209,95058890,10138745,0,0,S,42900,100,10138727,10054078,
000055.SZ,000055,20251209,95058890,10138746,0,0,S,42900,100,10138727,10054079,
000055.SZ,000055,20251209,95058890,10138747,0,0,S,42900,100,10138727,10054082,
000055.SZ,000055,20251209,95058890,10138748,0,0,S,42900,100,10138727,10054085,
000055.SZ,000055,20251209,95058890,10138749,0,0,S,42900,100,10138727,10054124,
000055.SZ,000055,20251209,95058890,10138750,0,0,S,42900,100,10138727,10054190,
000055.SZ,000055,20251209,95058890,10138751,0,0,S,42900,400,10138727,10110063,
000055.SZ,000055,20251209,95058890,10138752,0,0,S,42900,2400,10138727,10119887,
000055.SZ,000055,20251209,95058900,10138777,0,0,S,42900,100,10138776,10138764,
000055.SZ,000055,20251209,95058920,10138874,0,0,S,42900,100,10138873,10138838,
000055.SZ,000055,20251209,95058920,10138875,0,0,S,42900,100,10138873,10138840,
000055.SZ,000055,20251209,95058920,10138876,0,0,S,42900,100,10138873,10138842,
000055.SZ,000055,20251209,95058920,10138877,0,0,S,42900,100,10138873,10138847,
000055.SZ,000055,20251209,95058920,10138878,0,0,S,42900,100,10138873,10138863,
000055.SZ,000055,20251209,95058930,10138929,0,0,S,42900,100,10138928,10138913,
000055.SZ,000055,20251209,95058930,10138931,0,0,S,42900,100,10138930,10138916,
000055.SZ,000055,20251209,95058940,10138972,0,0,S,42900,100,10138971,10138937,
000055.SZ,000055,20251209,95058940,10139004,0,0,S,42900,100,10139003,10138969,
000055.SZ,000055,20251209,95058950,10139034,0,0,S,42900,100,10139033,10138977,
000055.SZ,000055,20251209,95059100,10139982,C,0, ,0,600,9662118,0,
000055.SZ,000055,20251209,95059280,10141412,C,0, ,0,200,9587108,0,
000055.SZ,000055,20251209,95059360,10142239,C,0, ,0,300,9587160,0,
000055.SZ,000055,20251209,95059360,10142255,C,0, ,0,300,9587175,0,
000055.SZ,000055,20251209,95059360,10142284,C,0, ,0,300,9587739,0,
000055.SZ,000055,20251209,95059380,10142385,C,0, ,0,300,9587666,0,
000055.SZ,000055,20251209,95100340,10146868,C,0, ,0,1100,8043497,0,
000055.SZ,000055,20251209,95100340,10146870,C,0, ,0,2900,8043506,0,
000055.SZ,000055,20251209,95100350,10146881,C,0, ,0,200,8043331,0,
000055.SZ,000055,20251209,95100350,10146882,C,0, ,0,300,8043326,0,
000055.SZ,000055,20251209,95100520,10147938,C,0, ,0,2500,8044525,0,
000055.SZ,000055,20251209,95100520,10147940,C,0, ,0,700,8044533,0,
000055.SZ,000055,20251209,95100520,10147941,C,0, ,0,200,8044532,0,
000055.SZ,000055,20251209,95100520,10147944,C,0, ,0,9700,8044534,0,
000055.SZ,000055,20251209,95100520,10147952,C,0, ,0,2900,8044545,0,
000055.SZ,000055,20251209,95100520,10147975,C,0, ,0,100,8044648,0,
000055.SZ,000055,20251209,95100570,10148255,C,0, ,0,100,8045043,0,
000055.SZ,000055,20251209,95100790,10149507,C,0, ,0,100,8047098,0,
000055.SZ,000055,20251209,95100830,10149819,C,0, ,0,1100,8047285,0,
000055.SZ,000055,20251209,95100830,10149820,C,0, ,0,400,8047286,0,
000055.SZ,000055,20251209,95100830,10149821,C,0, ,0,400,8047289,0,
000055.SZ,000055,20251209,95100830,10149822,C,0, ,0,1000,8047287,0,
000055.SZ,000055,20251209,95100960,10150475,C,0, ,0,400,8040650,0,
000055.SZ,000055,20251209,95101010,10150720,C,0, ,0,500,8041014,0,
000055.SZ,000055,20251209,95103730,10165162,0,0,S,42800,500,10165161,546543,
000055.SZ,000055,20251209,95104900,10171916,C,0, ,0,100,9271052,0,
000055.SZ,000055,20251209,95105310,10174153,C,0, ,0,100,10139091,0,
000055.SZ,000055,20251209,95106470,10180090,C,0, ,0,300,0,9427144,
000055.SZ,000055,20251209,95115150,10219986,C,0, ,0,1600,8636240,0,
000055.SZ,000055,20251209,95115150,10220000,C,0, ,0,1900,8755688,0,
000055.SZ,000055,20251209,95115220,10220380,C,0, ,0,2700,6513668,0,
000055.SZ,000055,20251209,95115610,10222729,C,0, ,0,100,8495759,0,
000055.SZ,000055,20251209,95116290,10226429,C,0, ,0,200,9546073,0,
000055.SZ,000055,20251209,95116510,10227351,C,0, ,0,100,9547396,0,
000055.SZ,000055,20251209,95117400,10231308,C,0, ,0,3000,0,485860,
000055.SZ,000055,20251209,95120370,10244283,C,0, ,0,7000,3860549,0,
000055.SZ,000055,20251209,95124360,10262539,0,0,S,42800,200,10262538,546543,
000055.SZ,000055,20251209,95124360,10262549,0,0,S,42800,100,10262548,546543,
000055.SZ,000055,20251209,95125320,10267080,C,0, ,0,200,9595321,0,
000055.SZ,000055,20251209,95125330,10267155,C,0, ,0,1300,9594876,0,
000055.SZ,000055,20251209,95128250,10279483,C,0, ,0,100,9610837,0,
000055.SZ,000055,20251209,95128260,10279515,C,0, ,0,200,9610579,0,
000055.SZ,000055,20251209,95128350,10280112,C,0, ,0,600,9610843,0,
000055.SZ,000055,20251209,95128400,10280319,C,0, ,0,200,9613092,0,
000055.SZ,000055,20251209,95131280,10293196,C,0, ,0,200,9623502,0,
000055.SZ,000055,20251209,95131320,10293375,C,0, ,0,100,9626334,0,
000055.SZ,000055,20251209,95131320,10293387,C,0, ,0,1200,9625496,0,
000055.SZ,000055,20251209,95131320,10293419,C,0, ,0,200,9626226,0,
000055.SZ,000055,20251209,95131330,10293425,C,0, ,0,300,9624289,0,
000055.SZ,000055,20251209,95131340,10293507,C,0, ,0,100,9625576,0,
000055.SZ,000055,20251209,95133210,10300878,0,0,S,42800,1300,10300877,546543,
000055.SZ,000055,20251209,95134350,10306272,C,0, ,0,100,9639000,0,
000055.SZ,000055,20251209,95134360,10306292,C,0, ,0,800,9638874,0,
000055.SZ,000055,20251209,95134490,10307000,C,0, ,0,1500,9639382,0,
000055.SZ,000055,20251209,95137290,10320415,C,0, ,0,1500,9653551,0,
000055.SZ,000055,20251209,95139350,10329372,0,0,S,42800,1200,10329371,546543,
000055.SZ,000055,20251209,95139370,10329449,0,0,S,42800,100,10329448,546543,
000055.SZ,000055,20251209,95139370,10329457,0,0,S,42800,200,10329456,546543,
000055.SZ,000055,20251209,95139380,10329480,0,0,S,42800,300,10329479,546543,
000055.SZ,000055,20251209,95142250,10342356,0,0,S,42800,1500,10342355,546543,
000055.SZ,000055,20251209,95142260,10342496,0,0,S,42800,100,10342495,546543,
000055.SZ,000055,20251209,95142280,10342546,0,0,S,42800,700,10342545,546543,
000055.SZ,000055,20251209,95142280,10342547,0,0,S,42800,100,10342545,695655,
000055.SZ,000055,20251209,95145500,10356589,0,0,S,42800,1500,10356588,695655,
000055.SZ,000055,20251209,95149470,10373013,C,0, ,0,500,9809678,0,
000055.SZ,000055,20251209,95151290,10381672,C,0, ,0,5000,8875691,0,
000055.SZ,000055,20251209,95152270,10386775,C,0, ,0,200,9819657,0,
000055.SZ,000055,20251209,95154310,10396072,0,0,S,42800,500,10396071,695655,
000055.SZ,000055,20251209,95157750,10410717,0,0,S,42800,500,10410716,695655,
000055.SZ,000055,20251209,95158260,10412721,C,0, ,0,300,9839150,0,
000055.SZ,000055,20251209,95200410,10421229,0,0,S,42800,300,10421228,695655,
000055.SZ,000055,20251209,95203360,10437436,0,0,S,42800,800,10437435,695655,
000055.SZ,000055,20251209,95203520,10438195,0,0,S,42800,800,10438194,695655,
000055.SZ,000055,20251209,95204350,10442769,0,0,S,42800,200,10442768,695655,
000055.SZ,000055,20251209,95204350,10442771,0,0,S,42800,300,10442770,695655,
000055.SZ,000055,20251209,95204350,10442773,0,0,S,42800,1100,10442772,1979794,
000055.SZ,000055,20251209,95204390,10442995,0,0,S,42800,100,10442994,1979794,
000055.SZ,000055,20251209,95204520,10443723,0,0,S,42800,200,10443722,1979794,
000055.SZ,000055,20251209,95204530,10443728,0,0,S,42800,700,10443727,1979794,
000055.SZ,000055,20251209,95204530,10443736,0,0,S,42800,1400,10443735,1979794,
000055.SZ,000055,20251209,95204800,10444974,0,0,S,42800,100,10444973,1979794,
000055.SZ,000055,20251209,95204830,10445124,0,0,S,42800,1100,10445123,1979794,
000055.SZ,000055,20251209,95204830,10445126,0,0,S,42800,500,10445125,1996219,
000055.SZ,000055,20251209,95204830,10445127,0,0,S,42800,500,10445125,2869729,
000055.SZ,000055,20251209,95204830,10445129,0,0,S,42800,200,10445128,2869729,
000055.SZ,000055,20251209,95204830,10445130,0,0,S,42800,200,10445128,3897374,
000055.SZ,000055,20251209,95204830,10445133,0,0,S,42800,400,10445132,3897374,
000055.SZ,000055,20251209,95204960,10445682,0,0,S,42800,400,10445681,3897374,
000055.SZ,000055,20251209,95205020,10445975,0,0,S,42800,500,10445974,3897374,
000055.SZ,000055,20251209,95205050,10446129,C,0, ,0,700,2869745,0,
000055.SZ,000055,20251209,95205800,10449649,C,0, ,0,4800,9557353,0,
000055.SZ,000055,20251209,95205800,10449650,C,0, ,0,1000,9561748,0,
000055.SZ,000055,20251209,95206350,10452606,0,0,S,42800,2100,10452605,3897374,
000055.SZ,000055,20251209,95206520,10453446,0,0,S,42800,800,10453445,3897374,
000055.SZ,000055,20251209,95206520,10453447,0,0,S,42800,700,10453445,6269168,
000055.SZ,000055,20251209,95206520,10453448,0,0,S,42800,100,10453445,6714891,
000055.SZ,000055,20251209,95206520,10453449,0,0,S,42800,500,10453445,6820225,
000055.SZ,000055,20251209,95206520,10453452,0,0,S,42800,1100,10453451,6820225,
000055.SZ,000055,20251209,95206530,10453495,0,0,S,42800,1400,10453494,6820225,
000055.SZ,000055,20251209,95206530,10453496,0,0,S,42800,4400,10453494,6853352,
000055.SZ,000055,20251209,95209530,10469496,0,0,S,42800,100,10469495,6853352,
000055.SZ,000055,20251209,95210980,10477156,C,0, ,0,5000,10024840,0,
000055.SZ,000055,20251209,95211190,10478366,0,0,S,42800,5200,10478365,6853352,
000055.SZ,000055,20251209,95211570,10480265,0,0,S,42800,100,10480264,6853352,
000055.SZ,000055,20251209,95226170,10550225,C,0, ,0,5000,10523141,0,
000055.SZ,000055,20251209,95233750,10582553,0,0,S,42800,600,10582552,6853352,
000055.SZ,000055,20251209,95235410,10590121,C,0, ,0,500,0,1025237,
000055.SZ,000055,20251209,95239800,10608459,0,0,S,42800,5700,10608458,6853352,
000055.SZ,000055,20251209,95241370,10615371,0,0,B,42900,100,10139140,10615370,
000055.SZ,000055,20251209,95245010,10631597,C,0, ,0,4900,10054394,0,
000055.SZ,000055,20251209,95246900,10640319,C,0, ,0,2900,899399,0,
000055.SZ,000055,20251209,95249610,10652291,0,0,B,42900,100,10139140,10652290,
000055.SZ,000055,20251209,95251010,10657843,C,0, ,0,4900,10071328,0,
000055.SZ,000055,20251209,95307640,10730113,C,0, ,0,6100,0,10683817,
000055.SZ,000055,20251209,95320850,10785751,0,0,B,42900,2300,10139140,10785750,
000055.SZ,000055,20251209,95324150,10800266,C,0, ,0,100,6681538,0,
000055.SZ,000055,20251209,95326690,10811437,C,0, ,0,4900,9643490,0,
000055.SZ,000055,20251209,95330250,10824692,C,0, ,0,2200,10806776,0,
000055.SZ,000055,20251209,95337750,10853633,0,0,S,42800,500,10853632,6853352,
000055.SZ,000055,20251209,95355000,10920694,0,0,S,42800,3400,10920693,6853352,
000055.SZ,000055,20251209,95355000,10920695,0,0,S,42800,700,10920693,6874022,
000055.SZ,000055,20251209,95355000,10920696,0,0,S,42800,800,10920693,7208796,
000055.SZ,000055,20251209,95355000,10920697,0,0,S,42800,2600,10920693,7223695,
000055.SZ,000055,20251209,95355240,10921865,C,0, ,0,200,10300991,0,
000055.SZ,000055,20251209,95358230,10934475,C,0, ,0,200,10314991,0,
000055.SZ,000055,20251209,95358310,10934850,C,0, ,0,200,10315373,0,
000055.SZ,000055,20251209,95358730,10936447,C,0, ,0,100,10315148,0,
000055.SZ,000055,20251209,95358750,10936532,C,0, ,0,600,10314986,0,
000055.SZ,000055,20251209,95401330,10947873,C,0, ,0,200,10329212,0,
000055.SZ,000055,20251209,95401350,10947923,C,0, ,0,100,10329463,0,
000055.SZ,000055,20251209,95402560,10953237,C,0, ,0,600,10180561,0,
000055.SZ,000055,20251209,95412220,10995097,0,0,S,42800,100,10995096,7223695,
000055.SZ,000055,20251209,95412250,10995225,0,0,S,42800,1600,10995224,7223695,
000055.SZ,000055,20251209,95416580,11013661,0,0,S,42800,600,11013660,7223695,
000055.SZ,000055,20251209,95419270,11024492,C,0, ,0,200,10408699,0,
000055.SZ,000055,20251209,95423730,11042457,0,0,S,42800,100,11042456,7223695,
000055.SZ,000055,20251209,95423730,11042458,0,0,S,42800,500,11042456,7294555,
000055.SZ,000055,20251209,95427420,11056694,C,0, ,0,1200,0,10980770,
000055.SZ,000055,20251209,95429890,11066302,0,0,S,42800,5000,11066301,7294555,
000055.SZ,000055,20251209,95436610,11093731,C,0, ,0,100,8814559,0,
000055.SZ,000055,20251209,95436610,11093736,C,0, ,0,100,8776350,0,
000055.SZ,000055,20251209,95436610,11093737,C,0, ,0,300,8733281,0,
000055.SZ,000055,20251209,95436610,11093764,C,0, ,0,700,8819648,0,
000055.SZ,000055,20251209,95437610,11098193,0,0,S,42800,100,11098192,7294555,
000055.SZ,000055,20251209,95437610,11098195,0,0,S,42800,100,11098194,7294555,
000055.SZ,000055,20251209,95437610,11098197,0,0,S,42800,700,11098196,7294555,
000055.SZ,000055,20251209,95437610,11098201,0,0,S,42800,300,11098200,7294555,
000055.SZ,000055,20251209,95445210,11127864,0,0,B,42900,100,10139140,11127863,
000055.SZ,000055,20251209,95445800,11130230,0,0,S,42800,200,11130229,7294555,
000055.SZ,000055,20251209,95505760,11208328,C,0, ,0,1000,9069593,0,
000055.SZ,000055,20251209,95509740,11223075,0,0,S,42800,500,11223074,7294555,
000055.SZ,000055,20251209,95527780,11300956,C,0, ,0,1400,11286841,0,
000055.SZ,000055,20251209,95528210,11302748,0,0,S,42800,1000,11302747,7294555,
000055.SZ,000055,20251209,95537030,11343273,0,0,B,42900,5000,10139140,11343272,
000055.SZ,000055,20251209,95543450,11373797,C,0, ,0,3200,10692349,0,
000055.SZ,000055,20251209,95543450,11373798,C,0, ,0,2400,10914003,0,
000055.SZ,000055,20251209,95543450,11373799,C,0, ,0,1100,11033722,0,
000055.SZ,000055,20251209,95555630,11424292,C,0, ,0,600,9853627,0,
000055.SZ,000055,20251209,95558830,11435237,0,0,S,42800,500,11435236,7294555,
000055.SZ,000055,20251209,95558930,11435501,C,0, ,0,500,0,302534,
000055.SZ,000055,20251209,95609450,11480109,0,0,S,42800,5000,11480108,7294555,
000055.SZ,000055,20251209,95620190,11522585,C,0, ,0,5000,11434447,0,
000055.SZ,000055,20251209,95628310,11553250,C,0, ,0,200,10969580,0,
000055.SZ,000055,20251209,95631260,11564524,C,0, ,0,600,10982734,0,
000055.SZ,000055,20251209,95631260,11564528,C,0, ,0,200,10982732,0,
000055.SZ,000055,20251209,95631270,11564574,C,0, ,0,100,10982830,0,
000055.SZ,000055,20251209,95631400,11565201,C,0, ,0,200,10983414,0,
000055.SZ,000055,20251209,95634200,11574641,C,0, ,0,200,10994971,0,
000055.SZ,000055,20251209,95635530,11579262,C,0, ,0,1000,0,11403677,
000055.SZ,000055,20251209,95636130,11581774,0,0,B,42900,3100,10139140,11581773,
000055.SZ,000055,20251209,95636130,11581775,0,0,B,42900,100,10139236,11581773,
000055.SZ,000055,20251209,95636130,11581776,0,0,B,42900,400,10139244,11581773,
000055.SZ,000055,20251209,95642760,11604741,0,0,S,42800,500,11604740,7294555,
000055.SZ,000055,20251209,95643240,11606513,C,0, ,0,35000,0,11183371,
000055.SZ,000055,20251209,95647920,11622364,C,0, ,0,3900,9842528,0,
000055.SZ,000055,20251209,95648290,11623795,0,0,S,42800,3900,11623794,7294555,
000055.SZ,000055,20251209,95651890,11639070,0,0,S,42800,1200,11639069,7294555,
000055.SZ,000055,20251209,95652990,11643926,C,0, ,0,1400,9618033,0,
000055.SZ,000055,20251209,95655530,11653790,C,0, ,0,2400,9810722,0,
000055.SZ,000055,20251209,95655760,11654727,0,0,S,42800,2400,11654726,7294555,
000055.SZ,000055,20251209,95655760,11654735,0,0,S,42800,1400,11654734,7294555,
000055.SZ,000055,20251209,95657330,11659542,0,0,S,42800,600,11659541,7294555,
000055.SZ,000055,20251209,95657330,11659550,0,0,S,42800,200,11659549,7294555,
000055.SZ,000055,20251209,95657350,11659608,0,0,S,42800,100,11659607,7294555,
000055.SZ,000055,20251209,95657470,11659957,0,0,S,42800,200,11659956,7294555,
000055.SZ,000055,20251209,95700350,11670554,0,0,S,42800,200,11670553,7294555,
000055.SZ,000055,20251209,95701250,11674959,C,0, ,0,200,11104434,0,
000055.SZ,000055,20251209,95701510,11676023,C,0, ,0,35000,0,11248990,
000055.SZ,000055,20251209,95702870,11682037,0,0,S,42800,700,11682036,7294555,
000055.SZ,000055,20251209,95706170,11695150,0,0,S,42800,100,11695149,7294555,
000055.SZ,000055,20251209,95708680,11705390,C,0, ,0,1900,8336024,0,
000055.SZ,000055,20251209,95709680,11709297,0,0,S,42800,1700,11709296,7294555,
000055.SZ,000055,20251209,95709680,11709298,0,0,S,42800,200,11709296,7324930,
000055.SZ,000055,20251209,95712330,11718899,0,0,S,42800,200,11718898,7324930,
000055.SZ,000055,20251209,95716070,11732772,C,0, ,0,1100,4439305,0,
000055.SZ,000055,20251209,95717730,11739934,0,0,S,42800,400,11739933,7324930,
000055.SZ,000055,20251209,95717770,11740045,C,0, ,0,700,4317784,0,
000055.SZ,000055,20251209,95726980,11772566,0,0,S,42800,700,11772565,7324930,
000055.SZ,000055,20251209,95730240,11783237,C,0, ,0,11100,9615292,0,
000055.SZ,000055,20251209,95737610,11813110,C,0, ,0,800,8153322,0,
000055.SZ,000055,20251209,95737610,11813111,C,0, ,0,700,6562190,0,
000055.SZ,000055,20251209,95737610,11813116,C,0, ,0,1500,9266479,0,
000055.SZ,000055,20251209,95738610,11817111,0,0,S,42800,3200,11817110,7324930,
000055.SZ,000055,20251209,95739350,11819697,C,0, ,0,900,6428983,0,
000055.SZ,000055,20251209,95741340,11826872,0,0,S,42800,900,11826871,7324930,
000055.SZ,000055,20251209,95741370,11827020,0,0,B,42900,100,10139244,11827019,
000055.SZ,000055,20251209,95741380,11827058,0,0,B,42900,100,10139244,11827057,
000055.SZ,000055,20251209,95741400,11827122,0,0,B,42900,100,10139244,11827121,
000055.SZ,000055,20251209,95741430,11827198,0,0,B,42900,100,10139244,11827197,
000055.SZ,000055,20251209,95741430,11827202,0,0,B,42900,100,10139244,11827201,
000055.SZ,000055,20251209,95741430,11827205,0,0,B,42900,100,10139244,11827204,
000055.SZ,000055,20251209,95741440,11827246,0,0,B,42900,100,10139244,11827245,
000055.SZ,000055,20251209,95741440,11827255,0,0,B,42900,100,10139244,11827254,
000055.SZ,000055,20251209,95741440,11827260,0,0,B,42900,100,10139244,11827259,
000055.SZ,000055,20251209,95741450,11827282,0,0,B,42900,100,10139244,11827281,
000055.SZ,000055,20251209,95748270,11854727,C,0, ,0,1500,9818560,0,
000055.SZ,000055,20251209,95748520,11855669,0,0,S,42800,400,11855668,7324930,
000055.SZ,000055,20251209,95748520,11855670,0,0,S,42800,500,11855668,7414712,
000055.SZ,000055,20251209,95748520,11855671,0,0,S,42800,900,11855668,7528069,
000055.SZ,000055,20251209,95748550,11855763,0,0,B,42900,100,10139244,11855762,
000055.SZ,000055,20251209,95748960,11857380,C,0, ,0,1400,9877526,0,
000055.SZ,000055,20251209,95749280,11858659,0,0,S,42800,1500,11858658,7528069,
000055.SZ,000055,20251209,95749720,11860222,C,0, ,0,900,9853987,0,
000055.SZ,000055,20251209,95750070,11861742,0,0,S,42800,1100,11861741,7528069,
000055.SZ,000055,20251209,95754750,11880514,0,0,S,42800,700,11880513,7528069,
000055.SZ,000055,20251209,95754800,11880720,C,0, ,0,3000,0,9739185,
000055.SZ,000055,20251209,95755550,11883560,C,0, ,0,600,9465341,0,
000055.SZ,000055,20251209,95755920,11884919,0,0,S,42800,700,11884918,7528069,
000055.SZ,000055,20251209,95755950,11885043,C,0, ,0,600,9502864,0,
000055.SZ,000055,20251209,95756300,11886506,0,0,S,42800,700,11886505,7528069,
000055.SZ,000055,20251209,95804240,11919264,0,0,S,42800,1000,11919263,7528069,
000055.SZ,000055,20251209,95806200,11927463,0,0,S,42800,100,11927462,7528069,
000055.SZ,000055,20251209,95818250,11980954,0,0,S,42800,200,11980953,7528069,
000055.SZ,000055,20251209,95824280,12006723,0,0,S,42800,100,12006722,7528069,
000055.SZ,000055,20251209,95830240,12029426,0,0,S,42800,100,12029425,7528069,
000055.SZ,000055,20251209,95831770,12035696,C,0, ,0,700,6502312,0,
000055.SZ,000055,20251209,95832870,12039649,C,0, ,0,100,0,10764757,
000055.SZ,000055,20251209,95833060,12040248,0,0,B,42900,100,10139244,12040247,
000055.SZ,000055,20251209,95839240,12063227,0,0,S,42800,100,12063226,7528069,
000055.SZ,000055,20251209,95846730,12092253,0,0,S,42800,700,12092252,7528069,
000055.SZ,000055,20251209,95847140,12093777,C,0, ,0,5000,10474606,0,
000055.SZ,000055,20251209,95848530,12099098,C,0, ,0,8300,0,10352891,
000055.SZ,000055,20251209,95857120,12131093,C,0, ,0,2100,12113742,0,
000055.SZ,000055,20251209,95900900,12147207,C,0, ,0,400,10139244,0,
000055.SZ,000055,20251209,95900950,12147532,0,0,S,42800,400,12147531,7528069,
000055.SZ,000055,20251209,95900960,12147603,0,0,S,42800,1700,12147602,7528069,
000055.SZ,000055,20251209,95900960,12147604,0,0,S,42800,4000,12147602,7608961,
000055.SZ,000055,20251209,95900960,12147605,0,0,S,42800,900,12147602,7859494,
000055.SZ,000055,20251209,95901000,12147766,0,0,S,42800,200,12147765,7859494,
000055.SZ,000055,20251209,95903030,12157127,C,0, ,0,1000,0,10182796,
000055.SZ,000055,20251209,95904560,12164646,0,0,S,42800,800,12164645,7859494,
000055.SZ,000055,20251209,95904580,12164691,0,0,S,42800,8100,12164690,7859494,
