万得代码,交易所代码,自然日,时间,委托编号,交易所委托号,委托类型,委托代码,委托价格,委托数量,
600006.SH,600006,20251209,91400860,0,0,S,I,0,0,
600006.SH,600006,20251209,91500040,0,112,A,S,81000,100,
600006.SH,600006,20251209,91500380,0,2030,A,B,71000,2000,
600006.SH,600006,20251209,91501720,0,5399,A,B,72000,500,
600006.SH,600006,20251209,91501720,0,5421,A,B,70000,500,
600006.SH,600006,20251209,91501720,0,5554,A,B,71000,500,
600006.SH,600006,20251209,91501720,0,5701,A,B,73000,5000,
600006.SH,600006,20251209,91501770,0,6461,A,S,76200,3000,
600006.SH,600006,20251209,91501770,0,6642,A,B,66600,100,
600006.SH,600006,20251209,91501770,0,6657,A,B,72500,100,
600006.SH,600006,20251209,91501830,0,8247,A,B,72600,500,
600006.SH,600006,20251209,91501830,0,8456,A,S,80000,300,
600006.SH,600006,20251209,91501830,0,8514,A,S,76600,300,
600006.SH,600006,20251209,91501970,0,9180,A,S,73600,300,
600006.SH,600006,20251209,91501970,0,9699,A,S,75000,300,
600006.SH,600006,20251209,91501970,0,9914,A,B,70000,600,
600006.SH,600006,20251209,91501970,0,9918,A,B,66900,100,
600006.SH,600006,20251209,91501970,0,10044,A,S,73200,700,
600006.SH,600006,20251209,91501970,0,10164,A,S,76300,600,
600006.SH,600006,20251209,91502090,0,11193,A,B,72500,1600,
600006.SH,600006,20251209,91502090,0,11208,A,S,74500,1600,
600006.SH,600006,20251209,91502090,0,11735,A,B,73100,500,
600006.SH,600006,20251209,91502090,0,11751,A,B,72600,500,
600006.SH,600006,20251209,91502090,0,11752,A,B,72100,500,
600006.SH,600006,20251209,91502090,0,11768,A,S,74900,500,
600006.SH,600006,20251209,91502090,0,11787,A,S,75900,500,
600006.SH,600006,20251209,91502090,0,11802,A,S,76900,500,
600006.SH,600006,20251209,91502090,0,11820,A,S,77900,500,
600006.SH,600006,20251209,91502090,0,11852,A,S,78900,500,
600006.SH,600006,20251209,91502090,0,11947,A,B,71600,500,
600006.SH,600006,20251209,91502090,0,11966,A,B,71100,500,
600006.SH,600006,20251209,91502090,0,11985,A,B,70600,500,
600006.SH,600006,20251209,91502090,0,12022,A,B,70100,500,
600006.SH,600006,20251209,91502090,0,12084,A,S,74400,500,
600006.SH,600006,20251209,91502090,0,12097,A,S,75400,500,
600006.SH,600006,20251209,91502090,0,12126,A,S,76400,500,
600006.SH,600006,20251209,91502090,0,12143,A,S,77400,500,
600006.SH,600006,20251209,91502090,0,12157,A,S,78400,500,
600006.SH,600006,20251209,91502220,0,12298,A,B,66200,100,
600006.SH,600006,20251209,91502220,0,12473,A,S,73600,2300,
600006.SH,600006,20251209,91502220,0,12647,A,S,74400,2600,
600006.SH,600006,20251209,91502220,0,12648,A,B,72400,2700,
600006.SH,600006,20251209,91502220,0,13070,A,S,76800,1400,
600006.SH,600006,20251209,91502340,0,13273,A,S,81000,100,
600006.SH,600006,20251209,91502480,0,13884,A,B,73000,4000,
600006.SH,600006,20251209,91502500,0,14196,A,S,77000,100,
600006.SH,600006,20251209,91502500,0,14264,A,B,71600,100,
600006.SH,600006,20251209,91502500,0,14514,A,S,77700,2000,
600006.SH,600006,20251209,91502500,0,14526,A,B,70000,2000,
600006.SH,600006,20251209,91502660,0,16658,A,S,74800,100,
600006.SH,600006,20251209,91502660,0,17349,A,S,75400,500,
600006.SH,600006,20251209,91502660,0,17456,A,S,81000,1000,
600006.SH,600006,20251209,91502660,0,17649,A,S,81000,30000,
600006.SH,600006,20251209,91502660,0,17933,A,S,74900,1500,
600006.SH,600006,20251209,91502660,0,17950,A,S,79900,1400,
600006.SH,600006,20251209,91502660,0,18052,A,S,79800,12600,
600006.SH,600006,20251209,91502660,0,18490,A,B,73100,1500,
600006.SH,600006,20251209,91502800,0,19169,A,B,71100,1500,
600006.SH,600006,20251209,91502800,0,19364,A,S,74400,1300,
600006.SH,600006,20251209,91502800,0,20095,A,S,78800,700,
600006.SH,600006,20251209,91502800,0,20393,A,S,81000,2000,
600006.SH,600006,20251209,91502800,0,20395,A,S,80900,2000,
600006.SH,600006,20251209,91502800,0,20396,A,S,80800,2000,
600006.SH,600006,20251209,91502940,0,20719,A,S,81000,1000,
600006.SH,600006,20251209,91502940,0,21117,A,S,74700,1000,
600006.SH,600006,20251209,91502940,0,21118,A,S,74900,1000,
600006.SH,600006,20251209,91502940,0,21119,A,S,75100,2000,
600006.SH,600006,20251209,91502940,0,21130,A,S,75500,2000,
600006.SH,600006,20251209,91502940,0,21131,A,S,75900,3000,
600006.SH,600006,20251209,91502940,0,21683,A,S,81000,10000,
600006.SH,600006,20251209,91502940,0,21702,A,S,80900,10000,
600006.SH,600006,20251209,91502940,0,21716,A,S,80800,10000,
600006.SH,600006,20251209,91502940,0,21739,A,S,80700,10000,
600006.SH,600006,20251209,91502940,0,22335,A,S,74500,600,
600006.SH,600006,20251209,91502940,0,22359,A,B,72400,600,
600006.SH,600006,20251209,91503080,0,22716,A,S,81000,800,
600006.SH,600006,20251209,91503080,0,23036,A,S,75600,500,
600006.SH,600006,20251209,91503080,0,23037,A,S,79600,500,
600006.SH,600006,20251209,91503080,0,23040,A,S,80100,500,
600006.SH,600006,20251209,91503080,0,23046,A,S,80600,500,
600006.SH,600006,20251209,91503080,0,23102,A,S,81000,500,
600006.SH,600006,20251209,91503080,0,23105,A,S,74600,200,
600006.SH,600006,20251209,91503080,0,24079,A,S,81000,2000,
600006.SH,600006,20251209,91503080,0,24098,A,S,74700,1000,
600006.SH,600006,20251209,91503080,0,24113,A,S,81000,4500,
600006.SH,600006,20251209,91503080,0,24221,A,S,74200,100,
600006.SH,600006,20251209,91503080,0,24235,A,S,75000,100,
600006.SH,600006,20251209,91503080,0,24236,A,S,75800,100,
600006.SH,600006,20251209,91503080,0,24237,A,S,76400,100,
600006.SH,600006,20251209,91503080,0,24253,A,S,77200,100,
600006.SH,600006,20251209,91503080,0,24254,A,S,78000,100,
600006.SH,600006,20251209,91503080,0,24270,A,S,79000,100,
600006.SH,600006,20251209,91503080,0,24271,A,S,80000,100,
600006.SH,600006,20251209,91503080,0,24272,A,B,73000,100,
600006.SH,600006,20251209,91503230,0,24893,A,S,76600,500,
600006.SH,600006,20251209,91503230,0,25546,A,S,81000,11100,
600006.SH,600006,20251209,91503230,0,25754,A,S,80600,100,
600006.SH,600006,20251209,91503230,0,25972,A,S,81000,1000,
600006.SH,600006,20251209,91503370,0,26943,A,S,73600,400,
600006.SH,600006,20251209,91503370,0,27552,A,B,71700,200,
600006.SH,600006,20251209,91503510,0,28560,A,S,80000,3000,
600006.SH,600006,20251209,91503510,0,28568,A,B,72000,100,
600006.SH,600006,20251209,91503510,0,30232,A,S,78000,11900,
600006.SH,600006,20251209,91503510,0,30258,A,S,79000,20000,
600006.SH,600006,20251209,91503510,0,30276,A,S,80000,30000,
600006.SH,600006,20251209,91503510,0,30289,A,S,81000,40000,
600006.SH,600006,20251209,91503510,0,30303,A,S,75400,3000,
600006.SH,600006,20251209,91503510,0,30364,A,S,77800,3000,
600006.SH,600006,20251209,91503650,0,31410,A,S,75600,3500,
600006.SH,600006,20251209,91503650,0,31500,A,S,80000,100,
600006.SH,600006,20251209,91503650,0,31567,A,S,80900,1800,
600006.SH,600006,20251209,91503650,0,31629,A,B,73000,2000,
600006.SH,600006,20251209,91503650,0,31643,A,S,74000,2000,
600006.SH,600006,20251209,91503780,0,34137,A,S,81000,1200,
600006.SH,600006,20251209,91503930,0,34475,A,S,81000,12000,
600006.SH,600006,20251209,91503930,0,34490,A,S,80900,8000,
600006.SH,600006,20251209,91503930,0,35044,A,S,75800,3000,
600006.SH,600006,20251209,91503930,0,35191,A,S,81000,4800,
600006.SH,600006,20251209,91503930,0,35307,A,S,81000,2500,
600006.SH,600006,20251209,91503930,0,35524,A,S,78100,4000,
600006.SH,600006,20251209,91504090,0,37362,A,S,81000,100,
600006.SH,600006,20251209,91504200,0,39014,A,B,73200,200,
600006.SH,600006,20251209,91504200,0,39115,A,S,75800,300,
600006.SH,600006,20251209,91504370,0,40530,A,B,73000,100,
600006.SH,600006,20251209,91504370,0,41057,A,S,75100,1000,
600006.SH,600006,20251209,91504370,0,41699,A,S,74700,1000,
600006.SH,600006,20251209,91504370,0,41887,A,S,81000,4000,
600006.SH,600006,20251209,91504540,0,43137,A,S,76900,2000,
600006.SH,600006,20251209,91504540,0,43392,A,B,73500,3000,
600006.SH,600006,20251209,91504540,0,43482,A,S,80000,100,
600006.SH,600006,20251209,91504540,0,43576,A,S,74500,200,
600006.SH,600006,20251209,91504540,0,43577,A,S,75500,300,
600006.SH,600006,20251209,91504540,0,43586,A,B,72500,10000,
600006.SH,600006,20251209,91504540,0,43587,A,B,72500,3900,
600006.SH,600006,20251209,91504540,0,43640,A,S,74700,1000,
600006.SH,600006,20251209,91504690,0,44542,A,B,72000,3000,
600006.SH,600006,20251209,91504690,0,45605,A,S,80900,5000,
600006.SH,600006,20251209,91504690,0,45899,A,S,76800,700,
600006.SH,600006,20251209,91504840,0,46056,A,S,74400,500,
600006.SH,600006,20251209,91504840,0,46064,A,S,76400,500,
600006.SH,600006,20251209,91504840,0,46208,A,S,77800,2000,
600006.SH,600006,20251209,91504840,0,46246,A,B,72200,2000,
600006.SH,600006,20251209,91504840,0,46468,A,S,75800,100,
600006.SH,600006,20251209,91504840,0,46502,A,S,77800,200,
600006.SH,600006,20251209,91504840,0,46503,A,S,79700,200,
600006.SH,600006,20251209,91504840,0,46537,A,S,81000,400,
600006.SH,600006,20251209,91504840,0,46797,A,B,71700,100,
600006.SH,600006,20251209,91504840,0,46798,A,B,70200,200,
600006.SH,600006,20251209,91504840,0,46811,A,B,66400,300,
600006.SH,600006,20251209,91504840,0,46889,A,B,73000,7000,
600006.SH,600006,20251209,91504840,0,47069,A,S,73800,6000,
600006.SH,600006,20251209,91504840,0,47454,A,S,66200,100,
600006.SH,600006,20251209,91504840,0,47463,A,B,72100,500,
600006.SH,600006,20251209,91504840,0,47893,A,S,77400,9800,
600006.SH,600006,20251209,91504990,0,48538,A,S,80000,16700,
600006.SH,600006,20251209,91504990,0,49484,A,B,73400,1900,
600006.SH,600006,20251209,91504990,0,49820,A,S,73600,1500,
600006.SH,600006,20251209,91505140,0,50048,A,S,79200,2000,
600006.SH,600006,20251209,91505190,0,50439,A,S,74600,1900,
600006.SH,600006,20251209,91505190,0,50671,A,S,75800,1000,
600006.SH,600006,20251209,91505190,0,51103,A,S,76000,48800,
600006.SH,600006,20251209,91505190,0,51147,A,S,74400,3000,
600006.SH,600006,20251209,91505190,0,52028,A,S,81000,1000,
600006.SH,600006,20251209,91505350,0,52294,A,S,80600,100,
600006.SH,600006,20251209,91505350,0,52692,A,S,81000,700,
600006.SH,600006,20251209,91505350,0,52923,A,B,71800,300,
600006.SH,600006,20251209,91505350,0,53011,A,B,73100,200,
600006.SH,600006,20251209,91505350,0,53179,A,S,75900,1300,
600006.SH,600006,20251209,91505350,0,53405,A,S,79500,1000,
600006.SH,600006,20251209,91505350,0,53676,A,S,81000,500,
600006.SH,600006,20251209,91505350,0,53705,A,B,73500,1400,
600006.SH,600006,20251209,91505350,0,53917,A,S,80000,500,
600006.SH,600006,20251209,91505500,0,54228,A,S,80100,100,
600006.SH,600006,20251209,91505500,0,55244,A,S,79900,3000,
600006.SH,600006,20251209,91505500,0,55245,A,B,70100,2000,
600006.SH,600006,20251209,91505500,0,55719,A,S,78600,1700,
600006.SH,600006,20251209,91505500,0,56161,A,B,66900,100,
600006.SH,600006,20251209,91505660,0,56536,A,S,76800,800,
600006.SH,600006,20251209,91505660,0,56545,A,B,72800,3800,
600006.SH,600006,20251209,91505660,0,56820,A,B,70100,900,
600006.SH,600006,20251209,91505660,0,56841,A,S,77300,1600,
600006.SH,600006,20251209,91505660,0,57213,A,B,73400,100,
600006.SH,600006,20251209,91505840,0,58439,A,B,71700,1200,
600006.SH,600006,20251209,91505840,0,58440,A,B,70300,1300,
600006.SH,600006,20251209,91505840,0,58465,A,B,69300,1300,
600006.SH,600006,20251209,91505840,0,59409,A,S,74500,15000,
600006.SH,600006,20251209,91505840,0,59427,A,S,75000,23000,
600006.SH,600006,20251209,91505840,0,59488,A,S,76400,10000,
600006.SH,600006,20251209,91505840,0,60106,A,S,81000,2800,
600006.SH,600006,20251209,91505990,0,60855,A,B,71200,300,
600006.SH,600006,20251209,91505990,0,61636,A,B,73600,500,
600006.SH,600006,20251209,91505990,0,61668,A,S,81000,4200,
600006.SH,600006,20251209,91505990,0,61732,A,S,75500,20000,
600006.SH,600006,20251209,91506130,0,62782,A,S,81000,3200,
600006.SH,600006,20251209,91506130,0,63267,A,S,81000,800,
600006.SH,600006,20251209,91506130,0,63595,A,S,76500,4000,
600006.SH,600006,20251209,91506130,0,64089,A,B,73200,2000,
600006.SH,600006,20251209,91506290,0,64363,A,S,81000,200,
600006.SH,600006,20251209,91506290,0,64900,A,S,77700,300,
600006.SH,600006,20251209,91506290,0,65349,A,S,79000,2000,
600006.SH,600006,20251209,91506290,0,65411,A,S,74600,134500,
600006.SH,600006,20251209,91506290,0,65486,A,S,78500,2000,
600006.SH,600006,20251209,91506290,0,65487,A,S,79900,2000,
600006.SH,600006,20251209,91506440,0,67532,A,S,78000,500,
600006.SH,600006,20251209,91506440,0,67754,A,S,81000,57000,
600006.SH,600006,20251209,91506440,0,67827,A,S,79000,1000,
600006.SH,600006,20251209,91506440,0,67835,A,S,80000,4000,
600006.SH,600006,20251209,91506440,0,67836,A,S,81000,4000,
600006.SH,600006,20251209,91506440,0,68012,A,B,71800,2000,
600006.SH,600006,20251209,91506580,0,68237,A,S,81000,200,
600006.SH,600006,20251209,91506590,0,69466,A,S,75800,17800,
600006.SH,600006,20251209,91506590,0,69711,A,S,74000,600,
600006.SH,600006,20251209,91506590,0,70028,A,S,78000,200,
600006.SH,600006,20251209,91506730,0,70480,A,S,75800,1000,
600006.SH,600006,20251209,91506730,0,70481,A,S,79800,1000,
600006.SH,600006,20251209,91506730,0,70537,A,B,70200,2000,
600006.SH,600006,20251209,91506730,0,71292,A,S,81000,100,
600006.SH,600006,20251209,91506730,0,72016,A,S,81000,100,
600006.SH,600006,20251209,91506880,0,72126,A,S,81000,2900,
600006.SH,600006,20251209,91506880,0,72759,A,B,73600,3000,
600006.SH,600006,20251209,91506880,0,73175,A,S,80700,3100,
600006.SH,600006,20251209,91506880,0,73395,A,S,79700,3200,
600006.SH,600006,20251209,91506880,0,73550,A,S,81000,1500,
600006.SH,600006,20251209,91507060,0,74848,A,B,72600,8900,
600006.SH,600006,20251209,91507060,0,75089,A,S,75800,500,
600006.SH,600006,20251209,91507060,0,75098,A,B,72800,900,
600006.SH,600006,20251209,91507060,0,75329,A,S,75500,1000,
600006.SH,600006,20251209,91507060,0,75330,A,S,76000,1000,
600006.SH,600006,20251209,91507060,0,75333,A,S,76500,1000,
600006.SH,600006,20251209,91507060,0,75343,A,S,76800,3000,
600006.SH,600006,20251209,91507220,0,76086,A,S,76000,1300,
600006.SH,600006,20251209,91507220,0,76464,A,S,81000,300,
600006.SH,600006,20251209,91507220,0,76571,A,B,68000,2000,
600006.SH,600006,20251209,91507220,0,76799,A,S,75600,2000,
600006.SH,600006,20251209,91507220,0,76849,A,S,78000,1200,
600006.SH,600006,20251209,91507220,0,76850,A,S,80000,1100,
600006.SH,600006,20251209,91507220,0,76851,A,B,72000,1300,
600006.SH,600006,20251209,91507220,0,76862,A,B,70000,1300,
600006.SH,600006,20251209,91507220,0,77001,A,S,77300,1000,
600006.SH,600006,20251209,91507380,0,77487,A,S,77000,1000,
600006.SH,600006,20251209,91507380,0,77488,A,S,80800,2000,
600006.SH,600006,20251209,91507380,0,77711,A,S,80800,100,
600006.SH,600006,20251209,91507380,0,77881,A,B,73200,5000,
600006.SH,600006,20251209,91507380,0,78223,A,S,81000,1300,
600006.SH,600006,20251209,91507380,0,78975,A,S,75100,200,
600006.SH,600006,20251209,91507380,0,78990,A,S,76000,200,
600006.SH,600006,20251209,91507380,0,78996,A,S,77000,200,
600006.SH,600006,20251209,91507380,0,79002,A,S,78000,200,
600006.SH,600006,20251209,91507380,0,79012,A,S,79000,200,
600006.SH,600006,20251209,91507380,0,79013,A,S,80900,200,
600006.SH,600006,20251209,91507380,0,79090,A,S,73700,500,
600006.SH,600006,20251209,91507380,0,79190,A,S,81000,100,
600006.SH,600006,20251209,91507380,0,79284,A,S,81000,1000,
600006.SH,600006,20251209,91507530,0,79460,A,S,80900,200,
600006.SH,600006,20251209,91507530,0,79826,A,S,73900,1000,
600006.SH,600006,20251209,91507530,0,79839,A,S,74200,1000,
600006.SH,600006,20251209,91507530,0,79840,A,S,74500,1000,
600006.SH,600006,20251209,91507530,0,79841,A,S,75000,1000,
600006.SH,600006,20251209,91507530,0,79842,A,S,75200,1000,
600006.SH,600006,20251209,91507530,0,80051,A,S,79600,20000,
600006.SH,600006,20251209,91507530,0,81017,A,S,81000,300,
600006.SH,600006,20251209,91507670,0,81925,A,S,78800,800,
600006.SH,600006,20251209,91507670,0,82093,A,S,74600,4900,
600006.SH,600006,20251209,91507670,0,82626,A,S,75600,300,
600006.SH,600006,20251209,91507670,0,82645,A,S,78400,500,
600006.SH,600006,20251209,91507670,0,82672,A,S,74200,800,
600006.SH,600006,20251209,91507820,0,84174,A,S,77400,300,
600006.SH,600006,20251209,91507820,0,85084,A,S,74600,2000,
600006.SH,600006,20251209,91507820,0,85240,A,S,80500,32000,
600006.SH,600006,20251209,91507970,0,85509,A,B,72100,2800,
600006.SH,600006,20251209,91507970,0,85962,A,S,80900,1000,
600006.SH,600006,20251209,91507970,0,86189,A,S,75400,100,
600006.SH,600006,20251209,91507970,0,86282,A,S,75500,1000,
600006.SH,600006,20251209,91508130,0,87840,A,S,80800,800,
600006.SH,600006,20251209,91508130,0,88536,A,S,78800,5000,
600006.SH,600006,20251209,91508130,0,88541,A,S,79900,200,
600006.SH,600006,20251209,91508130,0,88878,A,S,77800,400,
600006.SH,600006,20251209,91508130,0,88940,A,S,80900,100,
600006.SH,600006,20251209,91508130,0,89175,A,S,81000,10700,
600006.SH,600006,20251209,91508130,0,89185,A,S,80600,1500,
600006.SH,600006,20251209,91508330,0,89454,A,S,80000,1500,
600006.SH,600006,20251209,91508330,0,89887,A,S,77300,14400,
600006.SH,600006,20251209,91508330,0,90020,A,S,74500,1500,
600006.SH,600006,20251209,91508330,0,90711,A,S,81000,600,
600006.SH,600006,20251209,91508330,0,90871,A,B,72000,100,
600006.SH,600006,20251209,91508330,0,90983,A,S,75000,5700,
600006.SH,600006,20251209,91508330,0,91188,A,S,74500,100,
600006.SH,600006,20251209,91508500,0,91442,A,S,78900,1500,
600006.SH,600006,20251209,91508500,0,91894,A,S,80900,100,
600006.SH,600006,20251209,91508500,0,92185,A,S,81000,6000,
600006.SH,600006,20251209,91508500,0,92248,A,B,70000,100,
600006.SH,600006,20251209,91508500,0,92275,A,B,73300,1000,
600006.SH,600006,20251209,91508500,0,92280,A,S,76300,2100,
600006.SH,600006,20251209,91508500,0,92283,A,S,81000,100,
600006.SH,600006,20251209,91508500,0,93001,A,S,75000,500,
600006.SH,600006,20251209,91508650,0,93320,A,S,74100,1000,
600006.SH,600006,20251209,91508650,0,93975,A,S,79500,3000,
600006.SH,600006,20251209,91508650,0,94505,A,S,73800,2000,
600006.SH,600006,20251209,91508780,0,95059,A,S,80900,3000,
600006.SH,600006,20251209,91508780,0,95060,A,S,79800,1000,
600006.SH,600006,20251209,91508780,0,96138,A,S,80800,1000,
600006.SH,600006,20251209,91508780,0,96457,A,S,74000,1100,
600006.SH,600006,20251209,91508940,0,97616,A,S,76800,500,
600006.SH,600006,20251209,91509110,0,99186,A,S,81000,500,
600006.SH,600006,20251209,91509110,0,99360,A,S,81000,11800,
600006.SH,600006,20251209,91509110,0,99667,A,S,80100,800,
600006.SH,600006,20251209,91509110,0,99798,A,S,76000,500,
600006.SH,600006,20251209,91509270,0,100557,A,B,70200,13000,
600006.SH,600006,20251209,91509270,0,101074,A,S,75000,100,
600006.SH,600006,20251209,91509270,0,101075,A,B,72000,300,
600006.SH,600006,20251209,91509270,0,101347,A,S,75300,1000,
600006.SH,600006,20251209,91509270,0,101411,A,S,76000,100,
600006.SH,600006,20251209,91509270,0,101506,A,S,76000,1000,
600006.SH,600006,20251209,91509270,0,101507,A,S,77500,1000,
600006.SH,600006,20251209,91509270,0,101508,A,S,80900,1000,
600006.SH,600006,20251209,91509270,0,101757,A,S,75700,3900,
600006.SH,600006,20251209,91509430,0,102624,A,B,73600,600,
600006.SH,600006,20251209,91509430,0,102921,A,S,74000,3200,
600006.SH,600006,20251209,91509430,0,103023,A,S,75300,1000,
600006.SH,600006,20251209,91509430,0,103034,A,S,72200,1000,
600006.SH,600006,20251209,91509430,0,103052,A,S,79500,6500,
600006.SH,600006,20251209,91509430,0,103751,A,B,70000,2500,
600006.SH,600006,20251209,91509430,0,103752,A,B,68000,3500,
600006.SH,600006,20251209,91509430,0,103753,A,S,80000,1000,
600006.SH,600006,20251209,91509430,0,103754,A,S,81000,1500,
600006.SH,600006,20251209,91509430,0,103881,A,S,76900,5000,
600006.SH,600006,20251209,91509580,0,104478,A,S,76600,4300,
600006.SH,600006,20251209,91509580,0,104722,A,S,79000,10000,
600006.SH,600006,20251209,91509580,0,104761,A,S,81000,300,
600006.SH,600006,20251209,91509580,0,104798,A,S,74400,300,
600006.SH,600006,20251209,91509580,0,104829,A,S,74100,1000,
600006.SH,600006,20251209,91509580,0,106157,A,S,77400,2000,
600006.SH,600006,20251209,91509580,0,106370,A,S,74000,600,
600006.SH,600006,20251209,91509580,0,106371,A,S,73600,700,
600006.SH,600006,20251209,91509580,0,106424,A,S,81000,23000,
600006.SH,600006,20251209,91509750,0,106468,A,S,81000,400,
600006.SH,600006,20251209,91509750,0,106502,A,B,72800,1500,
600006.SH,600006,20251209,91509750,0,106610,A,S,77200,3200,
600006.SH,600006,20251209,91509750,0,107461,A,S,81000,100,
600006.SH,600006,20251209,91509920,0,108753,A,S,81000,1000,
600006.SH,600006,20251209,91509920,0,109258,A,B,72000,1400,
600006.SH,600006,20251209,91509920,0,109564,A,S,81000,300,
600006.SH,600006,20251209,91509920,0,109916,A,B,66600,100,
600006.SH,600006,20251209,91510080,0,110630,A,B,67000,6700,
600006.SH,600006,20251209,91510080,0,111252,A,S,81000,1000,
600006.SH,600006,20251209,91510180,0,111897,A,B,70900,54500,
600006.SH,600006,20251209,91510180,0,112919,A,S,75600,800,
600006.SH,600006,20251209,91510360,0,113489,A,S,75900,200,
600006.SH,600006,20251209,91510360,0,114225,A,B,67900,2800,
600006.SH,600006,20251209,91510360,0,114345,A,S,77300,300,
600006.SH,600006,20251209,91510360,0,114460,A,B,70300,100,
600006.SH,600006,20251209,91510360,0,114604,A,S,80800,1000,
600006.SH,600006,20251209,91510360,0,114803,A,B,73300,600,
600006.SH,600006,20251209,91510360,0,115029,A,S,79900,2900,
600006.SH,600006,20251209,91510540,0,115374,A,S,77700,500,
600006.SH,600006,20251209,91510540,0,116213,A,S,74500,7900,
600006.SH,600006,20251209,91510540,0,116388,A,S,76500,400,
600006.SH,600006,20251209,91510540,0,116390,A,S,77500,500,
600006.SH,600006,20251209,91510540,0,116391,A,S,78500,600,
600006.SH,600006,20251209,91510540,0,116495,A,B,71800,500,
600006.SH,600006,20251209,91510540,0,117000,A,S,80500,14400,
600006.SH,600006,20251209,91510540,0,117247,A,B,72500,100,
600006.SH,600006,20251209,91510540,0,117252,A,B,71500,1100,
600006.SH,600006,20251209,91510540,0,117253,A,B,70500,700,
600006.SH,600006,20251209,91510690,0,117346,A,B,69500,800,
600006.SH,600006,20251209,91510690,0,117402,A,B,68500,900,
600006.SH,600006,20251209,91510690,0,117433,A,B,71900,100,
600006.SH,600006,20251209,91510690,0,117457,A,B,71200,100,
600006.SH,600006,20251209,91510690,0,117495,A,B,70700,100,
600006.SH,600006,20251209,91510690,0,117497,A,B,70200,100,
600006.SH,600006,20251209,91510690,0,117522,A,B,72100,100,
600006.SH,600006,20251209,91510690,0,117666,A,S,78300,300,
600006.SH,600006,20251209,91510690,0,117721,A,B,70200,300,
600006.SH,600006,20251209,91510690,0,117722,A,S,75700,300,
600006.SH,600006,20251209,91510690,0,117723,A,S,78700,300,
600006.SH,600006,20251209,91510690,0,117724,A,S,81000,300,
600006.SH,600006,20251209,91510690,0,117920,A,S,74700,1000,
600006.SH,600006,20251209,91510690,0,118270,A,S,81000,2000,
600006.SH,600006,20251209,91510690,0,118867,A,S,81000,20000,
600006.SH,600006,20251209,91510690,0,119215,A,S,79000,2000,
600006.SH,600006,20251209,91510860,0,119703,A,S,79900,3000,
600006.SH,600006,20251209,91510860,0,120143,A,S,75600,100,
600006.SH,600006,20251209,91510860,0,120653,A,B,72200,1000,
600006.SH,600006,20251209,91511010,0,121300,A,S,80900,2000,
600006.SH,600006,20251209,91511010,0,121301,A,S,79900,2000,
600006.SH,600006,20251209,91511010,0,121302,A,S,78900,2000,
600006.SH,600006,20251209,91511010,0,121303,A,S,77900,2000,
600006.SH,600006,20251209,91511010,0,121304,A,S,76900,2000,
600006.SH,600006,20251209,91511010,0,121547,A,S,79000,3000,
600006.SH,600006,20251209,91511010,0,122187,A,S,76000,1000,
600006.SH,600006,20251209,91511010,0,122295,A,S,78900,5000,
600006.SH,600006,20251209,91511010,0,122309,A,B,70600,500,
600006.SH,600006,20251209,91511010,0,122731,A,S,74500,600,
600006.SH,600006,20251209,91511010,0,122737,A,S,77400,1100,
600006.SH,600006,20251209,91511180,0,123418,A,S,81000,300,
600006.SH,600006,20251209,91511180,0,124601,A,B,73500,2000,
600006.SH,600006,20251209,91511180,0,124603,A,S,74500,2000,
600006.SH,600006,20251209,91511180,0,124819,A,S,81000,6000,
600006.SH,600006,20251209,91511180,0,124897,A,S,78200,29600,
600006.SH,600006,20251209,91511350,0,125312,A,S,77400,8400,
600006.SH,600006,20251209,91511350,0,125349,A,B,66200,200,
600006.SH,600006,20251209,91511350,0,125803,A,S,80700,3000,
600006.SH,600006,20251209,91511350,0,125944,A,S,74600,1000,
600006.SH,600006,20251209,91511350,0,125969,A,S,73900,5000,
600006.SH,600006,20251209,91511350,0,126331,A,S,78000,1000,
600006.SH,600006,20251209,91511530,0,127273,A,B,73000,6800,
600006.SH,600006,20251209,91511530,0,127326,A,S,75000,3100,
600006.SH,600006,20251209,91511530,0,127614,A,S,79900,2400,
600006.SH,600006,20251209,91511530,0,127854,A,S,80700,8100,
600006.SH,600006,20251209,91511530,0,128499,A,S,75800,8000,
600006.SH,600006,20251209,91511530,0,128685,A,S,75600,200,
600006.SH,600006,20251209,91511530,0,128759,A,B,71800,100,
600006.SH,600006,20251209,91511700,0,129212,A,S,80900,400,
600006.SH,600006,20251209,91511700,0,129386,A,S,79900,500,
600006.SH,600006,20251209,91511700,0,129387,A,S,80900,500,
600006.SH,600006,20251209,91511700,0,129463,A,S,81000,500,
600006.SH,600006,20251209,91511700,0,129840,A,S,73000,700,
600006.SH,600006,20251209,91511700,0,130242,A,S,78900,4000,
600006.SH,600006,20251209,91511700,0,130454,A,S,81000,3000,
600006.SH,600006,20251209,91511700,0,130823,A,S,79000,1000,
600006.SH,600006,20251209,91511700,0,130824,A,S,81000,1400,
600006.SH,600006,20251209,91511700,0,130935,A,S,74600,500,
600006.SH,600006,20251209,91511860,0,131092,A,B,74900,100,
600006.SH,600006,20251209,91511860,0,131320,A,B,66200,100,
600006.SH,600006,20251209,91511860,0,131484,A,S,75700,700,
600006.SH,600006,20251209,91511860,0,131650,A,S,81000,1000,
600006.SH,600006,20251209,91511860,0,132515,A,S,75800,1800,
600006.SH,600006,20251209,91512050,0,133064,A,S,81000,600,
600006.SH,600006,20251209,91512050,0,133098,A,S,80500,18900,
600006.SH,600006,20251209,91512050,0,133143,A,S,80200,900,
600006.SH,600006,20251209,91512050,0,133170,A,S,81000,1000,
600006.SH,600006,20251209,91512050,0,133426,A,B,72600,1000,
600006.SH,600006,20251209,91512050,0,133965,A,S,75900,1500,
600006.SH,600006,20251209,91512050,0,134025,A,B,72600,1000,
600006.SH,600006,20251209,91512050,0,134041,A,B,71200,100,
600006.SH,600006,20251209,91512050,0,134531,A,S,78600,1500,
600006.SH,600006,20251209,91512050,0,134614,A,S,74200,7000,
600006.SH,600006,20251209,91512050,0,134615,A,S,74100,7000,
600006.SH,600006,20251209,91512220,0,135339,A,S,81000,1500,
600006.SH,600006,20251209,91512220,0,135360,A,B,69900,10000,
600006.SH,600006,20251209,91512220,0,135576,A,S,81000,500,
600006.SH,600006,20251209,91512220,0,135833,A,B,73300,200,
600006.SH,600006,20251209,91512220,0,135900,A,S,78000,200,
600006.SH,600006,20251209,91512220,0,135901,A,S,79000,300,
600006.SH,600006,20251209,91512220,0,135905,A,S,80000,400,
600006.SH,600006,20251209,91512220,0,135956,A,S,74700,10000,
600006.SH,600006,20251209,91512220,0,136234,A,S,81000,3200,
600006.SH,600006,20251209,91512220,0,136378,A,S,81000,1300,
600006.SH,600006,20251209,91512220,0,136639,A,S,75900,1400,
600006.SH,600006,20251209,91512370,0,136747,A,S,80500,32500,
600006.SH,600006,20251209,91512370,0,136938,A,S,81000,100,
600006.SH,600006,20251209,91512370,0,137142,A,S,81000,500,
600006.SH,600006,20251209,91512370,0,137750,A,B,73000,1000,
600006.SH,600006,20251209,91512370,0,137757,A,S,81000,344600,
600006.SH,600006,20251209,91512370,0,137781,A,B,72500,1000,
600006.SH,600006,20251209,91512370,0,137782,A,B,72000,1000,
600006.SH,600006,20251209,91512590,0,138783,A,S,75800,10000,
600006.SH,600006,20251209,91512590,0,138895,A,B,71800,500,
600006.SH,600006,20251209,91512590,0,138934,A,B,70800,500,
600006.SH,600006,20251209,91512590,0,138937,A,B,69800,500,
600006.SH,600006,20251209,91512590,0,138939,A,B,68800,500,
600006.SH,600006,20251209,91512590,0,138941,A,S,74800,500,
600006.SH,600006,20251209,91512590,0,138943,A,S,75800,500,
600006.SH,600006,20251209,91512590,0,138944,A,S,76800,500,
600006.SH,600006,20251209,91512590,0,139019,A,S,80800,500,
600006.SH,600006,20251209,91512590,0,139041,A,S,74300,1500,
600006.SH,600006,20251209,91512590,0,139089,A,B,71800,1500,
600006.SH,600006,20251209,91512590,0,139098,A,B,70100,1500,
600006.SH,600006,20251209,91512590,0,139149,A,S,75100,1200,
600006.SH,600006,20251209,91512590,0,139150,A,S,76200,1300,
600006.SH,600006,20251209,91512590,0,139158,A,S,78600,1000,
600006.SH,600006,20251209,91512590,0,139159,A,S,79800,700,
600006.SH,600006,20251209,91512590,0,139476,A,S,81000,1800,
600006.SH,600006,20251209,91512590,0,139502,A,S,81000,400,
600006.SH,600006,20251209,91512590,0,139786,A,S,76900,600,
600006.SH,600006,20251209,91512590,0,140568,A,B,67000,400,
600006.SH,600006,20251209,91512750,0,140876,A,S,79400,500,
600006.SH,600006,20251209,91512750,0,141096,A,S,75800,200,
600006.SH,600006,20251209,91512750,0,141230,A,S,77000,500,
600006.SH,600006,20251209,91512750,0,141997,A,S,81000,500,
600006.SH,600006,20251209,91512750,0,142617,A,S,74100,1500,
600006.SH,600006,20251209,91512920,0,142847,A,S,81000,1000,
600006.SH,600006,20251209,91512920,0,143378,A,B,72400,300,
600006.SH,600006,20251209,91512920,0,144262,A,S,77800,1000,
600006.SH,600006,20251209,91513080,0,144741,A,B,74000,1400,
600006.SH,600006,20251209,91513080,0,144742,A,B,72600,500,
600006.SH,600006,20251209,91513080,0,144743,A,S,81000,500,
600006.SH,600006,20251209,91513080,0,145453,A,S,81000,400,
600006.SH,600006,20251209,91513080,0,145509,A,S,76300,1000,
600006.SH,600006,20251209,91513080,0,145514,A,S,80900,1000,
600006.SH,600006,20251209,91513080,0,145728,A,B,73600,300,
600006.SH,600006,20251209,91513080,0,145875,A,S,79800,400,
600006.SH,600006,20251209,91513080,0,146151,A,S,81000,200,
600006.SH,600006,20251209,91513080,0,146164,A,S,75600,5700,
600006.SH,600006,20251209,91513080,0,146434,A,S,80700,300,
600006.SH,600006,20251209,91513270,0,146795,A,S,81000,2000,
600006.SH,600006,20251209,91513270,0,146868,A,S,79800,2000,
600006.SH,600006,20251209,91513270,0,147156,A,B,66200,10000,
600006.SH,600006,20251209,91513270,0,147218,A,S,78800,1200,
600006.SH,600006,20251209,91513270,0,147258,A,B,66200,100,
600006.SH,600006,20251209,91513270,0,147615,A,S,80100,200,
600006.SH,600006,20251209,91513270,0,147662,A,B,71900,5000,
600006.SH,600006,20251209,91513270,0,148023,A,S,75300,1000,
600006.SH,600006,20251209,91513270,0,148249,A,S,75000,1600,
600006.SH,600006,20251209,91513270,0,148250,A,S,80800,800,
600006.SH,600006,20251209,91513270,0,148304,A,S,76900,1600,
600006.SH,600006,20251209,91513270,0,148397,A,B,73000,1000,
600006.SH,600006,20251209,91513270,0,148505,A,S,81000,2000,
600006.SH,600006,20251209,91513450,0,148632,A,S,81000,500,
600006.SH,600006,20251209,91513450,0,148893,A,S,78500,100,
600006.SH,600006,20251209,91513450,0,149102,A,B,73600,3000,
600006.SH,600006,20251209,91513450,0,150092,A,S,80000,500,
600006.SH,600006,20251209,91513620,0,150240,A,B,70100,17100,
600006.SH,600006,20251209,91513620,0,150250,A,B,72200,1400,
600006.SH,600006,20251209,91513620,0,150315,A,B,73000,200,
600006.SH,600006,20251209,91513620,0,151235,A,S,78000,100,
600006.SH,600006,20251209,91513620,0,151236,A,S,78400,100,
600006.SH,600006,20251209,91513620,0,151252,A,S,81000,21000,
600006.SH,600006,20251209,91513620,0,151253,A,S,80900,100,
600006.SH,600006,20251209,91513620,0,151255,A,S,80900,20000,
600006.SH,600006,20251209,91513620,0,151257,A,S,81000,10000,
600006.SH,600006,20251209,91513620,0,151417,A,S,74500,2500,
600006.SH,600006,20251209,91513620,0,151843,A,S,80800,46900,
600006.SH,600006,20251209,91513620,0,152016,A,S,81000,600,
600006.SH,600006,20251209,91513810,0,152266,A,S,80800,2000,
600006.SH,600006,20251209,91513810,0,152308,A,S,73800,1700,
600006.SH,600006,20251209,91513810,0,153162,A,S,75900,400,
600006.SH,600006,20251209,91513810,0,153494,A,S,74300,200,
600006.SH,600006,20251209,91513810,0,153498,A,S,75300,200,
600006.SH,600006,20251209,91513810,0,153501,A,S,76300,200,
600006.SH,600006,20251209,91513810,0,153506,A,S,77300,200,
600006.SH,600006,20251209,91513810,0,153724,A,S,81000,300,
600006.SH,600006,20251209,91513810,0,154004,A,S,80800,5000,
600006.SH,600006,20251209,91513980,0,154155,A,B,72300,2000,
600006.SH,600006,20251209,91513980,0,154380,A,S,77500,1500,
600006.SH,600006,20251209,91513980,0,154382,A,S,79500,2000,
600006.SH,600006,20251209,91513980,0,154991,A,B,69800,200,
600006.SH,600006,20251209,91513980,0,155174,A,S,80000,100,
600006.SH,600006,20251209,91513980,0,155288,A,S,80800,20000,
600006.SH,600006,20251209,91514160,0,156231,A,S,80500,100,
600006.SH,600006,20251209,91514160,0,156659,A,S,81000,8900,
600006.SH,600006,20251209,91514250,0,157223,A,S,80900,15200,
600006.SH,600006,20251209,91514250,0,157956,A,S,74100,200,
600006.SH,600006,20251209,91514250,0,158406,A,S,81000,3900,
600006.SH,600006,20251209,91514250,0,158420,A,S,80700,2000,
600006.SH,600006,20251209,91514250,0,158422,A,S,80800,40000,
600006.SH,600006,20251209,91514250,0,158465,A,B,71500,700,
600006.SH,600006,20251209,91514430,0,159280,A,S,81000,1500,
600006.SH,600006,20251209,91514430,0,159303,A,S,74600,4200,
600006.SH,600006,20251209,91514430,0,159348,A,S,74000,402300,
600006.SH,600006,20251209,91514430,0,160079,A,S,74300,200,
600006.SH,600006,20251209,91514430,0,160080,A,S,74600,200,
600006.SH,600006,20251209,91514430,0,160242,A,S,75100,100,
600006.SH,600006,20251209,91514430,0,160261,A,B,72500,500,
600006.SH,600006,20251209,91514430,0,160617,A,S,80000,2000,
600006.SH,600006,20251209,91514630,0,161090,A,S,77600,1000,
600006.SH,600006,20251209,91514630,0,161203,A,S,76900,1200,
600006.SH,600006,20251209,91514630,0,161776,A,S,79800,3400,
600006.SH,600006,20251209,91514630,0,162154,A,S,76700,20000,
600006.SH,600006,20251209,91514630,0,162336,A,B,73000,200,
600006.SH,600006,20251209,91514760,0,162482,A,S,75600,50900,
600006.SH,600006,20251209,91514760,0,162483,A,S,75500,70000,
600006.SH,600006,20251209,91514760,0,162484,A,B,73100,20000,
600006.SH,600006,20251209,91514760,0,162485,A,B,72700,20000,
600006.SH,600006,20251209,91514760,0,162486,A,B,72300,20000,
600006.SH,600006,20251209,91514760,0,162590,A,S,77700,1000,
600006.SH,600006,20251209,91514760,0,162674,A,B,72100,2100,
600006.SH,600006,20251209,91514760,0,162704,A,S,75500,2000,
600006.SH,600006,20251209,91514760,0,162750,A,B,72000,300,
600006.SH,600006,20251209,91514760,0,162751,A,B,71000,300,
600006.SH,600006,20251209,91514760,0,162752,A,B,70000,300,
600006.SH,600006,20251209,91514760,0,162753,A,B,69000,300,
600006.SH,600006,20251209,91514760,0,163173,A,S,80900,23500,
600006.SH,600006,20251209,91514760,0,163849,A,S,74500,200,
600006.SH,600006,20251209,91514760,0,163850,A,B,68000,300,
600006.SH,600006,20251209,91514760,0,163851,A,B,67000,300,
600006.SH,600006,20251209,91514760,0,163914,A,B,71200,5000,
600006.SH,600006,20251209,91514940,0,164360,A,B,72000,1500,
600006.SH,600006,20251209,91514940,0,164415,A,S,75900,1500,
600006.SH,600006,20251209,91514940,0,164416,A,S,76900,1500,
600006.SH,600006,20251209,91514940,0,164417,A,S,77900,1500,
600006.SH,600006,20251209,91514940,0,164429,A,S,78900,1500,
600006.SH,600006,20251209,91514940,0,164430,A,S,79900,1500,
600006.SH,600006,20251209,91514940,0,164431,A,S,81000,1500,
600006.SH,600006,20251209,91514940,0,164641,A,S,78900,20200,
600006.SH,600006,20251209,91514940,0,164700,A,S,81000,100,
600006.SH,600006,20251209,91514940,0,164880,A,B,70100,5000,
600006.SH,600006,20251209,91514940,0,164973,A,B,67200,200,
600006.SH,600006,20251209,91515020,0,165268,A,S,76700,20000,
600006.SH,600006,20251209,91515020,0,165442,A,S,80000,6900,
600006.SH,600006,20251209,91515020,0,165508,A,S,74900,500,
600006.SH,600006,20251209,91515020,0,165548,A,B,71900,3300,
600006.SH,600006,20251209,91515020,0,165608,A,S,80500,44000,
600006.SH,600006,20251209,91515020,0,165614,A,B,70200,15000,
600006.SH,600006,20251209,91515020,0,165615,A,S,80500,35700,
600006.SH,600006,20251209,91515020,0,166006,A,B,71400,600,
600006.SH,600006,20251209,91515020,0,166079,A,S,80600,2600,
600006.SH,600006,20251209,91515160,0,166662,A,S,76900,500,
600006.SH,600006,20251209,91515160,0,166720,A,S,75900,500,
600006.SH,600006,20251209,91515160,0,166835,A,S,80100,700,
600006.SH,600006,20251209,91515200,0,167508,A,S,73900,30000,
600006.SH,600006,20251209,91515200,0,167518,A,S,73900,40000,
600006.SH,600006,20251209,91515200,0,167521,A,S,73900,30000,
600006.SH,600006,20251209,91515200,0,167627,A,S,77700,50000,
600006.SH,600006,20251209,91515200,0,167702,A,B,66200,100,
600006.SH,600006,20251209,91515200,0,167716,A,S,75200,400,
600006.SH,600006,20251209,91515200,0,167718,A,B,72500,400,
600006.SH,600006,20251209,91515200,0,167888,A,B,70000,2000,
600006.SH,600006,20251209,91515200,0,168414,A,B,73200,1000,
600006.SH,600006,20251209,91515200,0,168528,A,S,74900,1700,
600006.SH,600006,20251209,91515200,0,168530,A,B,66200,400,
600006.SH,600006,20251209,91515200,0,168598,A,S,74000,100,
600006.SH,600006,20251209,91515200,0,168599,A,S,75000,100,
600006.SH,600006,20251209,91515200,0,168600,A,S,76000,100,
600006.SH,600006,20251209,91515200,0,168601,A,S,77000,100,
600006.SH,600006,20251209,91515200,0,168602,A,S,78000,100,
600006.SH,600006,20251209,91515380,0,168679,A,S,79000,100,
600006.SH,600006,20251209,91515380,0,168680,A,S,80000,100,
600006.SH,600006,20251209,91515380,0,168703,A,S,80000,2000,
600006.SH,600006,20251209,91515380,0,169341,A,S,81000,500,
600006.SH,600006,20251209,91515380,0,169386,A,S,75800,3000,
600006.SH,600006,20251209,91515380,0,169599,A,S,81000,200,
600006.SH,600006,20251209,91515510,0,169939,A,S,80800,3300,
600006.SH,600006,20251209,91515510,0,170077,A,S,81000,4000,
600006.SH,600006,20251209,91515510,0,170136,A,B,73100,1400,
600006.SH,600006,20251209,91515510,0,170806,A,B,72800,2000,
600006.SH,600006,20251209,91515510,0,171106,A,B,73200,2000,
600006.SH,600006,20251209,91515510,0,171800,A,S,76700,10000,
600006.SH,600006,20251209,91515730,0,172781,A,S,76000,3400,
600006.SH,600006,20251209,91515730,0,173487,A,S,80300,2400,
600006.SH,600006,20251209,91515730,0,173519,A,S,81000,3000,
600006.SH,600006,20251209,91515730,0,173540,A,S,78700,2500,
600006.SH,600006,20251209,91515730,0,173659,A,S,79800,600,
600006.SH,600006,20251209,91515730,0,173775,A,B,73100,3100,
600006.SH,600006,20251209,91515920,0,173853,A,S,80900,4000,
600006.SH,600006,20251209,91515920,0,174243,A,S,81000,100,
600006.SH,600006,20251209,91515920,0,174630,A,S,80700,9000,
600006.SH,600006,20251209,91515920,0,175148,A,S,79500,1900,
600006.SH,600006,20251209,91515920,0,175675,A,B,73000,500,
600006.SH,600006,20251209,91516110,0,175922,A,B,67400,1000,
600006.SH,600006,20251209,91516110,0,176271,A,S,80500,54300,
600006.SH,600006,20251209,91516110,0,176913,A,B,72600,1300,
600006.SH,600006,20251209,91516110,0,176981,A,B,70000,700,
600006.SH,600006,20251209,91516110,0,177195,A,S,80000,1000,
600006.SH,600006,20251209,91516290,0,179138,A,S,77000,200,
600006.SH,600006,20251209,91516290,0,179139,A,S,78600,200,
600006.SH,600006,20251209,91516290,0,179364,A,S,78000,2200,
600006.SH,600006,20251209,91516290,0,179419,A,S,74400,500,
600006.SH,600006,20251209,91516290,0,179522,A,S,75600,1800,
600006.SH,600006,20251209,91516290,0,179557,A,S,77000,500,
600006.SH,600006,20251209,91516290,0,179558,A,S,77700,500,
600006.SH,600006,20251209,91516290,0,179559,A,S,78100,500,
600006.SH,600006,20251209,91516290,0,179560,A,S,78400,500,
600006.SH,600006,20251209,91516490,0,179779,A,S,78000,500,
600006.SH,600006,20251209,91516490,0,180041,A,B,71900,500,
600006.SH,600006,20251209,91516490,0,180116,A,S,81000,4700,
600006.SH,600006,20251209,91516490,0,180145,A,S,79700,500,
600006.SH,600006,20251209,91516490,0,180242,A,B,70200,500,
600006.SH,600006,20251209,91516490,0,180243,A,B,68900,500,
600006.SH,600006,20251209,91516490,0,180764,A,S,80900,3000,
600006.SH,600006,20251209,91516490,0,181168,A,S,75100,600,
600006.SH,600006,20251209,91516490,0,181386,A,S,76000,700,
600006.SH,600006,20251209,91516670,0,181670,A,S,75000,100,
600006.SH,600006,20251209,91516670,0,182745,A,B,68600,100,
600006.SH,600006,20251209,91516860,0,183468,A,S,76600,3400,
600006.SH,600006,20251209,91516860,0,184433,A,S,79800,700,
600006.SH,600006,20251209,91517080,0,185660,A,S,74000,500,
600006.SH,600006,20251209,91517080,0,185690,A,S,75500,200,
600006.SH,600006,20251209,91517080,0,186226,A,S,80600,8000,
600006.SH,600006,20251209,91517080,0,186246,A,B,69800,1100,
600006.SH,600006,20251209,91517080,0,186666,A,S,79300,400,
600006.SH,600006,20251209,91517220,0,187099,A,B,73000,1600,
600006.SH,600006,20251209,91517300,0,188150,A,S,80800,300,
600006.SH,600006,20251209,91517300,0,189514,A,S,81000,15300,
600006.SH,600006,20251209,91517300,0,189684,A,S,80900,15400,
600006.SH,600006,20251209,91517490,0,189911,A,S,80900,15400,
600006.SH,600006,20251209,91517490,0,189988,A,B,72600,400,
600006.SH,600006,20251209,91517490,0,190127,A,B,73000,300,
600006.SH,600006,20251209,91517490,0,190160,A,B,73500,300,
600006.SH,600006,20251209,91517490,0,190274,A,S,74500,200,
600006.SH,600006,20251209,91517490,0,190276,A,S,75800,800,
600006.SH,600006,20251209,91517490,0,190279,A,S,77500,800,
600006.SH,600006,20251209,91517490,0,190280,A,S,74900,200,
600006.SH,600006,20251209,91517490,0,190281,A,B,72800,400,
600006.SH,600006,20251209,91517490,0,190282,A,B,72200,1000,
600006.SH,600006,20251209,91517490,0,190283,A,B,73100,200,
600006.SH,600006,20251209,91517490,0,190284,A,B,72500,600,
600006.SH,600006,20251209,91517490,0,190845,A,B,73200,10000,
600006.SH,600006,20251209,91517490,0,190894,A,B,66400,1600,
600006.SH,600006,20251209,91517750,0,193742,A,S,78500,4800,
600006.SH,600006,20251209,91517750,0,194072,A,S,81000,6600,
600006.SH,600006,20251209,91517750,0,194177,A,B,73000,1100,
600006.SH,600006,20251209,91517940,0,194500,A,B,72800,200,
600006.SH,600006,20251209,91517940,0,194536,A,S,76100,500,
600006.SH,600006,20251209,91517940,0,194676,A,S,76300,1000,
600006.SH,600006,20251209,91517940,0,194778,A,S,81000,400,
600006.SH,600006,20251209,91517940,0,194960,A,B,72100,300,
600006.SH,600006,20251209,91517940,0,195347,A,S,74900,300,
600006.SH,600006,20251209,91517940,0,195348,A,S,76100,300,
600006.SH,600006,20251209,91517940,0,195349,A,S,76500,300,
600006.SH,600006,20251209,91517940,0,195350,A,S,76800,3000,
600006.SH,600006,20251209,91517940,0,195351,A,S,77900,300,
600006.SH,600006,20251209,91517940,0,195387,A,S,78500,300,
600006.SH,600006,20251209,91517940,0,195590,A,S,81000,1000,
600006.SH,600006,20251209,91517940,0,195656,A,S,79200,300,
600006.SH,600006,20251209,91517940,0,195658,A,S,80700,300,
600006.SH,600006,20251209,91517940,0,195741,A,S,78000,1200,
600006.SH,600006,20251209,91518130,0,196552,A,S,75000,1000,
600006.SH,600006,20251209,91518130,0,197258,A,B,70200,5000,
600006.SH,600006,20251209,91518130,0,197626,A,S,74500,100,
600006.SH,600006,20251209,91518130,0,197665,A,B,70000,5000,
600006.SH,600006,20251209,91518130,0,197740,A,B,72500,500,
600006.SH,600006,20251209,91518130,0,197753,A,S,74000,2000,
600006.SH,600006,20251209,91518310,0,197994,A,B,70200,5000,
600006.SH,600006,20251209,91518310,0,198016,A,S,74000,2000,
600006.SH,600006,20251209,91518310,0,198193,A,S,77500,1000,
600006.SH,600006,20251209,91518310,0,198828,A,B,73300,900,
600006.SH,600006,20251209,91518310,0,198829,A,B,72900,1200,
600006.SH,600006,20251209,91518310,0,198831,A,S,75700,2000,
600006.SH,600006,20251209,91518310,0,198832,A,S,79900,4000,
600006.SH,600006,20251209,91518310,0,198836,A,S,74300,300,
600006.SH,600006,20251209,91518310,0,198879,A,S,76000,300,
600006.SH,600006,20251209,91518310,0,198882,A,S,76400,300,
600006.SH,600006,20251209,91518310,0,198883,A,S,76800,1500,
600006.SH,600006,20251209,91518310,0,198884,A,S,77700,300,
600006.SH,600006,20251209,91518310,0,198885,A,S,78000,300,
600006.SH,600006,20251209,91518310,0,198888,A,S,78300,300,
600006.SH,600006,20251209,91518310,0,198994,A,S,81000,4000,
600006.SH,600006,20251209,91518310,0,199137,A,S,78600,300,
600006.SH,600006,20251209,91518310,0,199138,A,S,78900,300,
600006.SH,600006,20251209,91518310,0,199139,A,S,79200,300,
600006.SH,600006,20251209,91518310,0,199140,A,S,80300,300,
600006.SH,600006,20251209,91518310,0,199307,A,S,74000,500,
600006.SH,600006,20251209,91518490,0,199838,A,S,80600,300,
600006.SH,600006,20251209,91518490,0,199839,A,S,80900,300,
600006.SH,600006,20251209,91518590,0,201810,A,S,75400,3800,
600006.SH,600006,20251209,91518590,0,202176,A,S,74500,100,
600006.SH,600006,20251209,91518590,0,202399,A,S,74500,700,
600006.SH,600006,20251209,91518760,0,202559,A,S,81000,7700,
600006.SH,600006,20251209,91518760,0,202663,A,S,79900,300,
600006.SH,600006,20251209,91518760,0,202730,A,S,74100,600,
600006.SH,600006,20251209,91518760,0,202733,A,S,74600,600,
600006.SH,600006,20251209,91518760,0,203000,A,B,73000,1000,
600006.SH,600006,20251209,91518890,0,203214,A,B,73300,10000,
600006.SH,600006,20251209,91518890,0,203215,A,B,73200,10000,
600006.SH,600006,20251209,91518890,0,203216,A,B,73100,7100,
600006.SH,600006,20251209,91518890,0,203265,A,S,80900,200,
600006.SH,600006,20251209,91518890,0,203606,A,B,72000,1000,
600006.SH,600006,20251209,91518890,0,203715,A,B,73300,300,
600006.SH,600006,20251209,91518890,0,203806,A,S,73900,1500,
600006.SH,600006,20251209,91518890,0,203929,A,S,74200,1500,
600006.SH,600006,20251209,91518970,0,204779,A,S,74400,1500,
600006.SH,600006,20251209,91518970,0,204780,A,S,74600,1500,
600006.SH,600006,20251209,91518970,0,204784,A,S,74900,1500,
600006.SH,600006,20251209,91518970,0,204799,A,S,75900,300,
600006.SH,600006,20251209,91518970,0,204808,A,S,76300,300,
600006.SH,600006,20251209,91518970,0,205039,A,S,78200,300,
600006.SH,600006,20251209,91518970,0,205184,A,S,78800,300,
600006.SH,600006,20251209,91518970,0,205188,A,S,80400,300,
600006.SH,600006,20251209,91518970,0,205441,A,S,81000,300,
600006.SH,600006,20251209,91518970,0,205539,A,B,72500,11500,
600006.SH,600006,20251209,91519120,0,205640,A,S,78200,300,
600006.SH,600006,20251209,91519120,0,205696,A,S,79600,400,
600006.SH,600006,20251209,91519120,0,205710,A,B,66800,10000,
600006.SH,600006,20251209,91519120,0,205925,A,S,79600,6000,
600006.SH,600006,20251209,91519120,0,205937,A,B,72800,200,
600006.SH,600006,20251209,91519120,0,206312,A,S,74000,2000,
600006.SH,600006,20251209,91519120,0,206425,A,S,75900,500,
600006.SH,600006,20251209,91519120,0,206470,A,S,73900,2000,
600006.SH,600006,20251209,91519120,0,206904,A,S,81000,2000,
600006.SH,600006,20251209,91519280,0,207293,A,S,81000,100,
600006.SH,600006,20251209,91519280,0,207529,A,S,78000,300,
600006.SH,600006,20251209,91519280,0,207857,A,B,73300,2000,
600006.SH,600006,20251209,91519280,0,207960,A,S,81000,2000,
600006.SH,600006,20251209,91519420,0,208308,A,B,70100,500,
600006.SH,600006,20251209,91519420,0,208560,A,B,69100,1000,
600006.SH,600006,20251209,91519420,0,209421,A,S,76000,2000,
600006.SH,600006,20251209,91519590,0,210429,A,B,72300,200,
600006.SH,600006,20251209,91519590,0,210640,A,S,74000,1000,
600006.SH,600006,20251209,91519590,0,210680,A,S,78000,3000,
600006.SH,600006,20251209,91519590,0,210885,A,B,73200,1000,
600006.SH,600006,20251209,91519590,0,210886,A,B,73100,1000,
600006.SH,600006,20251209,91519590,0,210898,A,B,71700,2000,
600006.SH,600006,20251209,91519590,0,210957,A,B,73400,2000,
600006.SH,600006,20251209,91519590,0,211157,A,B,73000,1000,
600006.SH,600006,20251209,91519590,0,211326,A,S,74500,1000,
600006.SH,600006,20251209,91519760,0,213327,A,S,76300,2000,
600006.SH,600006,20251209,91519760,0,213330,A,S,80000,2600,
600006.SH,600006,20251209,91519760,0,213491,A,S,81000,900,
600006.SH,600006,20251209,91519950,0,214758,A,S,81000,3000,
600006.SH,600006,20251209,91519950,0,215099,A,S,79800,500,
600006.SH,600006,20251209,91519950,0,215162,A,S,78600,2000,
600006.SH,600006,20251209,91520190,0,216367,A,B,72500,200,
600006.SH,600006,20251209,91520290,0,217769,A,S,74800,800,
600006.SH,600006,20251209,91520290,0,218432,A,S,81000,1000,
600006.SH,600006,20251209,91520290,0,218459,A,S,75000,1600,
600006.SH,600006,20251209,91520480,0,218664,A,S,80800,5000,
600006.SH,600006,20251209,91520480,0,218752,A,S,81000,10000,
600006.SH,600006,20251209,91520480,0,218855,A,S,74900,100,
600006.SH,600006,20251209,91520480,0,219017,A,B,72800,100,
600006.SH,600006,20251209,91520580,0,219574,A,B,73200,600,
600006.SH,600006,20251209,91520580,0,219978,A,S,80200,24500,
600006.SH,600006,20251209,91520580,0,220055,A,S,81000,100,
600006.SH,600006,20251209,91520580,0,220500,A,B,70200,2000,
600006.SH,600006,20251209,91520580,0,220724,A,S,81000,1200,
600006.SH,600006,20251209,91520580,0,220767,A,B,73300,600,
600006.SH,600006,20251209,91520580,0,221011,A,B,73600,2000,
600006.SH,600006,20251209,91520750,0,221293,A,S,81000,100,
600006.SH,600006,20251209,91520750,0,221598,A,B,66200,27900,
600006.SH,600006,20251209,91520750,0,221800,A,S,80000,1100,
600006.SH,600006,20251209,91520750,0,221951,A,S,80900,1000,
600006.SH,600006,20251209,91520750,0,222114,A,S,81000,2800,
600006.SH,600006,20251209,91520750,0,222315,A,S,75000,700,
600006.SH,600006,20251209,91520750,0,222421,A,S,77000,800,
600006.SH,600006,20251209,91520750,0,222879,A,S,75500,200,
600006.SH,600006,20251209,91520920,0,223842,A,S,74500,4400,
600006.SH,600006,20251209,91520920,0,224329,A,S,75500,500,
600006.SH,600006,20251209,91520920,0,224720,A,S,81000,2000,
600006.SH,600006,20251209,91521100,0,225462,A,S,75000,2000,
600006.SH,600006,20251209,91521100,0,225466,A,S,76000,2000,
600006.SH,600006,20251209,91521100,0,225651,A,B,74000,2000,
600006.SH,600006,20251209,91521280,0,226958,A,B,73400,700,
600006.SH,600006,20251209,91521370,0,227336,A,S,78800,1500,
600006.SH,600006,20251209,91521370,0,227776,A,S,78000,2000,
600006.SH,600006,20251209,91521370,0,228034,A,S,80800,5000,
600006.SH,600006,20251209,91521370,0,228158,A,B,73000,500,
600006.SH,600006,20251209,91521370,0,228169,A,S,81000,2000,
600006.SH,600006,20251209,91521370,0,228314,A,S,76000,1900,
600006.SH,600006,20251209,91521370,0,228420,A,B,73000,100,
600006.SH,600006,20251209,91521370,0,228465,A,S,79500,400,
600006.SH,600006,20251209,91521370,0,228478,A,S,81000,800,
600006.SH,600006,20251209,91521530,0,229028,A,S,76300,100,
600006.SH,600006,20251209,91521530,0,229131,A,S,79400,100,
600006.SH,600006,20251209,91521640,0,229599,A,S,80900,100,
600006.SH,600006,20251209,91521640,0,229601,A,S,77700,100,
600006.SH,600006,20251209,91521640,0,230701,A,B,73000,2000,
600006.SH,600006,20251209,91521640,0,231049,A,S,79900,1400,
600006.SH,600006,20251209,91521640,0,231332,A,B,71000,1100,
600006.SH,600006,20251209,91521810,0,232132,A,S,79000,700,
600006.SH,600006,20251209,91521930,0,233299,A,S,81000,2800,
600006.SH,600006,20251209,91521930,0,234203,A,S,76000,100,
600006.SH,600006,20251209,91521930,0,234205,A,B,69000,100,
600006.SH,600006,20251209,91522100,0,234211,A,B,70000,100,
600006.SH,600006,20251209,91522100,0,234605,A,S,75200,1400,
600006.SH,600006,20251209,91522100,0,235313,A,S,74000,2600,
600006.SH,600006,20251209,91522100,0,235359,A,S,75000,100,
600006.SH,600006,20251209,91522100,0,235360,A,B,73000,100,
600006.SH,600006,20251209,91522100,0,235505,A,S,74100,2000,
600006.SH,600006,20251209,91522100,0,235577,A,S,81000,1300,
600006.SH,600006,20251209,91522280,0,236053,A,S,79800,4400,
600006.SH,600006,20251209,91522280,0,236789,A,S,75500,600,
600006.SH,600006,20251209,91522280,0,236922,A,B,72800,2000,
600006.SH,600006,20251209,91522280,0,236960,A,S,79000,1500,
600006.SH,600006,20251209,91522280,0,237313,A,S,81000,5000,
600006.SH,600006,20251209,91522460,0,237847,A,S,78000,100,
600006.SH,600006,20251209,91522460,0,237848,A,S,79000,100,
600006.SH,600006,20251209,91522460,0,237851,A,S,79900,200,
600006.SH,600006,20251209,91522460,0,237857,A,S,80900,300,
600006.SH,600006,20251209,91522460,0,237861,A,B,72500,100,
600006.SH,600006,20251209,91522460,0,237866,A,B,71300,200,
600006.SH,600006,20251209,91522460,0,237870,A,B,70000,200,
600006.SH,600006,20251209,91522460,0,237948,A,S,75800,200,
600006.SH,600006,20251209,91522460,0,237971,A,S,80600,400,
600006.SH,600006,20251209,91522510,0,238045,A,S,74700,2700,
600006.SH,600006,20251209,91522590,0,239277,A,B,72200,300,
600006.SH,600006,20251209,91522590,0,239286,A,S,78300,200,
600006.SH,600006,20251209,91522590,0,239355,A,S,79800,200,
600006.SH,600006,20251209,91522590,0,239606,A,S,81000,3600,
600006.SH,600006,20251209,91522590,0,239838,A,B,70000,2000,
600006.SH,600006,20251209,91522710,0,240002,A,S,79000,1000,
600006.SH,600006,20251209,91522710,0,240090,A,B,72800,1000,
600006.SH,600006,20251209,91522710,0,240543,A,S,76600,100,
600006.SH,600006,20251209,91522820,0,241222,A,S,81000,2900,
600006.SH,600006,20251209,91522820,0,241351,A,S,81000,3200,
600006.SH,600006,20251209,91522820,0,241366,A,S,79500,13100,
600006.SH,600006,20251209,91522820,0,242345,A,B,71800,1500,
600006.SH,600006,20251209,91522980,0,242393,A,S,80800,500,
600006.SH,600006,20251209,91522980,0,242407,A,B,71800,2000,
600006.SH,600006,20251209,91522980,0,242345,D,B,71800,1500,
600006.SH,600006,20251209,91523170,0,243684,A,S,81000,4000,
600006.SH,600006,20251209,91523310,0,244197,A,S,78800,1700,
600006.SH,600006,20251209,91523310,0,244217,A,S,76900,100,
600006.SH,600006,20251209,91523310,0,244218,A,B,71700,100,
600006.SH,600006,20251209,91523360,0,244232,A,S,81000,100,
600006.SH,600006,20251209,91523550,0,244818,A,S,80800,1000,
600006.SH,600006,20251209,91524180,0,245276,A,S,74800,100,
600006.SH,600006,20251209,91524180,0,245277,A,B,69600,100,
600006.SH,600006,20251209,91529110,0,246796,A,S,76000,2000,
600006.SH,600006,20251209,91529110,0,246797,A,B,72000,2000,
600006.SH,600006,20251209,91529180,0,246817,A,S,76000,100,
600006.SH,600006,20251209,91529180,0,246818,A,B,72000,100,
600006.SH,600006,20251209,91529180,0,246824,A,B,70000,1000,
600006.SH,600006,20251209,91529180,0,246825,A,S,75000,1000,
600006.SH,600006,20251209,91529640,0,247007,A,S,75000,1000,
600006.SH,600006,20251209,91529880,0,247023,A,B,72600,1800,
600006.SH,600006,20251209,91533200,0,134025,D,B,72600,1000,
600006.SH,600006,20251209,91535820,0,248752,A,S,80500,400,
600006.SH,600006,20251209,91536050,0,133426,D,B,72600,1000,
600006.SH,600006,20251209,91539260,0,249637,A,S,80800,5000,
600006.SH,600006,20251209,91542560,0,250651,A,B,72600,1500,
600006.SH,600006,20251209,91544150,0,251119,A,B,70500,100,
600006.SH,600006,20251209,91544230,0,251159,A,S,74100,100,
600006.SH,600006,20251209,91545150,0,251441,A,B,74000,52400,
600006.SH,600006,20251209,91545450,0,251586,A,S,81000,4000,
600006.SH,600006,20251209,91547140,0,252071,A,S,75200,300,
600006.SH,600006,20251209,91547140,0,252072,A,B,72600,300,
600006.SH,600006,20251209,91550200,0,253063,A,S,75300,600,
600006.SH,600006,20251209,91550200,0,253064,A,B,72300,600,
600006.SH,600006,20251209,91552200,0,253685,A,B,71600,500,
600006.SH,600006,20251209,91552230,0,253695,A,S,74600,500,
600006.SH,600006,20251209,91553190,0,249637,D,S,80800,5000,
600006.SH,600006,20251209,91555210,0,254704,A,S,75100,300,
600006.SH,600006,20251209,91555210,0,254705,A,B,70700,300,
600006.SH,600006,20251209,91555260,0,254725,A,S,74200,1700,
600006.SH,600006,20251209,91555260,0,254726,A,B,71200,1700,
600006.SH,600006,20251209,91556100,0,254979,A,B,71800,400,
600006.SH,600006,20251209,91557070,0,251441,D,B,74000,52400,
600006.SH,600006,20251209,91559850,0,256177,A,S,80000,2900,
600006.SH,600006,20251209,91605530,0,258209,A,S,76000,2000,
600006.SH,600006,20251209,91607620,0,258811,A,B,74000,52400,
600006.SH,600006,20251209,91611510,0,259520,A,S,81000,3000,
600006.SH,600006,20251209,91611980,0,258811,D,B,74000,52400,
600006.SH,600006,20251209,91614780,0,259949,A,S,81000,1000,
600006.SH,600006,20251209,91620390,0,260690,A,B,74000,52400,
600006.SH,600006,20251209,91623540,0,261134,A,S,74000,800,
600006.SH,600006,20251209,91623770,0,261161,A,S,74000,800,
600006.SH,600006,20251209,91626480,0,260690,D,B,74000,52400,
600006.SH,600006,20251209,91626890,0,261577,A,S,74900,1000,
600006.SH,600006,20251209,91643250,0,264216,A,S,73600,800,
600006.SH,600006,20251209,91643650,0,264271,A,B,72700,300,
600006.SH,600006,20251209,91644350,0,264376,A,S,81000,2000,
600006.SH,600006,20251209,91645360,0,264534,A,S,74000,1000,
600006.SH,600006,20251209,91645520,0,264560,A,S,73900,2000,
600006.SH,600006,20251209,91645600,0,264576,A,B,73300,1000,
600006.SH,600006,20251209,91646440,0,261134,D,S,74000,800,
600006.SH,600006,20251209,91646590,0,264727,A,B,75000,51700,
600006.SH,600006,20251209,91648880,0,265064,A,B,72200,100,
600006.SH,600006,20251209,91651220,0,265421,A,B,70700,2000,
600006.SH,600006,20251209,91651560,0,265471,A,S,81000,4000,
600006.SH,600006,20251209,91653100,0,264727,D,B,75000,51700,
600006.SH,600006,20251209,91654370,0,265907,A,S,77000,20000,
600006.SH,600006,20251209,91655760,0,266142,A,B,73100,1000,
600006.SH,600006,20251209,91656180,0,266198,A,S,75600,2900,
600006.SH,600006,20251209,91705830,0,267717,A,S,81000,2700,
600006.SH,600006,20251209,91706080,0,267764,A,S,73900,5000,
600006.SH,600006,20251209,91706960,0,267925,A,S,80000,1000,
600006.SH,600006,20251209,91711190,0,268723,A,S,74000,1000,
600006.SH,600006,20251209,91713990,0,269191,A,S,73600,18600,
600006.SH,600006,20251209,91715300,0,269427,A,S,81000,300,
600006.SH,600006,20251209,91716760,0,269661,A,S,75200,1000,
600006.SH,600006,20251209,91717960,0,269859,A,S,74200,100,
600006.SH,600006,20251209,91728510,0,271706,A,S,73600,900,
600006.SH,600006,20251209,91728620,0,271724,A,B,72900,2000,
600006.SH,600006,20251209,91737370,0,273196,A,S,81000,300,
600006.SH,600006,20251209,91740310,0,273723,A,S,75900,5000,
600006.SH,600006,20251209,91740470,0,273753,A,S,80900,1000,
600006.SH,600006,20251209,91741290,0,273891,A,S,80900,5000,
600006.SH,600006,20251209,91743560,0,274248,A,S,74600,900,
600006.SH,600006,20251209,91746430,0,274740,A,B,72100,10000,
600006.SH,600006,20251209,91746830,0,274812,A,S,75400,1000,
600006.SH,600006,20251209,91747870,0,274992,A,B,72500,9800,
600006.SH,600006,20251209,91748240,0,275064,A,S,77700,4000,
600006.SH,600006,20251209,91758640,0,124819,D,S,81000,6000,
600006.SH,600006,20251209,91759970,0,277145,A,S,80600,3000,
600006.SH,600006,20251209,91815420,0,279972,A,S,81000,3400,
600006.SH,600006,20251209,91822820,0,281319,A,S,75100,3000,
600006.SH,600006,20251209,91827930,0,282225,A,B,73000,4000,
600006.SH,600006,20251209,91830640,0,282689,A,S,77700,100,
600006.SH,600006,20251209,91832860,0,283092,A,B,73200,500,
600006.SH,600006,20251209,91833010,0,283118,A,B,72800,4000,
600006.SH,600006,20251209,91833050,0,265421,D,B,70700,2000,
600006.SH,600006,20251209,91846560,0,285574,A,S,81000,1000,
600006.SH,600006,20251209,91849080,0,286056,A,S,75500,400,
600006.SH,600006,20251209,91852100,0,286624,A,S,73900,300,
600006.SH,600006,20251209,91852340,0,286658,A,B,71700,1000,
600006.SH,600006,20251209,91854300,0,286991,A,S,81000,500,
600006.SH,600006,20251209,91901430,0,288302,A,S,79900,1000,
600006.SH,600006,20251209,91905090,0,288981,A,S,77100,400,
600006.SH,600006,20251209,91907950,0,289494,A,S,81000,200,
600006.SH,600006,20251209,91908480,0,289598,A,S,74200,3000,
600006.SH,600006,20251209,91913050,0,290537,A,S,78500,400,
600006.SH,600006,20251209,91913290,0,290575,A,B,70700,1000,
600006.SH,600006,20251209,91914560,0,290825,A,S,73900,2000,
600006.SH,600006,20251209,91919020,0,291671,A,S,76900,7100,
600006.SH,600006,20251209,91920380,0,291970,A,S,74500,200,
600006.SH,600006,20251209,91925630,0,292937,A,B,73600,1700,
600006.SH,600006,20251209,91929680,0,293724,A,S,81000,600,
600006.SH,600006,20251209,91931270,0,264271,D,B,72700,300,
600006.SH,600006,20251209,91937840,0,295290,A,B,73100,5000,
600006.SH,600006,20251209,91940620,0,295858,A,B,73300,300,
600006.SH,600006,20251209,91942260,0,296203,A,B,73000,3000,
600006.SH,600006,20251209,91944680,0,47454,D,S,66200,100,
600006.SH,600006,20251209,91948000,0,297502,A,B,72300,100,
600006.SH,600006,20251209,91948630,0,297623,A,S,74200,1000,
600006.SH,600006,20251209,91949030,0,264216,D,S,73600,800,
600006.SH,600006,20251209,91949630,0,297827,A,B,73000,2000,
600006.SH,600006,20251209,91951670,0,298271,A,S,74600,200,
600006.SH,600006,20251209,91953500,0,298627,A,S,75200,100,
600006.SH,600006,20251209,91957140,0,299350,A,S,74300,3000,
600006.SH,600006,20251209,91957890,0,299516,A,S,76600,100,
600006.SH,600006,20251209,91959690,0,299932,A,S,81000,2000,
600006.SH,600006,20251209,92000030,0,300010,A,B,72700,1100,
600006.SH,600006,20251209,92000140,0,300048,A,S,81000,2600,
600006.SH,600006,20251209,92001570,0,300478,A,S,78600,500,
600006.SH,600006,20251209,92008480,0,302411,A,S,75800,8700,
600006.SH,600006,20251209,92010610,0,302922,A,S,81000,500,
600006.SH,600006,20251209,92010630,0,302932,A,S,80000,200,
600006.SH,600006,20251209,92012550,0,303331,A,S,73900,1700,
600006.SH,600006,20251209,92013680,0,303572,A,S,80800,1000,
600006.SH,600006,20251209,92019850,0,304832,A,S,74100,4000,
600006.SH,600006,20251209,92021750,0,305274,A,B,72500,5000,
600006.SH,600006,20251209,92024810,0,305941,A,S,81000,1000,
600006.SH,600006,20251209,92025130,0,306005,A,B,72200,8700,
600006.SH,600006,20251209,92026460,0,306294,A,S,73900,30000,
600006.SH,600006,20251209,92027020,0,306404,A,S,74500,1900,
600006.SH,600006,20251209,92027090,0,306422,A,S,81000,6300,
600006.SH,600006,20251209,92032880,0,307662,A,S,81000,2200,
600006.SH,600006,20251209,92035170,0,308137,A,B,72700,500,
600006.SH,600006,20251209,92036290,0,308379,A,S,74900,1300,
600006.SH,600006,20251209,92037390,0,308623,A,S,76500,5000,
600006.SH,600006,20251209,92038600,0,308900,A,S,74000,20000,
600006.SH,600006,20251209,92038830,0,308946,A,S,78800,800,
600006.SH,600006,20251209,92040950,0,309393,A,B,72000,100,
600006.SH,600006,20251209,92041550,0,309543,A,S,80800,1000,
600006.SH,600006,20251209,92044490,0,310223,A,S,76700,10100,
600006.SH,600006,20251209,92046120,0,310616,A,S,80800,5000,
600006.SH,600006,20251209,92047380,0,310903,A,S,75900,800,
600006.SH,600006,20251209,92048000,0,311010,A,B,72900,500,
600006.SH,600006,20251209,92049310,0,311337,A,B,71000,100,
600006.SH,600006,20251209,92049660,0,311416,A,S,73900,6700,
600006.SH,600006,20251209,92052470,0,312115,A,B,72500,100,
600006.SH,600006,20251209,92052470,0,312116,A,S,75500,100,
600006.SH,600006,20251209,92053510,0,312339,A,B,73500,300,
600006.SH,600006,20251209,92056250,0,312955,A,B,70500,800,
600006.SH,600006,20251209,92056500,0,313020,A,S,76300,500,
600006.SH,600006,20251209,92056980,0,313121,A,S,80000,400,
600006.SH,600006,20251209,92058230,0,313413,A,S,73200,7000,
600006.SH,600006,20251209,92059490,0,313735,A,S,80700,1600,
600006.SH,600006,20251209,92100110,0,313883,A,S,74500,2000,
600006.SH,600006,20251209,92101030,0,314119,A,S,81000,300,
600006.SH,600006,20251209,92101060,0,314125,A,S,81000,600,
600006.SH,600006,20251209,92101070,0,314131,A,S,81000,1000,
600006.SH,600006,20251209,92102210,0,314377,A,S,78000,200,
600006.SH,600006,20251209,92105050,0,315075,A,S,76100,10100,
600006.SH,600006,20251209,92109280,0,316087,A,S,81000,11400,
600006.SH,600006,20251209,92110760,0,316435,A,B,70000,200,
600006.SH,600006,20251209,92114390,0,317260,A,S,81000,1000,
600006.SH,600006,20251209,92117180,0,317904,A,S,74100,11400,
600006.SH,600006,20251209,92118180,0,318147,A,B,73000,1500,
600006.SH,600006,20251209,92119100,0,318374,A,S,73900,43000,
600006.SH,600006,20251209,92119420,0,318440,A,S,81000,10100,
600006.SH,600006,20251209,92123560,0,319382,A,S,73200,4900,
600006.SH,600006,20251209,92123630,0,319397,A,S,75000,2700,
600006.SH,600006,20251209,92123690,0,319416,A,S,81000,900,
600006.SH,600006,20251209,92123800,0,319456,A,S,76000,1500,
600006.SH,600006,20251209,92124060,0,319510,A,S,81000,4800,
600006.SH,600006,20251209,92126860,0,320216,A,B,73100,5000,
600006.SH,600006,20251209,92128160,0,320537,A,B,74000,10000,
600006.SH,600006,20251209,92132370,0,321513,A,S,80000,1300,
600006.SH,600006,20251209,92134800,0,322157,A,S,77000,1600,
600006.SH,600006,20251209,92135130,0,322230,A,S,73000,3100,
600006.SH,600006,20251209,92139410,0,323308,A,S,81000,7400,
600006.SH,600006,20251209,92143820,0,324367,A,B,73600,600,
600006.SH,600006,20251209,92144820,0,324606,A,B,70000,200,
600006.SH,600006,20251209,92147050,0,325158,A,S,75000,1000,
600006.SH,600006,20251209,92147740,0,325326,A,S,76100,3000,
600006.SH,600006,20251209,92148710,0,325558,A,S,75900,1000,
600006.SH,600006,20251209,92152680,0,326580,A,S,80000,1800,
600006.SH,600006,20251209,92154750,0,327084,A,S,78900,1600,
600006.SH,600006,20251209,92159380,0,328296,A,S,79500,500,
600006.SH,600006,20251209,92200040,0,328454,A,S,80700,117000,
600006.SH,600006,20251209,92202770,0,329445,A,S,81000,2000,
600006.SH,600006,20251209,92207410,0,330716,A,S,75700,1000,
600006.SH,600006,20251209,92216550,0,333134,A,S,75300,1000,
600006.SH,600006,20251209,92221350,0,334378,A,B,68000,200,
600006.SH,600006,20251209,92222250,0,334628,A,S,75000,2000,
600006.SH,600006,20251209,92222940,0,334825,A,S,76200,1000,
600006.SH,600006,20251209,92224410,0,335228,A,S,80000,800,
600006.SH,600006,20251209,92226660,0,335856,A,S,80800,5000,
600006.SH,600006,20251209,92228120,0,336236,A,S,78300,28200,
600006.SH,600006,20251209,92231560,0,337240,A,S,80900,5300,
600006.SH,600006,20251209,92231720,0,337280,A,S,81000,200,
600006.SH,600006,20251209,92234420,0,338109,A,S,76000,2000,
600006.SH,600006,20251209,92234500,0,338140,A,B,73000,1500,
600006.SH,600006,20251209,92237450,0,338989,A,S,76900,10000,
600006.SH,600006,20251209,92243190,0,340590,A,S,77200,2000,
600006.SH,600006,20251209,92245020,0,341096,A,S,77000,2000,
600006.SH,600006,20251209,92247430,0,341772,A,S,81000,5500,
600006.SH,600006,20251209,92256930,0,344749,A,S,80900,1500,
600006.SH,600006,20251209,92257260,0,344972,A,S,78200,3000,
600006.SH,600006,20251209,92258310,0,345276,A,S,76800,5000,
600006.SH,600006,20251209,92302270,0,346848,A,S,81000,2000,
600006.SH,600006,20251209,92305810,0,348071,A,B,73100,1000,
600006.SH,600006,20251209,92309170,0,349147,A,S,79400,3000,
600006.SH,600006,20251209,92309210,0,349160,A,B,72200,2600,
600006.SH,600006,20251209,92317550,0,351794,A,B,73000,3500,
600006.SH,600006,20251209,92317790,0,351856,A,S,79500,3000,
600006.SH,600006,20251209,92318410,0,352081,A,S,75900,300,
600006.SH,600006,20251209,92319420,0,352466,A,B,73000,1000,
600006.SH,600006,20251209,92319930,0,352663,A,S,79500,300,
600006.SH,600006,20251209,92323740,0,353865,A,B,72600,10000,
600006.SH,600006,20251209,92323850,0,353902,A,S,73600,20000,
600006.SH,600006,20251209,92326660,0,354839,A,S,80000,100,
600006.SH,600006,20251209,92331280,0,356438,A,S,80900,1500,
600006.SH,600006,20251209,92331380,0,356469,A,S,81000,3000,
600006.SH,600006,20251209,92332000,0,356675,A,S,74000,14200,
600006.SH,600006,20251209,92332380,0,356810,A,S,74300,500,
600006.SH,600006,20251209,92335050,0,357669,A,S,74900,500,
600006.SH,600006,20251209,92335280,0,357769,A,S,81000,2000,
600006.SH,600006,20251209,92336770,0,358251,A,B,74500,11000,
600006.SH,600006,20251209,92347810,0,362241,A,S,77500,4000,
600006.SH,600006,20251209,92349780,0,362940,A,B,72900,2100,
600006.SH,600006,20251209,92351150,0,363404,A,S,75700,1500,
600006.SH,600006,20251209,92351660,0,363584,A,S,73400,500,
600006.SH,600006,20251209,92354540,0,364579,A,B,68200,1200,
600006.SH,600006,20251209,92355410,0,364977,A,S,81000,300,
600006.SH,600006,20251209,92359680,0,366483,A,S,74500,5700,
600006.SH,600006,20251209,92359740,0,366498,A,S,81000,100,
600006.SH,600006,20251209,92359980,0,366589,A,S,73000,102500,
600006.SH,600006,20251209,92400220,0,366776,A,S,77000,2500,
600006.SH,600006,20251209,92405560,0,368930,A,S,80500,600,
600006.SH,600006,20251209,92406200,0,369178,A,S,81000,300,
600006.SH,600006,20251209,92408630,0,370233,A,S,77600,1200,
600006.SH,600006,20251209,92409020,0,370394,A,S,74700,6300,
600006.SH,600006,20251209,92416690,0,373915,A,S,73900,22600,
600006.SH,600006,20251209,92418000,0,374573,A,S,81000,1000,
600006.SH,600006,20251209,92418760,0,374938,A,S,80700,300,
600006.SH,600006,20251209,92420870,0,375976,A,S,80500,1000,
600006.SH,600006,20251209,92420990,0,376025,A,B,73300,10000,
600006.SH,600006,20251209,92421610,0,376339,A,S,73800,1800,
600006.SH,600006,20251209,92422550,0,376798,A,B,72000,4900,
600006.SH,600006,20251209,92423790,0,377472,A,S,76300,500,
600006.SH,600006,20251209,92425400,0,378361,A,S,81000,2000,
600006.SH,600006,20251209,92428390,0,379922,A,B,72400,5000,
600006.SH,600006,20251209,92429430,0,380460,A,B,73100,5000,
600006.SH,600006,20251209,92430520,0,381078,A,S,81000,800,
600006.SH,600006,20251209,92430560,0,381108,A,B,71800,1000,
600006.SH,600006,20251209,92433000,0,382490,A,S,80800,800,
600006.SH,600006,20251209,92434180,0,383150,A,B,73200,1500,
600006.SH,600006,20251209,92436950,0,384724,A,S,79800,2500,
600006.SH,600006,20251209,92440090,0,386896,A,S,73800,800,
600006.SH,600006,20251209,92441500,0,387687,A,B,73100,2300,
600006.SH,600006,20251209,92441970,0,387973,A,B,72500,600,
600006.SH,600006,20251209,92445140,0,389909,A,S,73200,26600,
600006.SH,600006,20251209,92445510,0,390144,A,B,73100,7500,
600006.SH,600006,20251209,92447050,0,391070,A,S,76400,800,
600006.SH,600006,20251209,92448670,0,392081,A,S,71700,6400,
600006.SH,600006,20251209,92448840,0,392238,A,S,71700,400,
600006.SH,600006,20251209,92449410,0,392655,A,S,71700,1200,
600006.SH,600006,20251209,92449540,0,392766,A,S,72200,900,
600006.SH,600006,20251209,92449890,0,393047,A,B,74300,5900,
600006.SH,600006,20251209,92449910,0,393072,A,S,71700,400,
600006.SH,600006,20251209,92449940,0,393102,A,S,71700,200,
600006.SH,600006,20251209,92450270,0,393513,A,B,73300,95200,
600006.SH,600006,20251209,92450270,0,393539,A,S,72200,1700,
600006.SH,600006,20251209,92450340,0,393640,A,S,71700,2300,
600006.SH,600006,20251209,92450400,0,393675,A,S,71700,400,
600006.SH,600006,20251209,92450720,0,394065,A,B,73300,10000,
600006.SH,600006,20251209,92451530,0,394824,A,B,73300,10000,
600006.SH,600006,20251209,92452490,0,395618,A,B,73100,500,
600006.SH,600006,20251209,92453000,0,396072,A,B,72300,5000,
600006.SH,600006,20251209,92453810,0,396938,A,S,71100,400,
600006.SH,600006,20251209,92454300,0,397336,A,B,73000,500,
600006.SH,600006,20251209,92455220,0,398469,A,S,76100,1000,
600006.SH,600006,20251209,92455360,0,398648,A,S,74000,2000,
600006.SH,600006,20251209,92455470,0,398796,A,S,73200,1700,
600006.SH,600006,20251209,92456120,0,399700,A,S,75300,500,
600006.SH,600006,20251209,92456250,0,399984,A,S,79900,800,
600006.SH,600006,20251209,92456470,0,400421,A,B,72900,1000,
600006.SH,600006,20251209,92457460,0,402282,A,B,72900,2000,
600006.SH,600006,20251209,92457600,0,402673,A,S,71100,4400,
600006.SH,600006,20251209,92458240,0,404033,A,B,76900,9200,
600006.SH,600006,20251209,92458280,0,404129,A,B,76900,2600,
600006.SH,600006,20251209,92458330,0,404251,A,B,76900,2400,
600006.SH,600006,20251209,92458700,0,405319,A,B,76200,900,
600006.SH,600006,20251209,92501000,0,0,S,O,0,0,
600006.SH,600006,20251209,93000180,0,409552,A,B,73300,3000,
600006.SH,600006,20251209,93000240,0,409979,A,B,68000,2000,
600006.SH,600006,20251209,93000270,0,410086,A,B,73100,500,
600006.SH,600006,20251209,93000270,0,410143,A,S,74600,4200,
600006.SH,600006,20251209,93000270,0,410144,A,B,72500,3800,
600006.SH,600006,20251209,93000450,0,411408,A,S,73700,1500,
600006.SH,600006,20251209,93002060,0,413080,A,B,73200,500,
600006.SH,600006,20251209,93002250,0,413794,A,B,72000,200,
600006.SH,600006,20251209,93002310,0,414079,A,B,72800,6000,
600006.SH,600006,20251209,93002480,0,415059,A,B,73300,100,
600006.SH,600006,20251209,93002520,0,415181,A,B,72200,5000,
600006.SH,600006,20251209,93002520,0,415369,A,S,80000,6100,
600006.SH,600006,20251209,93002600,0,416046,A,B,72000,2000,
600006.SH,600006,20251209,93002600,0,416364,A,B,71000,100,
600006.SH,600006,20251209,93002600,0,416598,A,B,73100,4100,
600006.SH,600006,20251209,93002600,0,417707,A,S,73600,2600,
600006.SH,600006,20251209,93002740,0,418149,A,S,73900,1400,
600006.SH,600006,20251209,93002740,0,418396,A,S,81000,200,
600006.SH,600006,20251209,93002890,0,419690,A,S,74800,10000,
600006.SH,600006,20251209,93002890,0,419918,A,B,72900,5000,
600006.SH,600006,20251209,93002890,0,267764,D,S,73900,5000,
600006.SH,600006,20251209,93002890,0,420103,A,B,73000,500,
600006.SH,600006,20251209,93002890,0,420828,A,B,73100,15000,
600006.SH,600006,20251209,93003060,0,422388,A,B,72200,400,
600006.SH,600006,20251209,93003230,0,424083,A,B,73000,9900,
600006.SH,600006,20251209,93003230,0,424265,A,B,72000,3500,
600006.SH,600006,20251209,93003230,0,424385,A,S,73800,10000,
600006.SH,600006,20251209,93003390,0,425085,A,B,73100,400,
600006.SH,600006,20251209,93003390,0,425123,A,B,72300,1500,
600006.SH,600006,20251209,93003390,0,425192,A,S,73400,900,
600006.SH,600006,20251209,93003570,0,427563,A,B,73100,1000,
600006.SH,600006,20251209,93003570,0,427706,A,B,73000,1000,
600006.SH,600006,20251209,93003730,0,428822,A,S,81000,1000,
600006.SH,600006,20251209,93003730,0,428938,A,B,72000,1000,
600006.SH,600006,20251209,93003730,0,429900,A,B,73000,500,
600006.SH,600006,20251209,93003890,0,431404,A,B,72800,5000,
600006.SH,600006,20251209,93004060,0,432485,A,S,73400,100,
600006.SH,600006,20251209,93004060,0,432975,A,B,73000,3000,
600006.SH,600006,20251209,93004060,0,433210,A,S,73400,100,
600006.SH,600006,20251209,93004060,0,433354,A,S,73700,1400,
600006.SH,600006,20251209,93004230,0,434828,A,S,73500,19600,
600006.SH,600006,20251209,93004230,0,435222,A,B,72600,1000,
600006.SH,600006,20251209,93004400,0,436594,A,B,73000,1000,
600006.SH,600006,20251209,93004740,0,439310,A,B,73300,200,
600006.SH,600006,20251209,93004740,0,304832,D,S,74100,4000,
600006.SH,600006,20251209,93004740,0,439571,A,S,76300,1600,
600006.SH,600006,20251209,93004740,0,439716,A,S,73900,2000,
600006.SH,600006,20251209,93004740,0,440001,A,B,73100,2000,
600006.SH,600006,20251209,93004910,0,441349,A,S,73800,30000,
600006.SH,600006,20251209,93005070,0,442710,A,S,73600,2600,
600006.SH,600006,20251209,93005070,0,443673,A,S,75000,400,
600006.SH,600006,20251209,93005070,0,444441,A,B,72400,1000,
600006.SH,600006,20251209,93005260,0,269191,D,S,73600,18600,
600006.SH,600006,20251209,93005420,0,446936,A,B,73300,1300,
600006.SH,600006,20251209,93005590,0,448211,A,B,72800,900,
600006.SH,600006,20251209,93005590,0,448311,A,B,72500,1000,
600006.SH,600006,20251209,93005590,0,448589,A,B,73300,3100,
600006.SH,600006,20251209,93005590,0,448929,A,B,73000,1000,
600006.SH,600006,20251209,93005750,0,449994,A,S,77000,20000,
600006.SH,600006,20251209,93005750,0,450217,A,S,73800,5000,
600006.SH,600006,20251209,93005750,0,450324,A,S,74000,5000,
600006.SH,600006,20251209,93005750,0,451339,A,B,72900,4000,
600006.SH,600006,20251209,93005750,0,451446,A,S,73900,1000,
600006.SH,600006,20251209,93005920,0,452178,A,S,81000,1000,
600006.SH,600006,20251209,93005920,0,452204,A,B,73300,100,
600006.SH,600006,20251209,93006090,0,453488,A,S,81000,1000,
600006.SH,600006,20251209,93006090,0,453876,A,S,81000,23900,
600006.SH,600006,20251209,93006090,0,453997,A,S,73900,1000,
600006.SH,600006,20251209,93006260,0,456153,A,B,73300,1000,
600006.SH,600006,20251209,93006260,0,456204,A,B,73300,1000,
600006.SH,600006,20251209,93006430,0,456926,A,B,73000,1300,
600006.SH,600006,20251209,93006430,0,456204,D,B,73300,1000,
600006.SH,600006,20251209,93006430,0,457106,A,S,73800,1200,
600006.SH,600006,20251209,93006430,0,457804,A,S,73800,5300,
600006.SH,600006,20251209,93006600,0,458858,A,B,72400,1000,
600006.SH,600006,20251209,93006600,0,459171,A,S,75400,2700,
600006.SH,600006,20251209,93006600,0,459771,A,B,73000,1000,
600006.SH,600006,20251209,93006760,0,461365,A,S,74000,1000,
600006.SH,600006,20251209,93006760,0,461860,A,S,80200,2900,
600006.SH,600006,20251209,93006760,0,461882,A,S,81000,8000,
600006.SH,600006,20251209,93006920,0,463401,A,B,73400,27500,
600006.SH,600006,20251209,93006920,0,463425,A,B,72400,700,
600006.SH,600006,20251209,93006920,0,463494,A,B,73100,800,
600006.SH,600006,20251209,93007060,0,464271,A,B,72800,1000,
600006.SH,600006,20251209,93007060,0,464386,A,S,74600,9000,
600006.SH,600006,20251209,93007060,0,464468,A,S,73800,5000,
600006.SH,600006,20251209,93007060,0,173775,D,B,73100,3100,
600006.SH,600006,20251209,93007060,0,464871,A,B,72800,20000,
600006.SH,600006,20251209,93007250,0,465860,A,S,76000,100,
600006.SH,600006,20251209,93007250,0,465880,A,B,72800,121100,
600006.SH,600006,20251209,93007250,0,466627,A,B,73000,1100,
600006.SH,600006,20251209,93007250,0,466773,A,S,74000,4000,
600006.SH,600006,20251209,93007250,0,466911,A,B,72200,2000,
600006.SH,600006,20251209,93007250,0,467615,A,B,73300,200,
600006.SH,600006,20251209,93007600,0,470519,A,S,81000,1000,
600006.SH,600006,20251209,93007600,0,470883,A,S,77000,500,
600006.SH,600006,20251209,93007780,0,471245,A,B,73100,600,
600006.SH,600006,20251209,93007780,0,471373,A,S,81000,100,
600006.SH,600006,20251209,93007780,0,124603,D,S,74500,2000,
600006.SH,600006,20251209,93007930,0,473705,A,B,72900,1500,
600006.SH,600006,20251209,93007930,0,474509,A,B,72800,2000,
600006.SH,600006,20251209,93008110,0,474922,A,S,74100,5000,
600006.SH,600006,20251209,93008110,0,475013,A,S,74600,800,
600006.SH,600006,20251209,93008110,0,475065,A,S,81000,300,
600006.SH,600006,20251209,93008110,0,475208,A,B,73200,500,
600006.SH,600006,20251209,93008110,0,475272,A,S,76300,200,
600006.SH,600006,20251209,93008110,0,475463,A,B,73300,500,
600006.SH,600006,20251209,93008110,0,475867,A,B,73400,500,
600006.SH,600006,20251209,93008280,0,476369,A,B,72000,800,
600006.SH,600006,20251209,93008280,0,476461,A,S,81000,5900,
600006.SH,600006,20251209,93008280,0,477000,A,B,73400,600,
600006.SH,600006,20251209,93008440,0,478729,A,B,72000,400,
600006.SH,600006,20251209,93008440,0,162484,D,B,73100,20000,
600006.SH,600006,20251209,93008440,0,478992,A,B,73300,100,
600006.SH,600006,20251209,93008440,0,479657,A,S,76500,1300,
600006.SH,600006,20251209,93008600,0,479927,A,B,73200,100,
600006.SH,600006,20251209,93008600,0,480186,A,S,80000,200,
600006.SH,600006,20251209,93008600,0,480253,A,B,73100,100,
600006.SH,600006,20251209,93008600,0,480604,A,B,73000,100,
600006.SH,600006,20251209,93008600,0,481059,A,B,73300,800,
600006.SH,600006,20251209,93008600,0,481083,A,B,72800,100,
600006.SH,600006,20251209,93008600,0,481398,A,S,80800,200,
600006.SH,600006,20251209,93008600,0,481460,A,B,72700,100,
600006.SH,600006,20251209,93008600,0,481466,A,S,74300,16500,
600006.SH,600006,20251209,93008760,0,481941,A,B,72600,100,
600006.SH,600006,20251209,93008760,0,483248,A,S,74000,1000,
600006.SH,600006,20251209,93008910,0,483659,A,B,73400,3900,
600006.SH,600006,20251209,93009070,0,486877,A,B,73200,19900,
600006.SH,600006,20251209,93009230,0,487132,A,S,73800,500,
600006.SH,600006,20251209,93009390,0,490172,A,B,72100,400,
600006.SH,600006,20251209,93009390,0,82672,D,S,74200,800,
600006.SH,600006,20251209,93009580,0,491983,A,S,80900,6200,
600006.SH,600006,20251209,93009750,0,493850,A,S,74000,4000,
600006.SH,600006,20251209,93009750,0,493933,A,B,72200,1000,
600006.SH,600006,20251209,93009930,0,494752,A,S,74200,1000,
600006.SH,600006,20251209,93009930,0,494799,A,B,72900,5000,
600006.SH,600006,20251209,93010100,0,496873,A,B,70000,100,
600006.SH,600006,20251209,93010100,0,497762,A,S,73700,1000,
600006.SH,600006,20251209,93010300,0,499034,A,B,73200,1000,
600006.SH,600006,20251209,93010470,0,500187,A,S,73700,10000,
600006.SH,600006,20251209,93010630,0,501978,A,B,71300,5000,
600006.SH,600006,20251209,93010630,0,502571,A,B,73100,10000,
600006.SH,600006,20251209,93010630,0,502796,A,S,73800,5000,
600006.SH,600006,20251209,93010800,0,505055,A,B,72900,5000,
600006.SH,600006,20251209,93011060,0,506656,A,B,72700,10000,
600006.SH,600006,20251209,93011060,0,507836,A,S,74500,5000,
600006.SH,600006,20251209,93011220,0,509097,A,B,73300,100,
600006.SH,600006,20251209,93011220,0,56545,D,B,72800,3800,
600006.SH,600006,20251209,93011380,0,510440,A,B,72500,600,
600006.SH,600006,20251209,93011380,0,510454,A,B,73000,1400,
600006.SH,600006,20251209,93011430,0,511026,A,B,71300,5000,
600006.SH,600006,20251209,93011430,0,511532,A,B,72200,1000,
600006.SH,600006,20251209,93011430,0,511834,A,S,74700,4000,
600006.SH,600006,20251209,93011430,0,511932,A,S,73900,20000,
600006.SH,600006,20251209,93011430,0,511939,A,S,74600,30000,
600006.SH,600006,20251209,93011430,0,511944,A,B,72600,3900,
600006.SH,600006,20251209,93011430,0,512228,A,B,73100,1500,
600006.SH,600006,20251209,93011430,0,512369,A,B,73100,500,
600006.SH,600006,20251209,93011580,0,514418,A,S,73500,6000,
600006.SH,600006,20251209,93011770,0,515933,A,B,73300,100,
600006.SH,600006,20251209,93011930,0,517002,A,S,73800,2400,
600006.SH,600006,20251209,93012160,0,519238,A,S,80800,2000,
600006.SH,600006,20251209,93012320,0,520434,A,B,72800,700,
600006.SH,600006,20251209,93012320,0,521258,A,B,72800,300,
600006.SH,600006,20251209,93012470,0,522145,A,B,73300,300,
600006.SH,600006,20251209,93012470,0,522251,A,B,72900,1200,
600006.SH,600006,20251209,93012470,0,523247,A,S,80000,500,
600006.SH,600006,20251209,93012640,0,525202,A,S,79500,500,
600006.SH,600006,20251209,93012640,0,525374,A,B,72000,1000,
600006.SH,600006,20251209,93012790,0,525633,A,B,73400,700,
600006.SH,600006,20251209,93012790,0,526391,A,B,73300,1000,
600006.SH,600006,20251209,93012790,0,526607,A,B,73400,1200,
600006.SH,600006,20251209,93012790,0,526853,A,S,76900,4300,
600006.SH,600006,20251209,93012790,0,526882,A,S,73800,500,
600006.SH,600006,20251209,93012950,0,527728,A,B,72500,300,
600006.SH,600006,20251209,93012950,0,528734,A,S,73700,7300,
600006.SH,600006,20251209,93013150,0,529836,A,B,72500,1300,
600006.SH,600006,20251209,93013150,0,530578,A,B,72200,1000,
600006.SH,600006,20251209,93013310,0,156231,D,S,80500,100,
600006.SH,600006,20251209,93013310,0,531040,A,B,72100,1500,
600006.SH,600006,20251209,93013310,0,531957,A,S,80900,500,
600006.SH,600006,20251209,93013490,0,533399,A,B,73000,1000,
600006.SH,600006,20251209,93013560,0,533857,A,B,72300,5700,
600006.SH,600006,20251209,93013560,0,534566,A,B,73100,100,
600006.SH,600006,20251209,93013560,0,535319,A,S,77800,1400,
600006.SH,600006,20251209,93013890,0,538488,A,S,80000,15000,
600006.SH,600006,20251209,93014060,0,538977,A,S,73400,200,
600006.SH,600006,20251209,93014060,0,539542,A,S,74500,1100,
600006.SH,600006,20251209,93014060,0,540502,A,B,73000,1000,
600006.SH,600006,20251209,93014240,0,541209,A,B,73000,2000,
600006.SH,600006,20251209,93014510,0,544123,A,S,73700,2000,
600006.SH,600006,20251209,93014670,0,545399,A,S,76500,200,
600006.SH,600006,20251209,93014670,0,546184,A,B,73100,1500,
600006.SH,600006,20251209,93014830,0,548270,A,S,73300,5700,
600006.SH,600006,20251209,93014830,0,548418,A,S,74900,1000,
600006.SH,600006,20251209,93015000,0,548841,A,S,81000,100,
600006.SH,600006,20251209,93015000,0,549148,A,S,73400,1900,
600006.SH,600006,20251209,93015000,0,549942,A,S,73400,2800,
600006.SH,600006,20251209,93015000,0,550538,A,S,81000,4900,
600006.SH,600006,20251209,93015170,0,551025,A,S,73900,200,
600006.SH,600006,20251209,93015170,0,551157,A,B,72500,500,
600006.SH,600006,20251209,93015330,0,552810,A,B,73300,2300,
600006.SH,600006,20251209,93015330,0,552865,A,S,76000,15000,
600006.SH,600006,20251209,93015740,0,557481,A,B,72800,1000,
600006.SH,600006,20251209,93015740,0,557501,A,S,73800,18500,
600006.SH,600006,20251209,93015740,0,557896,A,S,80900,800,
600006.SH,600006,20251209,93015740,0,558168,A,S,73400,1800,
600006.SH,600006,20251209,93015740,0,558257,A,S,73400,34000,
600006.SH,600006,20251209,93015900,0,558806,A,B,73300,100,
600006.SH,600006,20251209,93016080,0,560331,A,S,73800,2100,
600006.SH,600006,20251209,93016080,0,560391,A,S,73400,1300,
600006.SH,600006,20251209,93016080,0,560747,A,B,72300,10700,
600006.SH,600006,20251209,93016080,0,561036,A,S,76000,200,
600006.SH,600006,20251209,93016080,0,561593,A,B,72900,1000,
600006.SH,600006,20251209,93016250,0,562497,A,S,80900,20000,
600006.SH,600006,20251209,93016250,0,563230,A,B,69000,200,
600006.SH,600006,20251209,93016250,0,563756,A,S,79800,20000,
600006.SH,600006,20251209,93016450,0,564265,A,B,72900,500,
600006.SH,600006,20251209,93016450,0,274992,D,B,72500,9800,
600006.SH,600006,20251209,93016620,0,546184,D,B,73100,1500,
600006.SH,600006,20251209,93016620,0,566430,A,B,71400,1400,
600006.SH,600006,20251209,93016780,0,568251,A,S,73300,7600,
600006.SH,600006,20251209,93016950,0,569297,A,S,73700,5000,
600006.SH,600006,20251209,93016950,0,569498,A,B,72900,1000,
600006.SH,600006,20251209,93016950,0,570152,A,S,74800,2000,
600006.SH,600006,20251209,93016950,0,570723,A,S,74300,10000,
600006.SH,600006,20251209,93016950,0,570758,A,B,72500,2000,
600006.SH,600006,20251209,93017110,0,570853,A,B,73000,1000,
600006.SH,600006,20251209,93017110,0,570905,A,S,73900,1000,
600006.SH,600006,20251209,93017110,0,570910,A,S,75300,3000,
600006.SH,600006,20251209,93017110,0,571581,A,S,81000,700,
600006.SH,600006,20251209,93017260,0,572926,A,B,69900,400,
600006.SH,600006,20251209,93017440,0,574635,A,S,73800,2000,
600006.SH,600006,20251209,93017440,0,574967,A,S,77300,3900,
600006.SH,600006,20251209,93017440,0,575446,A,S,75800,500,
600006.SH,600006,20251209,93017610,0,576214,A,B,72700,1000,
600006.SH,600006,20251209,93017610,0,576686,A,S,73400,100,
600006.SH,600006,20251209,93017610,0,576985,A,S,73400,300,
600006.SH,600006,20251209,93017610,0,577049,A,B,72100,2000,
600006.SH,600006,20251209,93017760,0,578236,A,S,74000,1800,
600006.SH,600006,20251209,93017760,0,578288,A,S,74500,900,
600006.SH,600006,20251209,93017760,0,578740,A,S,73600,1000,
600006.SH,600006,20251209,93017930,0,580689,A,B,73000,500,
600006.SH,600006,20251209,93018090,0,582479,A,B,73000,5000,
600006.SH,600006,20251209,93018090,0,582491,A,S,73300,100,
600006.SH,600006,20251209,93018200,0,584128,A,S,73800,2000,
600006.SH,600006,20251209,93018360,0,584525,A,S,73400,2000,
600006.SH,600006,20251209,93018510,0,586112,A,S,74000,1000,
600006.SH,600006,20251209,93018510,0,586552,A,S,80700,500,
600006.SH,600006,20251209,93018510,0,586567,A,S,73800,1000,
600006.SH,600006,20251209,93018510,0,586693,A,S,74000,1000,
600006.SH,600006,20251209,93018780,0,588972,A,B,72200,10000,
600006.SH,600006,20251209,93019010,0,591291,A,S,75000,1000,
600006.SH,600006,20251209,93019010,0,592161,A,S,73400,100,
600006.SH,600006,20251209,93019170,0,592806,A,S,73800,2700,
600006.SH,600006,20251209,93019420,0,594606,A,B,73100,2000,
600006.SH,600006,20251209,93019420,0,595185,A,S,73500,16000,
600006.SH,600006,20251209,93019420,0,595683,A,B,71700,500,
600006.SH,600006,20251209,93019420,0,596232,A,B,71800,1000,
600006.SH,600006,20251209,93019420,0,596238,A,S,79900,10000,
600006.SH,600006,20251209,93019580,0,596321,A,S,74000,37000,
600006.SH,600006,20251209,93019580,0,596637,A,B,72900,3000,
600006.SH,600006,20251209,93019580,0,597761,A,B,70000,500,
600006.SH,600006,20251209,93019840,0,599367,A,S,75000,2700,
600006.SH,600006,20251209,93019840,0,599566,A,S,76900,39100,
600006.SH,600006,20251209,93019840,0,599664,A,B,73300,1500,
600006.SH,600006,20251209,93019850,0,600411,A,S,76000,400,
600006.SH,600006,20251209,93020340,0,604028,A,B,73300,100,
600006.SH,600006,20251209,93020340,0,604832,A,B,72000,600,
600006.SH,600006,20251209,93020490,0,605480,A,B,73300,800,
600006.SH,600006,20251209,93020490,0,606427,A,S,75800,2500,
600006.SH,600006,20251209,93020490,0,607007,A,B,71700,100,
600006.SH,600006,20251209,93020660,0,607234,A,S,73400,600,
600006.SH,600006,20251209,93020660,0,607927,A,S,76200,2000,
600006.SH,600006,20251209,93020910,0,609410,A,S,75800,2100,
600006.SH,600006,20251209,93020910,0,609605,A,S,74500,500,
600006.SH,600006,20251209,93020910,0,610179,A,S,81000,800,
600006.SH,600006,20251209,93021080,0,611554,A,S,77800,2500,
600006.SH,600006,20251209,93021080,0,611606,A,B,73300,1000,
600006.SH,600006,20251209,93021080,0,611916,A,S,73500,100,
600006.SH,600006,20251209,93021270,0,613250,A,S,81000,800,
600006.SH,600006,20251209,93021570,0,615862,A,B,72300,1000,
600006.SH,600006,20251209,93021570,0,616123,A,B,71600,1400,
600006.SH,600006,20251209,93021570,0,617074,A,B,73300,7400,
600006.SH,600006,20251209,93021570,0,617083,A,S,73400,100,
600006.SH,600006,20251209,93021570,0,617108,A,S,73400,100,
600006.SH,600006,20251209,93021570,0,617172,A,S,73400,100,
600006.SH,600006,20251209,93021570,0,617184,A,S,77700,1300,
600006.SH,600006,20251209,93021570,0,617205,A,S,73400,200,
600006.SH,600006,20251209,93021570,0,617207,A,S,73400,200,
600006.SH,600006,20251209,93021730,0,617286,A,S,73400,700,
600006.SH,600006,20251209,93021730,0,617321,A,S,73400,200,
600006.SH,600006,20251209,93021730,0,617411,A,S,73400,100,
600006.SH,600006,20251209,93021730,0,617467,A,S,79500,100,
600006.SH,600006,20251209,93021730,0,617617,A,S,73400,100,
600006.SH,600006,20251209,93021730,0,618489,A,S,80900,400,
600006.SH,600006,20251209,93021910,0,620054,A,B,73200,1000,
600006.SH,600006,20251209,93021910,0,620124,A,S,73400,100,
600006.SH,600006,20251209,93021910,0,620425,A,S,73400,100,
600006.SH,600006,20251209,93021910,0,620492,A,S,73400,100,
600006.SH,600006,20251209,93021910,0,620614,A,S,73400,100,
600006.SH,600006,20251209,93022080,0,621104,A,S,74200,5000,
600006.SH,600006,20251209,93022080,0,621809,A,S,79800,2600,
600006.SH,600006,20251209,93022080,0,621844,A,S,73400,400,
600006.SH,600006,20251209,93022080,0,621971,A,S,81000,100,
600006.SH,600006,20251209,93022410,0,623788,A,S,75000,4000,
600006.SH,600006,20251209,93022410,0,624603,A,S,73400,400,
600006.SH,600006,20251209,93022570,0,626149,A,S,80500,2500,
600006.SH,600006,20251209,93022570,0,626285,A,S,73400,100,
600006.SH,600006,20251209,93022570,0,626428,A,B,72300,1500,
600006.SH,600006,20251209,93022570,0,626827,A,S,81000,6700,
600006.SH,600006,20251209,93022720,0,626990,A,S,73800,6300,
600006.SH,600006,20251209,93022720,0,370394,D,S,74700,6300,
600006.SH,600006,20251209,93023040,0,630273,A,S,73400,200,
600006.SH,600006,20251209,93023280,0,633580,A,S,73400,100,
600006.SH,600006,20251209,93023280,0,633914,A,B,72700,2000,
600006.SH,600006,20251209,93023280,0,634001,A,S,73400,200,
600006.SH,600006,20251209,93023550,0,636574,A,B,72900,3000,
600006.SH,600006,20251209,93023550,0,636922,A,S,80700,2000,
600006.SH,600006,20251209,93023720,0,637352,A,S,73400,100,
600006.SH,600006,20251209,93023720,0,637863,A,S,74100,1000,
600006.SH,600006,20251209,93023720,0,638518,A,S,73400,100,
600006.SH,600006,20251209,93023890,0,639861,A,S,75600,5000,
600006.SH,600006,20251209,93024060,0,640610,A,B,71000,800,
600006.SH,600006,20251209,93024060,0,640916,A,B,73000,3000,
600006.SH,600006,20251209,93024220,0,642114,A,S,73800,500,
600006.SH,600006,20251209,93024380,0,643735,A,S,73800,1000,
600006.SH,600006,20251209,93024380,0,643920,A,S,81000,50000,
600006.SH,600006,20251209,93024530,0,645724,A,S,73400,600,
600006.SH,600006,20251209,93024530,0,645865,A,S,73400,200,
600006.SH,600006,20251209,93024700,0,648004,A,S,80000,1400,
600006.SH,600006,20251209,93024890,0,648591,A,S,73700,1200,
600006.SH,600006,20251209,93024890,0,649201,A,S,73400,100,
600006.SH,600006,20251209,93024890,0,649403,A,S,74500,1000,
600006.SH,600006,20251209,93025060,0,650642,A,S,81000,3800,
600006.SH,600006,20251209,93025060,0,651416,A,S,73400,100,
600006.SH,600006,20251209,93025220,0,158465,D,B,71500,700,
600006.SH,600006,20251209,93025390,0,653184,A,S,73400,200,
600006.SH,600006,20251209,93025390,0,653497,A,S,75800,800,
600006.SH,600006,20251209,93025390,0,654588,A,S,76500,2000,
600006.SH,600006,20251209,93025530,0,656140,A,B,70000,500,
600006.SH,600006,20251209,93025780,0,657880,A,S,73400,100,
600006.SH,600006,20251209,93025970,0,659123,A,S,76500,1000,
600006.SH,600006,20251209,93025970,0,659851,A,S,76800,5000,
600006.SH,600006,20251209,93026140,0,660416,A,S,81000,400,
600006.SH,600006,20251209,93026140,0,661359,A,B,72500,100,
600006.SH,600006,20251209,93026460,0,399700,D,S,75300,500,
600006.SH,600006,20251209,93026460,0,664350,A,S,73500,5100,
600006.SH,600006,20251209,93026610,0,665536,A,S,73400,100,
600006.SH,600006,20251209,93026770,0,666432,A,B,72500,12000,
600006.SH,600006,20251209,93026850,0,667072,A,B,73000,1000,
600006.SH,600006,20251209,93026850,0,667688,A,B,71200,700,
600006.SH,600006,20251209,93027080,0,669517,A,S,78800,300,
600006.SH,600006,20251209,93027220,0,671607,A,B,73300,400,
600006.SH,600006,20251209,93027470,0,673723,A,S,73500,2000,
600006.SH,600006,20251209,93027470,0,674418,A,S,80800,1000,
600006.SH,600006,20251209,93027630,0,675893,A,S,75500,1000,
600006.SH,600006,20251209,93027630,0,675939,A,B,73200,200,
600006.SH,600006,20251209,93027790,0,676402,A,B,73100,600,
600006.SH,600006,20251209,93027840,0,677378,A,B,73000,30000,
600006.SH,600006,20251209,93028000,0,679239,A,S,80900,700,
600006.SH,600006,20251209,93028150,0,680023,A,S,73300,600,
600006.SH,600006,20251209,93028150,0,680689,A,S,73300,200,
600006.SH,600006,20251209,93028150,0,681038,A,S,80800,60000,
600006.SH,600006,20251209,93028150,0,681135,A,S,74500,15100,
600006.SH,600006,20251209,93028150,0,681520,A,S,73800,4000,
600006.SH,600006,20251209,93028320,0,681818,A,B,71800,5000,
600006.SH,600006,20251209,93028320,0,682903,A,B,72000,1500,
600006.SH,600006,20251209,93028470,0,607927,D,S,76200,2000,
600006.SH,600006,20251209,93028620,0,685067,A,S,73400,200,
600006.SH,600006,20251209,93028620,0,685539,A,S,73400,100,
600006.SH,600006,20251209,93028770,0,686353,A,B,73000,1000,
600006.SH,600006,20251209,93028770,0,687039,A,S,77500,1000,
600006.SH,600006,20251209,93028770,0,687454,A,S,81000,400,
600006.SH,600006,20251209,93028770,0,687458,A,B,72000,200,
600006.SH,600006,20251209,93028770,0,687623,A,B,73300,1000,
600006.SH,600006,20251209,93029280,0,691671,A,S,78900,1000,
600006.SH,600006,20251209,93029280,0,691788,A,B,72900,20000,
600006.SH,600006,20251209,93029280,0,691889,A,B,73000,500,
600006.SH,600006,20251209,93029420,0,693196,A,S,81000,1900,
600006.SH,600006,20251209,93029620,0,694923,A,S,73800,1000,
600006.SH,600006,20251209,93029620,0,695069,A,S,79700,2000,
600006.SH,600006,20251209,93029620,0,695334,A,S,73400,100,
600006.SH,600006,20251209,93029780,0,695686,A,S,78500,1000,
600006.SH,600006,20251209,93029840,0,696086,A,S,73400,100,
600006.SH,600006,20251209,93029840,0,696952,A,B,72900,1000,
600006.SH,600006,20251209,93029980,0,698022,A,B,72100,700,
600006.SH,600006,20251209,93030130,0,698988,A,S,73500,1600,
600006.SH,600006,20251209,93030130,0,699610,A,B,72500,600,
600006.SH,600006,20251209,93030280,0,700914,A,B,72900,500,
600006.SH,600006,20251209,93030540,0,703356,A,S,73400,69400,
600006.SH,600006,20251209,93030540,0,703814,A,B,71800,1000,
600006.SH,600006,20251209,93030690,0,705017,A,S,74600,500,
600006.SH,600006,20251209,93030690,0,705352,A,S,73400,400,
600006.SH,600006,20251209,93030690,0,705732,A,B,72800,300,
600006.SH,600006,20251209,93030840,0,707281,A,B,73200,2000,
600006.SH,600006,20251209,93030990,0,707798,A,S,73400,1400,
600006.SH,600006,20251209,93031140,0,708959,A,B,73300,1500,
600006.SH,600006,20251209,93031140,0,709172,A,B,72700,300,
600006.SH,600006,20251209,93031140,0,709402,A,S,79500,1000,
600006.SH,600006,20251209,93031140,0,709578,A,S,78000,500,
600006.SH,600006,20251209,93031140,0,709877,A,S,73400,200,
600006.SH,600006,20251209,93031300,0,710988,A,B,72600,300,
600006.SH,600006,20251209,93031440,0,712608,A,B,72500,300,
600006.SH,600006,20251209,93031620,0,713649,A,B,72500,1600,
600006.SH,600006,20251209,93031620,0,713825,A,B,72200,3700,
600006.SH,600006,20251209,93031620,0,714053,A,B,72300,600,
600006.SH,600006,20251209,93031620,0,714115,A,B,71500,5000,
600006.SH,600006,20251209,93031620,0,714147,A,S,73400,800,
600006.SH,600006,20251209,93031620,0,714541,A,S,80500,1000,
600006.SH,600006,20251209,93031770,0,715263,A,B,73000,1500,
600006.SH,600006,20251209,93031920,0,716258,A,S,73400,400,
600006.SH,600006,20251209,93032250,0,719302,A,S,73400,200,
600006.SH,600006,20251209,93032250,0,719965,A,B,72800,600,
600006.SH,600006,20251209,93032250,0,720648,A,B,73200,10000,
600006.SH,600006,20251209,93032400,0,721444,A,B,73300,2000,
600006.SH,600006,20251209,93032550,0,722245,A,S,73400,200,
600006.SH,600006,20251209,93032550,0,722283,A,S,73400,400,
600006.SH,600006,20251209,93032550,0,723155,A,S,81000,4000,
600006.SH,600006,20251209,93032690,0,724149,A,B,73100,3000,
600006.SH,600006,20251209,93032690,0,724384,A,S,75500,1500,
600006.SH,600006,20251209,93032830,0,726223,A,S,73500,30000,
600006.SH,600006,20251209,93032990,0,726616,A,S,73400,100,
600006.SH,600006,20251209,93032990,0,726628,A,S,73400,700,
600006.SH,600006,20251209,93033140,0,727868,A,B,72200,1000,
600006.SH,600006,20251209,93033140,0,728347,A,S,79100,2000,
600006.SH,600006,20251209,93033140,0,728368,A,B,73300,600,
600006.SH,600006,20251209,93033290,0,729359,A,S,81000,100,
600006.SH,600006,20251209,93033290,0,730139,A,S,73400,600,
600006.SH,600006,20251209,93033290,0,730194,A,B,73300,2600,
600006.SH,600006,20251209,93033590,0,733495,A,B,72100,1400,
600006.SH,600006,20251209,93033740,0,733501,A,S,75000,16500,
600006.SH,600006,20251209,93033740,0,734038,A,S,73900,2600,
600006.SH,600006,20251209,93033740,0,734725,A,B,73300,1000,
600006.SH,600006,20251209,93033950,0,735737,A,B,71600,1000,
600006.SH,600006,20251209,93034250,0,738652,A,S,81000,2700,
600006.SH,600006,20251209,93034250,0,739176,A,S,76000,8200,
600006.SH,600006,20251209,93034250,0,739550,A,B,73300,1200,
600006.SH,600006,20251209,93034250,0,739825,A,S,73500,600,
600006.SH,600006,20251209,93034400,0,740791,A,S,73400,400,
600006.SH,600006,20251209,93034820,0,744626,A,S,77000,8300,
600006.SH,600006,20251209,93034970,0,747030,A,B,73300,100,
600006.SH,600006,20251209,93035130,0,747147,A,B,73300,400,
600006.SH,600006,20251209,93035130,0,748092,A,S,74500,7000,
600006.SH,600006,20251209,93035270,0,748989,A,S,80000,5500,
600006.SH,600006,20251209,93035400,0,750090,A,B,73300,800,
600006.SH,600006,20251209,93035540,0,751893,A,B,70400,2000,
600006.SH,600006,20251209,93035540,0,752367,A,S,81000,1000,
600006.SH,600006,20251209,93035550,0,752792,A,S,75800,1000,
600006.SH,600006,20251209,93035690,0,752953,A,S,77100,100,
600006.SH,600006,20251209,93035830,0,754390,A,S,81000,1000,
600006.SH,600006,20251209,93036190,0,757511,A,B,73300,400,
600006.SH,600006,20251209,93036190,0,757513,A,B,73300,300,
600006.SH,600006,20251209,93036190,0,757696,A,S,76000,300,
600006.SH,600006,20251209,93036330,0,759046,A,B,72100,1000,
600006.SH,600006,20251209,93036470,0,761570,A,B,73300,200,
600006.SH,600006,20251209,93036740,0,764081,A,S,74500,9000,
600006.SH,600006,20251209,93036740,0,764245,A,B,73300,100,
600006.SH,600006,20251209,93036870,0,765037,A,B,73300,200,
600006.SH,600006,20251209,93036990,0,767072,A,S,73300,800,
600006.SH,600006,20251209,93036990,0,767085,A,S,73300,2000,
600006.SH,600006,20251209,93036990,0,767088,A,S,73300,600,
600006.SH,600006,20251209,93036990,0,767091,A,S,73300,2000,
600006.SH,600006,20251209,93036990,0,767092,A,S,73300,2000,
600006.SH,600006,20251209,93036990,0,767093,A,S,73300,300,
600006.SH,600006,20251209,93036990,0,767095,A,S,73300,700,
600006.SH,600006,20251209,93036990,0,767099,A,S,73300,2000,
600006.SH,600006,20251209,93036990,0,767116,A,S,73300,300,
600006.SH,600006,20251209,93036990,0,767119,A,S,73300,100,
600006.SH,600006,20251209,93036990,0,767120,A,S,73300,400,
600006.SH,600006,20251209,93036990,0,767122,A,S,73300,1300,
600006.SH,600006,20251209,93036990,0,767123,A,S,73300,100,
600006.SH,600006,20251209,93036990,0,767124,A,S,73300,200,
600006.SH,600006,20251209,93036990,0,767128,A,S,73300,300,
600006.SH,600006,20251209,93036990,0,767130,A,S,73300,200,
600006.SH,600006,20251209,93036990,0,767133,A,S,73300,200,
600006.SH,600006,20251209,93036990,0,767134,A,S,73300,100,
600006.SH,600006,20251209,93036990,0,767146,A,S,73300,200,
600006.SH,600006,20251209,93036990,0,767167,A,S,73300,100,
600006.SH,600006,20251209,93036990,0,722245,D,S,73400,200,
600006.SH,600006,20251209,93037150,0,767429,A,S,73300,100,
600006.SH,600006,20251209,93037290,0,769025,A,S,73400,100,
600006.SH,600006,20251209,93037290,0,769295,A,S,73300,200,
600006.SH,600006,20251209,93037430,0,770102,A,S,81000,1100,
600006.SH,600006,20251209,93037570,0,771519,A,S,73300,100,
600006.SH,600006,20251209,93037570,0,771955,A,S,81000,200,
600006.SH,600006,20251209,93037570,0,772342,A,S,73400,100,
600006.SH,600006,20251209,93037570,0,772547,A,S,73400,100,
600006.SH,600006,20251209,93037700,0,773170,A,S,73300,300,
600006.SH,600006,20251209,93037700,0,773543,A,S,73300,200,
600006.SH,600006,20251209,93037830,0,774220,A,S,74800,900,
600006.SH,600006,20251209,93037830,0,774777,A,S,73300,100,
600006.SH,600006,20251209,93037960,0,775668,A,S,73300,100,
600006.SH,600006,20251209,93038110,0,777003,A,S,80800,1000,
600006.SH,600006,20251209,93038120,0,777174,A,S,73300,200,
600006.SH,600006,20251209,93038780,0,785569,A,S,73300,1000,
600006.SH,600006,20251209,93038950,0,786405,A,S,74500,11600,
600006.SH,600006,20251209,93039100,0,787382,A,S,73400,400,
600006.SH,600006,20251209,93039100,0,611916,D,S,73500,100,
600006.SH,600006,20251209,93039100,0,788130,A,S,73300,600,
600006.SH,600006,20251209,93039100,0,788138,A,S,73300,100,
600006.SH,600006,20251209,93039100,0,788147,A,S,73300,100,
600006.SH,600006,20251209,93039100,0,788148,A,S,73300,100,
600006.SH,600006,20251209,93039100,0,788149,A,S,73300,100,
600006.SH,600006,20251209,93039100,0,788152,A,S,73300,500,
