万得代码,交易所代码,自然日,时间,成交价,成交量,成交额,成交笔数,IOPV,成交标志,BS标志,当日累计成交量,当日成交额,最高价,最低价,开盘价,前收盘,申卖价1,申卖价2,申卖价3,申卖价4,申卖价5,申卖价6,申卖价7,申卖价8,申卖价9,申卖价10,申卖量1,申卖量2,申卖量3,申卖量4,申卖量5,申卖量6,申卖量7,申卖量8,申卖量9,申卖量10,申买价1,申买价2,申买价3,申买价4,申买价5,申买价6,申买价7,申买价8,申买价9,申买价10,申买量1,申买量2,申买量3,申买量4,申买量5,申买量6,申买量7,申买量8,申买量9,申买量10,加权平均叫卖价,加权平均叫买价,叫卖总量,叫买总量,不加权指数,品种总数,上涨品种数,下跌品种数,持平品种数,
600011.SH,600011,20251209,84512000,0,0,0,0,0,,,0,0,0,0,0,78000,0,0,0,0,0,0,0,0,0,0,0,0,0,0,0,0,0,0,0,0,0,0,0,0,0,0,0,0,0,0,0,0,0,0,0,0,0,0,0,0,0,0,0,0,0,0,0,0,0,
600011.SH,600011,20251209,91400000,0,0,0,0,0,,,0,0,0,0,0,78000,0,0,0,0,0,0,0,0,0,0,0,0,0,0,0,0,0,0,0,0,0,0,0,0,0,0,0,0,0,0,0,0,0,0,0,0,0,0,0,0,0,0,0,0,0,0,0,0,0,
600011.SH,600011,20251209,91500000,0,0,0,0,0,,,0,0,0,0,0,78000,0,0,0,0,0,0,0,0,0,0,0,0,0,0,0,0,0,0,0,0,0,0,0,0,0,0,0,0,0,0,0,0,0,0,0,0,0,0,0,0,79750,0,603000,0,0,0,0,0,0,
600011.SH,600011,20251209,91503000,0,0,0,0,0,,,0,0,0,0,0,78000,78000,0,0,0,0,0,0,0,0,0,300,600,0,0,0,0,0,0,0,0,78000,0,0,0,0,0,0,0,0,0,300,0,0,0,0,0,0,0,0,0,80970,75720,1149200,21700,0,0,0,0,0,
600011.SH,600011,20251209,91506000,0,0,0,0,0,,,0,0,0,0,0,78000,78100,0,0,0,0,0,0,0,0,0,900,0,0,0,0,0,0,0,0,0,78100,0,0,0,0,0,0,0,0,0,900,1400,0,0,0,0,0,0,0,0,80520,76070,1635700,175800,0,0,0,0,0,
600011.SH,600011,20251209,91509000,0,0,0,0,0,,,0,0,0,0,0,78000,78100,0,0,0,0,0,0,0,0,0,900,0,0,0,0,0,0,0,0,0,78100,0,0,0,0,0,0,0,0,0,900,1400,0,0,0,0,0,0,0,0,81070,75540,2291900,310900,0,0,0,0,0,
600011.SH,600011,20251209,91512000,0,0,0,0,0,,,0,0,0,0,0,78000,78100,0,0,0,0,0,0,0,0,0,900,0,0,0,0,0,0,0,0,0,78100,0,0,0,0,0,0,0,0,0,900,1400,0,0,0,0,0,0,0,0,81090,76590,2369100,1023700,0,0,0,0,0,
600011.SH,600011,20251209,91515000,0,0,0,0,0,,,0,0,0,0,0,78000,78100,0,0,0,0,0,0,0,0,0,900,0,0,0,0,0,0,0,0,0,78100,0,0,0,0,0,0,0,0,0,900,1600,0,0,0,0,0,0,0,0,81050,76560,2521900,1100300,0,0,0,0,0,
600011.SH,600011,20251209,91518000,0,0,0,0,0,,,0,0,0,0,0,78000,78100,0,0,0,0,0,0,0,0,0,1300,0,0,0,0,0,0,0,0,0,78100,0,0,0,0,0,0,0,0,0,1300,1200,0,0,0,0,0,0,0,0,81060,76210,2709111,3603300,0,0,0,0,0,
600011.SH,600011,20251209,91521000,0,0,0,0,0,,,0,0,0,0,0,78000,78100,0,0,0,0,0,0,0,0,0,1300,0,0,0,0,0,0,0,0,0,78100,0,0,0,0,0,0,0,0,0,1300,1600,0,0,0,0,0,0,0,0,81130,76200,2913353,3709400,0,0,0,0,0,
600011.SH,600011,20251209,91524000,0,0,0,0,0,,,0,0,0,0,0,78000,78000,0,0,0,0,0,0,0,0,0,5000,100,0,0,0,0,0,0,0,0,78000,0,0,0,0,0,0,0,0,0,5000,0,0,0,0,0,0,0,0,0,81150,76200,2947253,3713400,0,0,0,0,0,
600011.SH,600011,20251209,91527000,0,0,0,0,0,,,0,0,0,0,0,78000,78000,0,0,0,0,0,0,0,0,0,5000,100,0,0,0,0,0,0,0,0,78000,0,0,0,0,0,0,0,0,0,5000,0,0,0,0,0,0,0,0,0,81170,76200,2963353,3715800,0,0,0,0,0,
600011.SH,600011,20251209,91530000,0,0,0,0,0,,,0,0,0,0,0,78000,78000,0,0,0,0,0,0,0,0,0,5000,100,0,0,0,0,0,0,0,0,78000,0,0,0,0,0,0,0,0,0,5000,0,0,0,0,0,0,0,0,0,81110,76200,3063753,3717500,0,0,0,0,0,
600011.SH,600011,20251209,91539000,0,0,0,0,0,,,0,0,0,0,0,78000,78000,0,0,0,0,0,0,0,0,0,5000,100,0,0,0,0,0,0,0,0,78000,0,0,0,0,0,0,0,0,0,5000,0,0,0,0,0,0,0,0,0,81100,76200,3065053,3717700,0,0,0,0,0,
600011.SH,600011,20251209,91542000,0,0,0,0,0,,,0,0,0,0,0,78000,78000,0,0,0,0,0,0,0,0,0,5000,100,0,0,0,0,0,0,0,0,78000,0,0,0,0,0,0,0,0,0,5000,0,0,0,0,0,0,0,0,0,81100,76200,3065453,3717900,0,0,0,0,0,
600011.SH,600011,20251209,91545000,0,0,0,0,0,,,0,0,0,0,0,78000,78000,0,0,0,0,0,0,0,0,0,5000,100,0,0,0,0,0,0,0,0,78000,0,0,0,0,0,0,0,0,0,5000,0,0,0,0,0,0,0,0,0,81100,76210,3075853,3778000,0,0,0,0,0,
600011.SH,600011,20251209,91548000,0,0,0,0,0,,,0,0,0,0,0,78000,77800,0,0,0,0,0,0,0,0,0,8900,0,0,0,0,0,0,0,0,0,77800,0,0,0,0,0,0,0,0,0,8900,100,0,0,0,0,0,0,0,0,81090,76210,3086553,3779000,0,0,0,0,0,
600011.SH,600011,20251209,91551000,0,0,0,0,0,,,0,0,0,0,0,78000,77800,0,0,0,0,0,0,0,0,0,8900,0,0,0,0,0,0,0,0,0,77800,0,0,0,0,0,0,0,0,0,8900,100,0,0,0,0,0,0,0,0,81090,76210,3090353,3779500,0,0,0,0,0,
600011.SH,600011,20251209,91554000,0,0,0,0,0,,,0,0,0,0,0,78000,77700,0,0,0,0,0,0,0,0,0,8900,0,0,0,0,0,0,0,0,0,77700,0,0,0,0,0,0,0,0,0,8900,14900,0,0,0,0,0,0,0,0,81090,76210,3090353,3777500,0,0,0,0,0,
600011.SH,600011,20251209,91557000,0,0,0,0,0,,,0,0,0,0,0,78000,77700,0,0,0,0,0,0,0,0,0,8900,0,0,0,0,0,0,0,0,0,77700,0,0,0,0,0,0,0,0,0,8900,14900,0,0,0,0,0,0,0,0,81090,76210,3091653,3777500,0,0,0,0,0,
600011.SH,600011,20251209,91600000,0,0,0,0,0,,,0,0,0,0,0,78000,77700,0,0,0,0,0,0,0,0,0,8900,0,0,0,0,0,0,0,0,0,77700,0,0,0,0,0,0,0,0,0,8900,14900,0,0,0,0,0,0,0,0,81070,76220,3111653,3787500,0,0,0,0,0,
600011.SH,600011,20251209,91606000,0,0,0,0,0,,,0,0,0,0,0,78000,77700,0,0,0,0,0,0,0,0,0,8900,0,0,0,0,0,0,0,0,0,77700,0,0,0,0,0,0,0,0,0,8900,14900,0,0,0,0,0,0,0,0,81070,76220,3113653,3787500,0,0,0,0,0,
600011.SH,600011,20251209,91609000,0,0,0,0,0,,,0,0,0,0,0,78000,77700,0,0,0,0,0,0,0,0,0,8900,0,0,0,0,0,0,0,0,0,77700,0,0,0,0,0,0,0,0,0,8900,14900,0,0,0,0,0,0,0,0,81070,76220,3113753,3792600,0,0,0,0,0,
600011.SH,600011,20251209,91612000,0,0,0,0,0,,,0,0,0,0,0,78000,77700,0,0,0,0,0,0,0,0,0,8900,0,0,0,0,0,0,0,0,0,77700,0,0,0,0,0,0,0,0,0,8900,15300,0,0,0,0,0,0,0,0,81070,76220,3113753,3793000,0,0,0,0,0,
600011.SH,600011,20251209,91615000,0,0,0,0,0,,,0,0,0,0,0,78000,77700,0,0,0,0,0,0,0,0,0,8900,0,0,0,0,0,0,0,0,0,77700,0,0,0,0,0,0,0,0,0,8900,15300,0,0,0,0,0,0,0,0,81070,76220,3113953,3793000,0,0,0,0,0,
600011.SH,600011,20251209,91618000,0,0,0,0,0,,,0,0,0,0,0,78000,77700,0,0,0,0,0,0,0,0,0,8900,0,0,0,0,0,0,0,0,0,77700,0,0,0,0,0,0,0,0,0,8900,15300,0,0,0,0,0,0,0,0,81070,76220,3113953,3796000,0,0,0,0,0,
600011.SH,600011,20251209,91621000,0,0,0,0,0,,,0,0,0,0,0,78000,77700,0,0,0,0,0,0,0,0,0,8900,0,0,0,0,0,0,0,0,0,77700,0,0,0,0,0,0,0,0,0,8900,15300,0,0,0,0,0,0,0,0,81050,76220,3153953,3796000,0,0,0,0,0,
600011.SH,600011,20251209,91624000,0,0,0,0,0,,,0,0,0,0,0,78000,77700,0,0,0,0,0,0,0,0,0,8900,0,0,0,0,0,0,0,0,0,77700,0,0,0,0,0,0,0,0,0,8900,15400,0,0,0,0,0,0,0,0,81040,76220,3154953,3796100,0,0,0,0,0,
600011.SH,600011,20251209,91627000,0,0,0,0,0,,,0,0,0,0,0,78000,77700,0,0,0,0,0,0,0,0,0,8900,0,0,0,0,0,0,0,0,0,77700,0,0,0,0,0,0,0,0,0,8900,15400,0,0,0,0,0,0,0,0,81040,76220,3159453,3798100,0,0,0,0,0,
600011.SH,600011,20251209,91633000,0,0,0,0,0,,,0,0,0,0,0,78000,77700,0,0,0,0,0,0,0,0,0,8900,0,0,0,0,0,0,0,0,0,77700,0,0,0,0,0,0,0,0,0,8900,15400,0,0,0,0,0,0,0,0,81040,76220,3160453,3798100,0,0,0,0,0,
600011.SH,600011,20251209,91636000,0,0,0,0,0,,,0,0,0,0,0,78000,77700,0,0,0,0,0,0,0,0,0,8900,0,0,0,0,0,0,0,0,0,77700,0,0,0,0,0,0,0,0,0,8900,15400,0,0,0,0,0,0,0,0,81040,76220,3160953,3798100,0,0,0,0,0,
600011.SH,600011,20251209,91639000,0,0,0,0,0,,,0,0,0,0,0,78000,77700,0,0,0,0,0,0,0,0,0,8900,0,0,0,0,0,0,0,0,0,77700,0,0,0,0,0,0,0,0,0,8900,15400,0,0,0,0,0,0,0,0,81000,76220,3216653,3799600,0,0,0,0,0,
600011.SH,600011,20251209,91642000,0,0,0,0,0,,,0,0,0,0,0,78000,77700,0,0,0,0,0,0,0,0,0,8900,0,0,0,0,0,0,0,0,0,77700,0,0,0,0,0,0,0,0,0,8900,15400,0,0,0,0,0,0,0,0,81000,76220,3216653,3804500,0,0,0,0,0,
600011.SH,600011,20251209,91645000,0,0,0,0,0,,,0,0,0,0,0,78000,77700,0,0,0,0,0,0,0,0,0,8900,0,0,0,0,0,0,0,0,0,77700,0,0,0,0,0,0,0,0,0,8900,15400,0,0,0,0,0,0,0,0,81000,76220,3216653,3813500,0,0,0,0,0,
600011.SH,600011,20251209,91648000,0,0,0,0,0,,,0,0,0,0,0,78000,77700,0,0,0,0,0,0,0,0,0,8900,0,0,0,0,0,0,0,0,0,77700,0,0,0,0,0,0,0,0,0,8900,15400,0,0,0,0,0,0,0,0,81000,76220,3216853,3815000,0,0,0,0,0,
600011.SH,600011,20251209,91651000,0,0,0,0,0,,,0,0,0,0,0,78000,77700,0,0,0,0,0,0,0,0,0,8900,0,0,0,0,0,0,0,0,0,77700,0,0,0,0,0,0,0,0,0,8900,15400,0,0,0,0,0,0,0,0,81000,76220,3216853,3817000,0,0,0,0,0,
600011.SH,600011,20251209,91654000,0,0,0,0,0,,,0,0,0,0,0,78000,77700,0,0,0,0,0,0,0,0,0,8900,0,0,0,0,0,0,0,0,0,77700,0,0,0,0,0,0,0,0,0,8900,15400,0,0,0,0,0,0,0,0,81000,76220,3216853,3817300,0,0,0,0,0,
600011.SH,600011,20251209,91700000,0,0,0,0,0,,,0,0,0,0,0,78000,77700,0,0,0,0,0,0,0,0,0,8900,0,0,0,0,0,0,0,0,0,77700,0,0,0,0,0,0,0,0,0,8900,15400,0,0,0,0,0,0,0,0,81000,76220,3217853,3821900,0,0,0,0,0,
600011.SH,600011,20251209,91715000,0,0,0,0,0,,,0,0,0,0,0,78000,77700,0,0,0,0,0,0,0,0,0,8900,0,0,0,0,0,0,0,0,0,77700,0,0,0,0,0,0,0,0,0,8900,15400,0,0,0,0,0,0,0,0,81000,76220,3218853,3821900,0,0,0,0,0,
600011.SH,600011,20251209,91718000,0,0,0,0,0,,,0,0,0,0,0,78000,77700,0,0,0,0,0,0,0,0,0,8900,0,0,0,0,0,0,0,0,0,77700,0,0,0,0,0,0,0,0,0,8900,15400,0,0,0,0,0,0,0,0,80980,76220,3249353,3822800,0,0,0,0,0,
600011.SH,600011,20251209,91724000,0,0,0,0,0,,,0,0,0,0,0,78000,77700,0,0,0,0,0,0,0,0,0,8900,0,0,0,0,0,0,0,0,0,77700,0,0,0,0,0,0,0,0,0,8900,15400,0,0,0,0,0,0,0,0,80980,76220,3249353,3823800,0,0,0,0,0,
600011.SH,600011,20251209,91730000,0,0,0,0,0,,,0,0,0,0,0,78000,77700,0,0,0,0,0,0,0,0,0,8900,0,0,0,0,0,0,0,0,0,77700,0,0,0,0,0,0,0,0,0,8900,15400,0,0,0,0,0,0,0,0,80980,76220,3251253,3828900,0,0,0,0,0,
600011.SH,600011,20251209,91733000,0,0,0,0,0,,,0,0,0,0,0,78000,77700,0,0,0,0,0,0,0,0,0,8900,0,0,0,0,0,0,0,0,0,77700,0,0,0,0,0,0,0,0,0,8900,15400,0,0,0,0,0,0,0,0,80980,76220,3251253,3829100,0,0,0,0,0,
600011.SH,600011,20251209,91736000,0,0,0,0,0,,,0,0,0,0,0,78000,77700,0,0,0,0,0,0,0,0,0,8900,0,0,0,0,0,0,0,0,0,77700,0,0,0,0,0,0,0,0,0,8900,15400,0,0,0,0,0,0,0,0,80980,76220,3253253,3831100,0,0,0,0,0,
600011.SH,600011,20251209,91742000,0,0,0,0,0,,,0,0,0,0,0,78000,77700,0,0,0,0,0,0,0,0,0,8900,0,0,0,0,0,0,0,0,0,77700,0,0,0,0,0,0,0,0,0,8900,15400,0,0,0,0,0,0,0,0,80960,76220,3275753,3834100,0,0,0,0,0,
600011.SH,600011,20251209,91745000,0,0,0,0,0,,,0,0,0,0,0,78000,77700,0,0,0,0,0,0,0,0,0,8900,0,0,0,0,0,0,0,0,0,77700,0,0,0,0,0,0,0,0,0,8900,15400,0,0,0,0,0,0,0,0,80960,76220,3275753,3834400,0,0,0,0,0,
600011.SH,600011,20251209,91748000,0,0,0,0,0,,,0,0,0,0,0,78000,77700,0,0,0,0,0,0,0,0,0,8900,0,0,0,0,0,0,0,0,0,77700,0,0,0,0,0,0,0,0,0,8900,15400,0,0,0,0,0,0,0,0,80670,76220,3083553,3837400,0,0,0,0,0,
600011.SH,600011,20251209,91754000,0,0,0,0,0,,,0,0,0,0,0,78000,77700,0,0,0,0,0,0,0,0,0,8900,0,0,0,0,0,0,0,0,0,77700,0,0,0,0,0,0,0,0,0,8900,86700,0,0,0,0,0,0,0,0,80670,76250,3084553,3913700,0,0,0,0,0,
600011.SH,600011,20251209,91803000,0,0,0,0,0,,,0,0,0,0,0,78000,77700,0,0,0,0,0,0,0,0,0,8900,0,0,0,0,0,0,0,0,0,77700,0,0,0,0,0,0,0,0,0,8900,86700,0,0,0,0,0,0,0,0,80670,76250,3084553,3914200,0,0,0,0,0,
600011.SH,600011,20251209,91806000,0,0,0,0,0,,,0,0,0,0,0,78000,77700,0,0,0,0,0,0,0,0,0,8900,0,0,0,0,0,0,0,0,0,77700,0,0,0,0,0,0,0,0,0,8900,86700,0,0,0,0,0,0,0,0,80670,76250,3084553,3917600,0,0,0,0,0,
600011.SH,600011,20251209,91809000,0,0,0,0,0,,,0,0,0,0,0,78000,77700,0,0,0,0,0,0,0,0,0,8900,0,0,0,0,0,0,0,0,0,77700,0,0,0,0,0,0,0,0,0,8900,86700,0,0,0,0,0,0,0,0,80660,76270,3101353,3967800,0,0,0,0,0,
600011.SH,600011,20251209,91812000,0,0,0,0,0,,,0,0,0,0,0,78000,77700,0,0,0,0,0,0,0,0,0,8900,0,0,0,0,0,0,0,0,0,77700,0,0,0,0,0,0,0,0,0,8900,86700,0,0,0,0,0,0,0,0,80660,76270,3101353,3968400,0,0,0,0,0,
600011.SH,600011,20251209,91815000,0,0,0,0,0,,,0,0,0,0,0,78000,77700,0,0,0,0,0,0,0,0,0,8900,0,0,0,0,0,0,0,0,0,77700,0,0,0,0,0,0,0,0,0,8900,86700,0,0,0,0,0,0,0,0,80660,76270,3101953,3970800,0,0,0,0,0,
600011.SH,600011,20251209,91818000,0,0,0,0,0,,,0,0,0,0,0,78000,77700,0,0,0,0,0,0,0,0,0,8900,0,0,0,0,0,0,0,0,0,77700,0,0,0,0,0,0,0,0,0,8900,86700,0,0,0,0,0,0,0,0,80660,76270,3102153,3972800,0,0,0,0,0,
600011.SH,600011,20251209,91821000,0,0,0,0,0,,,0,0,0,0,0,78000,77900,0,0,0,0,0,0,0,0,0,3800,0,0,0,0,0,0,0,0,0,77900,0,0,0,0,0,0,0,0,0,3800,1700,0,0,0,0,0,0,0,0,80660,76270,3097053,3972800,0,0,0,0,0,
600011.SH,600011,20251209,91827000,0,0,0,0,0,,,0,0,0,0,0,78000,77900,0,0,0,0,0,0,0,0,0,3800,0,0,0,0,0,0,0,0,0,77900,0,0,0,0,0,0,0,0,0,3800,1700,0,0,0,0,0,0,0,0,80660,76270,3104253,3972800,0,0,0,0,0,
600011.SH,600011,20251209,91830000,0,0,0,0,0,,,0,0,0,0,0,78000,77900,0,0,0,0,0,0,0,0,0,3800,0,0,0,0,0,0,0,0,0,77900,0,0,0,0,0,0,0,0,0,3800,1700,0,0,0,0,0,0,0,0,80660,76270,3104253,3972200,0,0,0,0,0,
600011.SH,600011,20251209,91833000,0,0,0,0,0,,,0,0,0,0,0,78000,77900,0,0,0,0,0,0,0,0,0,3800,0,0,0,0,0,0,0,0,0,77900,0,0,0,0,0,0,0,0,0,3800,1700,0,0,0,0,0,0,0,0,80660,76270,3104453,3972200,0,0,0,0,0,
600011.SH,600011,20251209,91836000,0,0,0,0,0,,,0,0,0,0,0,78000,77900,0,0,0,0,0,0,0,0,0,3800,0,0,0,0,0,0,0,0,0,77900,0,0,0,0,0,0,0,0,0,3800,1700,0,0,0,0,0,0,0,0,80670,76270,3107453,3975200,0,0,0,0,0,
600011.SH,600011,20251209,91839000,0,0,0,0,0,,,0,0,0,0,0,78000,77900,0,0,0,0,0,0,0,0,0,3800,0,0,0,0,0,0,0,0,0,77900,0,0,0,0,0,0,0,0,0,3800,1700,0,0,0,0,0,0,0,0,80670,76270,3108753,3979200,0,0,0,0,0,
600011.SH,600011,20251209,91842000,0,0,0,0,0,,,0,0,0,0,0,78000,77900,0,0,0,0,0,0,0,0,0,3800,0,0,0,0,0,0,0,0,0,77900,0,0,0,0,0,0,0,0,0,3800,1700,0,0,0,0,0,0,0,0,80670,76270,3110753,3979200,0,0,0,0,0,
600011.SH,600011,20251209,91845000,0,0,0,0,0,,,0,0,0,0,0,78000,77900,0,0,0,0,0,0,0,0,0,3800,0,0,0,0,0,0,0,0,0,77900,0,0,0,0,0,0,0,0,0,3800,1700,0,0,0,0,0,0,0,0,80620,76270,3187553,3979200,0,0,0,0,0,
600011.SH,600011,20251209,91848000,0,0,0,0,0,,,0,0,0,0,0,78000,77900,0,0,0,0,0,0,0,0,0,3800,0,0,0,0,0,0,0,0,0,77900,0,0,0,0,0,0,0,0,0,3800,1700,0,0,0,0,0,0,0,0,80620,76270,3188553,3979200,0,0,0,0,0,
600011.SH,600011,20251209,91851000,0,0,0,0,0,,,0,0,0,0,0,78000,77900,0,0,0,0,0,0,0,0,0,3800,0,0,0,0,0,0,0,0,0,77900,0,0,0,0,0,0,0,0,0,3800,1700,0,0,0,0,0,0,0,0,80620,76270,3188553,3980200,0,0,0,0,0,
600011.SH,600011,20251209,91857000,0,0,0,0,0,,,0,0,0,0,0,78000,77900,0,0,0,0,0,0,0,0,0,3800,0,0,0,0,0,0,0,0,0,77900,0,0,0,0,0,0,0,0,0,3800,1700,0,0,0,0,0,0,0,0,80630,76270,3190553,3981200,0,0,0,0,0,
600011.SH,600011,20251209,91900000,0,0,0,0,0,,,0,0,0,0,0,78000,77900,0,0,0,0,0,0,0,0,0,3800,0,0,0,0,0,0,0,0,0,77900,0,0,0,0,0,0,0,0,0,3800,1700,0,0,0,0,0,0,0,0,80630,76270,3190553,3984200,0,0,0,0,0,
600011.SH,600011,20251209,91906000,0,0,0,0,0,,,0,0,0,0,0,78000,77900,0,0,0,0,0,0,0,0,0,3800,0,0,0,0,0,0,0,0,0,77900,0,0,0,0,0,0,0,0,0,3800,1700,0,0,0,0,0,0,0,0,80630,76270,3191553,3985400,0,0,0,0,0,
600011.SH,600011,20251209,91909000,0,0,0,0,0,,,0,0,0,0,0,78000,77900,0,0,0,0,0,0,0,0,0,3800,0,0,0,0,0,0,0,0,0,77900,0,0,0,0,0,0,0,0,0,3800,1700,0,0,0,0,0,0,0,0,80630,76270,3191553,3984400,0,0,0,0,0,
600011.SH,600011,20251209,91912000,0,0,0,0,0,,,0,0,0,0,0,78000,78000,0,0,0,0,0,0,0,0,0,4500,600,0,0,0,0,0,0,0,0,78000,0,0,0,0,0,0,0,0,0,4500,0,0,0,0,0,0,0,0,0,80630,76270,3192553,3985500,0,0,0,0,0,
600011.SH,600011,20251209,91915000,0,0,0,0,0,,,0,0,0,0,0,78000,78000,0,0,0,0,0,0,0,0,0,4500,600,0,0,0,0,0,0,0,0,78000,0,0,0,0,0,0,0,0,0,4500,0,0,0,0,0,0,0,0,0,80630,76270,3193553,3985500,0,0,0,0,0,
600011.SH,600011,20251209,91918000,0,0,0,0,0,,,0,0,0,0,0,78000,78000,0,0,0,0,0,0,0,0,0,4500,600,0,0,0,0,0,0,0,0,78000,0,0,0,0,0,0,0,0,0,4500,0,0,0,0,0,0,0,0,0,80630,76250,3193553,3914200,0,0,0,0,0,
600011.SH,600011,20251209,91921000,0,0,0,0,0,,,0,0,0,0,0,78000,78000,0,0,0,0,0,0,0,0,0,4500,600,0,0,0,0,0,0,0,0,78000,0,0,0,0,0,0,0,0,0,4500,0,0,0,0,0,0,0,0,0,80630,76250,3193553,3920200,0,0,0,0,0,
600011.SH,600011,20251209,91924000,0,0,0,0,0,,,0,0,0,0,0,78000,78000,0,0,0,0,0,0,0,0,0,4500,600,0,0,0,0,0,0,0,0,78000,0,0,0,0,0,0,0,0,0,4500,0,0,0,0,0,0,0,0,0,80630,76250,3193853,3920800,0,0,0,0,0,
600011.SH,600011,20251209,91933000,0,0,0,0,0,,,0,0,0,0,0,78000,78000,0,0,0,0,0,0,0,0,0,4500,600,0,0,0,0,0,0,0,0,78000,0,0,0,0,0,0,0,0,0,4500,0,0,0,0,0,0,0,0,0,80630,76250,3195553,3920800,0,0,0,0,0,
600011.SH,600011,20251209,91936000,0,0,0,0,0,,,0,0,0,0,0,78000,78000,0,0,0,0,0,0,0,0,0,4500,1100,0,0,0,0,0,0,0,0,78000,0,0,0,0,0,0,0,0,0,4500,0,0,0,0,0,0,0,0,0,80630,76250,3196053,3920800,0,0,0,0,0,
600011.SH,600011,20251209,91939000,0,0,0,0,0,,,0,0,0,0,0,78000,78000,0,0,0,0,0,0,0,0,0,4500,1100,0,0,0,0,0,0,0,0,78000,0,0,0,0,0,0,0,0,0,4500,0,0,0,0,0,0,0,0,0,80620,76250,3201053,3920800,0,0,0,0,0,
600011.SH,600011,20251209,91942000,0,0,0,0,0,,,0,0,0,0,0,78000,78000,0,0,0,0,0,0,0,0,0,4500,1100,0,0,0,0,0,0,0,0,78000,0,0,0,0,0,0,0,0,0,4500,0,0,0,0,0,0,0,0,0,80620,76250,3201053,3929300,0,0,0,0,0,
600011.SH,600011,20251209,91945000,0,0,0,0,0,,,0,0,0,0,0,78000,78000,0,0,0,0,0,0,0,0,0,4500,1100,0,0,0,0,0,0,0,0,78000,0,0,0,0,0,0,0,0,0,4500,0,0,0,0,0,0,0,0,0,80620,76250,3202253,3931300,0,0,0,0,0,
600011.SH,600011,20251209,91954000,0,0,0,0,0,,,0,0,0,0,0,78000,77700,0,0,0,0,0,0,0,0,0,8900,0,0,0,0,0,0,0,0,0,77700,0,0,0,0,0,0,0,0,0,8900,17500,0,0,0,0,0,0,0,0,80610,76250,3209953,3931300,0,0,0,0,0,
600011.SH,600011,20251209,91957000,0,0,0,0,0,,,0,0,0,0,0,78000,77700,0,0,0,0,0,0,0,0,0,8900,0,0,0,0,0,0,0,0,0,77700,0,0,0,0,0,0,0,0,0,8900,17500,0,0,0,0,0,0,0,0,80610,76250,3211953,3931300,0,0,0,0,0,
600011.SH,600011,20251209,92000000,0,0,0,0,0,,,0,0,0,0,0,78000,77700,0,0,0,0,0,0,0,0,0,8900,0,0,0,0,0,0,0,0,0,77700,0,0,0,0,0,0,0,0,0,8900,17500,0,0,0,0,0,0,0,0,80610,76250,3214953,3931300,0,0,0,0,0,
600011.SH,600011,20251209,92003000,0,0,0,0,0,,,0,0,0,0,0,78000,78000,0,0,0,0,0,0,0,0,0,11000,0,0,0,0,0,0,0,0,0,78000,0,0,0,0,0,0,0,0,0,11000,400,0,0,0,0,0,0,0,0,80610,76270,3215253,3938200,0,0,0,0,0,
600011.SH,600011,20251209,92012000,0,0,0,0,0,,,0,0,0,0,0,78000,78000,0,0,0,0,0,0,0,0,0,11400,1600,0,0,0,0,0,0,0,0,78000,0,0,0,0,0,0,0,0,0,11400,0,0,0,0,0,0,0,0,0,80600,76270,3217253,3941200,0,0,0,0,0,
600011.SH,600011,20251209,92015000,0,0,0,0,0,,,0,0,0,0,0,78000,78000,0,0,0,0,0,0,0,0,0,11400,1800,0,0,0,0,0,0,0,0,78000,0,0,0,0,0,0,0,0,0,11400,0,0,0,0,0,0,0,0,0,80620,76270,3225353,3941200,0,0,0,0,0,
600011.SH,600011,20251209,92021000,0,0,0,0,0,,,0,0,0,0,0,78000,77900,0,0,0,0,0,0,0,0,0,12000,0,0,0,0,0,0,0,0,0,77900,0,0,0,0,0,0,0,0,0,12000,1500,0,0,0,0,0,0,0,0,80610,76270,3258053,3941200,0,0,0,0,0,
600011.SH,600011,20251209,92024000,0,0,0,0,0,,,0,0,0,0,0,78000,77900,0,0,0,0,0,0,0,0,0,12000,0,0,0,0,0,0,0,0,0,77900,0,0,0,0,0,0,0,0,0,12000,1500,0,0,0,0,0,0,0,0,80610,76280,3258053,3991200,0,0,0,0,0,
600011.SH,600011,20251209,92027000,0,0,0,0,0,,,0,0,0,0,0,78000,77900,0,0,0,0,0,0,0,0,0,12100,0,0,0,0,0,0,0,0,0,77900,0,0,0,0,0,0,0,0,0,12100,1400,0,0,0,0,0,0,0,0,80610,76280,3258153,3996200,0,0,0,0,0,
600011.SH,600011,20251209,92033000,0,0,0,0,0,,,0,0,0,0,0,78000,77900,0,0,0,0,0,0,0,0,0,12100,0,0,0,0,0,0,0,0,0,77900,0,0,0,0,0,0,0,0,0,12100,1900,0,0,0,0,0,0,0,0,80590,76290,3278153,3996700,0,0,0,0,0,
600011.SH,600011,20251209,92036000,0,0,0,0,0,,,0,0,0,0,0,78000,77900,0,0,0,0,0,0,0,0,0,12100,0,0,0,0,0,0,0,0,0,77900,0,0,0,0,0,0,0,0,0,12100,1900,0,0,0,0,0,0,0,0,80590,76290,3279153,3996700,0,0,0,0,0,
600011.SH,600011,20251209,92039000,0,0,0,0,0,,,0,0,0,0,0,78000,77900,0,0,0,0,0,0,0,0,0,12100,0,0,0,0,0,0,0,0,0,77900,0,0,0,0,0,0,0,0,0,12100,1900,0,0,0,0,0,0,0,0,80590,76290,3289153,3996700,0,0,0,0,0,
600011.SH,600011,20251209,92042000,0,0,0,0,0,,,0,0,0,0,0,78000,77900,0,0,0,0,0,0,0,0,0,12100,0,0,0,0,0,0,0,0,0,77900,0,0,0,0,0,0,0,0,0,12100,1900,0,0,0,0,0,0,0,0,80590,76280,3290553,3997700,0,0,0,0,0,
600011.SH,600011,20251209,92045000,0,0,0,0,0,,,0,0,0,0,0,78000,77900,0,0,0,0,0,0,0,0,0,12100,0,0,0,0,0,0,0,0,0,77900,0,0,0,0,0,0,0,0,0,12100,1900,0,0,0,0,0,0,0,0,80580,76280,3302553,3998000,0,0,0,0,0,
600011.SH,600011,20251209,92048000,0,0,0,0,0,,,0,0,0,0,0,78000,77900,0,0,0,0,0,0,0,0,0,12100,0,0,0,0,0,0,0,0,0,77900,0,0,0,0,0,0,0,0,0,12100,1900,0,0,0,0,0,0,0,0,80580,76280,3302553,4001400,0,0,0,0,0,
600011.SH,600011,20251209,92051000,0,0,0,0,0,,,0,0,0,0,0,78000,77900,0,0,0,0,0,0,0,0,0,12100,0,0,0,0,0,0,0,0,0,77900,0,0,0,0,0,0,0,0,0,12100,1900,0,0,0,0,0,0,0,0,80580,76280,3304053,4001400,0,0,0,0,0,
600011.SH,600011,20251209,92054000,0,0,0,0,0,,,0,0,0,0,0,78000,77900,0,0,0,0,0,0,0,0,0,14000,2100,0,0,0,0,0,0,0,0,77900,0,0,0,0,0,0,0,0,0,14000,0,0,0,0,0,0,0,0,0,80550,76280,3346353,4001400,0,0,0,0,0,
600011.SH,600011,20251209,92057000,0,0,0,0,0,,,0,0,0,0,0,78000,77900,0,0,0,0,0,0,0,0,0,14000,2100,0,0,0,0,0,0,0,0,77900,0,0,0,0,0,0,0,0,0,14000,0,0,0,0,0,0,0,0,0,80560,76280,3355953,4001700,0,0,0,0,0,
600011.SH,600011,20251209,92103000,0,0,0,0,0,,,0,0,0,0,0,78000,77900,0,0,0,0,0,0,0,0,0,14000,2100,0,0,0,0,0,0,0,0,77900,0,0,0,0,0,0,0,0,0,14000,0,0,0,0,0,0,0,0,0,80560,76290,3358453,4011700,0,0,0,0,0,
600011.SH,600011,20251209,92106000,0,0,0,0,0,,,0,0,0,0,0,78000,77900,0,0,0,0,0,0,0,0,0,14000,2100,0,0,0,0,0,0,0,0,77900,0,0,0,0,0,0,0,0,0,14000,0,0,0,0,0,0,0,0,0,80560,76290,3358453,4019100,0,0,0,0,0,
600011.SH,600011,20251209,92109000,0,0,0,0,0,,,0,0,0,0,0,78000,77900,0,0,0,0,0,0,0,0,0,14000,2100,0,0,0,0,0,0,0,0,77900,0,0,0,0,0,0,0,0,0,14000,0,0,0,0,0,0,0,0,0,80560,76290,3359153,4029700,0,0,0,0,0,
600011.SH,600011,20251209,92112000,0,0,0,0,0,,,0,0,0,0,0,78000,77900,0,0,0,0,0,0,0,0,0,14000,2100,0,0,0,0,0,0,0,0,77900,0,0,0,0,0,0,0,0,0,14000,0,0,0,0,0,0,0,0,0,80560,76290,3360453,4039700,0,0,0,0,0,
600011.SH,600011,20251209,92115000,0,0,0,0,0,,,0,0,0,0,0,78000,77900,0,0,0,0,0,0,0,0,0,16100,0,0,0,0,0,0,0,0,0,77900,0,0,0,0,0,0,0,0,0,16100,69100,0,0,0,0,0,0,0,0,80560,76320,3360453,4110900,0,0,0,0,0,
600011.SH,600011,20251209,92118000,0,0,0,0,0,,,0,0,0,0,0,78000,77900,0,0,0,0,0,0,0,0,0,16100,0,0,0,0,0,0,0,0,0,77900,0,0,0,0,0,0,0,0,0,16100,69100,0,0,0,0,0,0,0,0,80560,76320,3360453,4130200,0,0,0,0,0,
600011.SH,600011,20251209,92121000,0,0,0,0,0,,,0,0,0,0,0,78000,77900,0,0,0,0,0,0,0,0,0,16100,0,0,0,0,0,0,0,0,0,77900,0,0,0,0,0,0,0,0,0,16100,69100,0,0,0,0,0,0,0,0,80560,76320,3365153,4132100,0,0,0,0,0,
600011.SH,600011,20251209,92124000,0,0,0,0,0,,,0,0,0,0,0,78000,77900,0,0,0,0,0,0,0,0,0,16100,0,0,0,0,0,0,0,0,0,77900,0,0,0,0,0,0,0,0,0,16100,69100,0,0,0,0,0,0,0,0,80550,76320,3375153,4133400,0,0,0,0,0,
600011.SH,600011,20251209,92127000,0,0,0,0,0,,,0,0,0,0,0,78000,77900,0,0,0,0,0,0,0,0,0,16100,0,0,0,0,0,0,0,0,0,77900,0,0,0,0,0,0,0,0,0,16100,69100,0,0,0,0,0,0,0,0,80550,76320,3375153,4143400,0,0,0,0,0,
600011.SH,600011,20251209,92130000,0,0,0,0,0,,,0,0,0,0,0,78000,77900,0,0,0,0,0,0,0,0,0,16100,0,0,0,0,0,0,0,0,0,77900,0,0,0,0,0,0,0,0,0,16100,69100,0,0,0,0,0,0,0,0,80550,76320,3375953,4152400,0,0,0,0,0,
600011.SH,600011,20251209,92133000,0,0,0,0,0,,,0,0,0,0,0,78000,77900,0,0,0,0,0,0,0,0,0,16100,0,0,0,0,0,0,0,0,0,77900,0,0,0,0,0,0,0,0,0,16100,69100,0,0,0,0,0,0,0,0,80550,76320,3377553,4153400,0,0,0,0,0,
600011.SH,600011,20251209,92139000,0,0,0,0,0,,,0,0,0,0,0,78000,77900,0,0,0,0,0,0,0,0,0,16100,0,0,0,0,0,0,0,0,0,77900,0,0,0,0,0,0,0,0,0,16100,69200,0,0,0,0,0,0,0,0,80550,76320,3377553,4153900,0,0,0,0,0,
600011.SH,600011,20251209,92142000,0,0,0,0,0,,,0,0,0,0,0,78000,77900,0,0,0,0,0,0,0,0,0,21700,0,0,0,0,0,0,0,0,0,77900,0,0,0,0,0,0,0,0,0,21700,63600,0,0,0,0,0,0,0,0,80550,76320,3386153,4154900,0,0,0,0,0,
600011.SH,600011,20251209,92145000,0,0,0,0,0,,,0,0,0,0,0,78000,77900,0,0,0,0,0,0,0,0,0,21700,0,0,0,0,0,0,0,0,0,77900,0,0,0,0,0,0,0,0,0,21700,63600,0,0,0,0,0,0,0,0,80470,76320,3506153,4154900,0,0,0,0,0,
600011.SH,600011,20251209,92148000,0,0,0,0,0,,,0,0,0,0,0,78000,77900,0,0,0,0,0,0,0,0,0,21700,0,0,0,0,0,0,0,0,0,77900,0,0,0,0,0,0,0,0,0,21700,64900,0,0,0,0,0,0,0,0,80470,76320,3509453,4156200,0,0,0,0,0,
600011.SH,600011,20251209,92151000,0,0,0,0,0,,,0,0,0,0,0,78000,77900,0,0,0,0,0,0,0,0,0,22300,0,0,0,0,0,0,0,0,0,77900,0,0,0,0,0,0,0,0,0,22300,68200,0,0,0,0,0,0,0,0,80470,76330,3512753,4162300,0,0,0,0,0,
600011.SH,600011,20251209,92154000,0,0,0,0,0,,,0,0,0,0,0,78000,77900,0,0,0,0,0,0,0,0,0,22300,0,0,0,0,0,0,0,0,0,77900,0,0,0,0,0,0,0,0,0,22300,68200,0,0,0,0,0,0,0,0,80470,76330,3515753,4162300,0,0,0,0,0,
600011.SH,600011,20251209,92203000,0,0,0,0,0,,,0,0,0,0,0,78000,77900,0,0,0,0,0,0,0,0,0,27300,0,0,0,0,0,0,0,0,0,77900,0,0,0,0,0,0,0,0,0,27300,63200,0,0,0,0,0,0,0,0,80460,76330,3520753,4163800,0,0,0,0,0,
600011.SH,600011,20251209,92209000,0,0,0,0,0,,,0,0,0,0,0,78000,77900,0,0,0,0,0,0,0,0,0,27300,0,0,0,0,0,0,0,0,0,77900,0,0,0,0,0,0,0,0,0,27300,63200,0,0,0,0,0,0,0,0,80400,76330,3616353,4163800,0,0,0,0,0,
600011.SH,600011,20251209,92212000,0,0,0,0,0,,,0,0,0,0,0,78000,77900,0,0,0,0,0,0,0,0,0,27300,0,0,0,0,0,0,0,0,0,77900,0,0,0,0,0,0,0,0,0,27300,63200,0,0,0,0,0,0,0,0,80370,76330,3666353,4170100,0,0,0,0,0,
600011.SH,600011,20251209,92221000,0,0,0,0,0,,,0,0,0,0,0,78000,77900,0,0,0,0,0,0,0,0,0,27300,0,0,0,0,0,0,0,0,0,77900,0,0,0,0,0,0,0,0,0,27300,63200,0,0,0,0,0,0,0,0,80370,76330,3678253,4170100,0,0,0,0,0,
600011.SH,600011,20251209,92224000,0,0,0,0,0,,,0,0,0,0,0,78000,77900,0,0,0,0,0,0,0,0,0,27300,0,0,0,0,0,0,0,0,0,77900,0,0,0,0,0,0,0,0,0,27300,63200,0,0,0,0,0,0,0,0,80370,76330,3678253,4170300,0,0,0,0,0,
600011.SH,600011,20251209,92230000,0,0,0,0,0,,,0,0,0,0,0,78000,77900,0,0,0,0,0,0,0,0,0,27300,0,0,0,0,0,0,0,0,0,77900,0,0,0,0,0,0,0,0,0,27300,63200,0,0,0,0,0,0,0,0,80370,76330,3679253,4170300,0,0,0,0,0,
600011.SH,600011,20251209,92233000,0,0,0,0,0,,,0,0,0,0,0,78000,77900,0,0,0,0,0,0,0,0,0,27300,0,0,0,0,0,0,0,0,0,77900,0,0,0,0,0,0,0,0,0,27300,63200,0,0,0,0,0,0,0,0,80370,76330,3680653,4172600,0,0,0,0,0,
600011.SH,600011,20251209,92236000,0,0,0,0,0,,,0,0,0,0,0,78000,77900,0,0,0,0,0,0,0,0,0,27300,0,0,0,0,0,0,0,0,0,77900,0,0,0,0,0,0,0,0,0,27300,63200,0,0,0,0,0,0,0,0,80370,76330,3680953,4172600,0,0,0,0,0,
600011.SH,600011,20251209,92239000,0,0,0,0,0,,,0,0,0,0,0,78000,77900,0,0,0,0,0,0,0,0,0,27300,0,0,0,0,0,0,0,0,0,77900,0,0,0,0,0,0,0,0,0,27300,66200,0,0,0,0,0,0,0,0,80360,76330,3690953,4180400,0,0,0,0,0,
600011.SH,600011,20251209,92245000,0,0,0,0,0,,,0,0,0,0,0,78000,77900,0,0,0,0,0,0,0,0,0,27300,0,0,0,0,0,0,0,0,0,77900,0,0,0,0,0,0,0,0,0,27300,66200,0,0,0,0,0,0,0,0,80360,76330,3690953,4181000,0,0,0,0,0,
600011.SH,600011,20251209,92248000,0,0,0,0,0,,,0,0,0,0,0,78000,77900,0,0,0,0,0,0,0,0,0,27300,0,0,0,0,0,0,0,0,0,77900,0,0,0,0,0,0,0,0,0,27300,67200,0,0,0,0,0,0,0,0,80360,76330,3692953,4182000,0,0,0,0,0,
600011.SH,600011,20251209,92251000,0,0,0,0,0,,,0,0,0,0,0,78000,77900,0,0,0,0,0,0,0,0,0,27300,0,0,0,0,0,0,0,0,0,77900,0,0,0,0,0,0,0,0,0,27300,67200,0,0,0,0,0,0,0,0,80360,76330,3701153,4182200,0,0,0,0,0,
600011.SH,600011,20251209,92254000,0,0,0,0,0,,,0,0,0,0,0,78000,77900,0,0,0,0,0,0,0,0,0,27300,0,0,0,0,0,0,0,0,0,77900,0,0,0,0,0,0,0,0,0,27300,67200,0,0,0,0,0,0,0,0,80360,76330,3712153,4182800,0,0,0,0,0,
600011.SH,600011,20251209,92257000,0,0,0,0,0,,,0,0,0,0,0,78000,77900,0,0,0,0,0,0,0,0,0,27300,0,0,0,0,0,0,0,0,0,77900,0,0,0,0,0,0,0,0,0,27300,67700,0,0,0,0,0,0,0,0,80360,76330,3712153,4184600,0,0,0,0,0,
600011.SH,600011,20251209,92300000,0,0,0,0,0,,,0,0,0,0,0,78000,77900,0,0,0,0,0,0,0,0,0,27300,0,0,0,0,0,0,0,0,0,77900,0,0,0,0,0,0,0,0,0,27300,67700,0,0,0,0,0,0,0,0,80360,76330,3713953,4184600,0,0,0,0,0,
600011.SH,600011,20251209,92303000,0,0,0,0,0,,,0,0,0,0,0,78000,77900,0,0,0,0,0,0,0,0,0,27300,0,0,0,0,0,0,0,0,0,77900,0,0,0,0,0,0,0,0,0,27300,67700,0,0,0,0,0,0,0,0,80360,76330,3713953,4185300,0,0,0,0,0,
600011.SH,600011,20251209,92306000,0,0,0,0,0,,,0,0,0,0,0,78000,77900,0,0,0,0,0,0,0,0,0,27300,0,0,0,0,0,0,0,0,0,77900,0,0,0,0,0,0,0,0,0,27300,67700,0,0,0,0,0,0,0,0,80360,76330,3715953,4185300,0,0,0,0,0,
600011.SH,600011,20251209,92309000,0,0,0,0,0,,,0,0,0,0,0,78000,77900,0,0,0,0,0,0,0,0,0,27300,0,0,0,0,0,0,0,0,0,77900,0,0,0,0,0,0,0,0,0,27300,67700,0,0,0,0,0,0,0,0,80360,76330,3725253,4192900,0,0,0,0,0,
600011.SH,600011,20251209,92312000,0,0,0,0,0,,,0,0,0,0,0,78000,77900,0,0,0,0,0,0,0,0,0,28600,0,0,0,0,0,0,0,0,0,77900,0,0,0,0,0,0,0,0,0,28600,66400,0,0,0,0,0,0,0,0,80340,76330,3756553,4194400,0,0,0,0,0,
600011.SH,600011,20251209,92315000,0,0,0,0,0,,,0,0,0,0,0,78000,77900,0,0,0,0,0,0,0,0,0,28600,0,0,0,0,0,0,0,0,0,77900,0,0,0,0,0,0,0,0,0,28600,66500,0,0,0,0,0,0,0,0,80340,76340,3783853,4199500,0,0,0,0,0,
600011.SH,600011,20251209,92318000,0,0,0,0,0,,,0,0,0,0,0,78000,77900,0,0,0,0,0,0,0,0,0,28600,0,0,0,0,0,0,0,0,0,77900,0,0,0,0,0,0,0,0,0,28600,66500,0,0,0,0,0,0,0,0,80340,76340,3797653,4200200,0,0,0,0,0,
600011.SH,600011,20251209,92321000,0,0,0,0,0,,,0,0,0,0,0,78000,77900,0,0,0,0,0,0,0,0,0,28600,0,0,0,0,0,0,0,0,0,77900,0,0,0,0,0,0,0,0,0,28600,66500,0,0,0,0,0,0,0,0,80340,76340,3803853,4200200,0,0,0,0,0,
600011.SH,600011,20251209,92324000,0,0,0,0,0,,,0,0,0,0,0,78000,77900,0,0,0,0,0,0,0,0,0,28600,0,0,0,0,0,0,0,0,0,77900,0,0,0,0,0,0,0,0,0,28600,66500,0,0,0,0,0,0,0,0,80340,76340,3803853,4205200,0,0,0,0,0,
600011.SH,600011,20251209,92327000,0,0,0,0,0,,,0,0,0,0,0,78000,77900,0,0,0,0,0,0,0,0,0,34600,0,0,0,0,0,0,0,0,0,77900,0,0,0,0,0,0,0,0,0,34600,60500,0,0,0,0,0,0,0,0,80330,76340,3810853,4210200,0,0,0,0,0,
600011.SH,600011,20251209,92333000,0,0,0,0,0,,,0,0,0,0,0,78000,77900,0,0,0,0,0,0,0,0,0,34600,0,0,0,0,0,0,0,0,0,77900,0,0,0,0,0,0,0,0,0,34600,60500,0,0,0,0,0,0,0,0,80330,76340,3821653,4210700,0,0,0,0,0,
600011.SH,600011,20251209,92336000,0,0,0,0,0,,,0,0,0,0,0,78000,77900,0,0,0,0,0,0,0,0,0,34600,0,0,0,0,0,0,0,0,0,77900,0,0,0,0,0,0,0,0,0,34600,60500,0,0,0,0,0,0,0,0,80330,76340,3826653,4211700,0,0,0,0,0,
600011.SH,600011,20251209,92339000,0,0,0,0,0,,,0,0,0,0,0,78000,77900,0,0,0,0,0,0,0,0,0,34600,0,0,0,0,0,0,0,0,0,77900,0,0,0,0,0,0,0,0,0,34600,60500,0,0,0,0,0,0,0,0,80330,76340,3826953,4211700,0,0,0,0,0,
600011.SH,600011,20251209,92342000,0,0,0,0,0,,,0,0,0,0,0,78000,77900,0,0,0,0,0,0,0,0,0,34600,0,0,0,0,0,0,0,0,0,77900,0,0,0,0,0,0,0,0,0,34600,60500,0,0,0,0,0,0,0,0,80320,76340,3831953,4211700,0,0,0,0,0,
600011.SH,600011,20251209,92345000,0,0,0,0,0,,,0,0,0,0,0,78000,77900,0,0,0,0,0,0,0,0,0,34600,0,0,0,0,0,0,0,0,0,77900,0,0,0,0,0,0,0,0,0,34600,60500,0,0,0,0,0,0,0,0,80320,76340,3836953,4212900,0,0,0,0,0,
600011.SH,600011,20251209,92348000,0,0,0,0,0,,,0,0,0,0,0,78000,77900,0,0,0,0,0,0,0,0,0,34600,0,0,0,0,0,0,0,0,0,77900,0,0,0,0,0,0,0,0,0,34600,60500,0,0,0,0,0,0,0,0,80320,76340,3840453,4212900,0,0,0,0,0,
600011.SH,600011,20251209,92351000,0,0,0,0,0,,,0,0,0,0,0,78000,77900,0,0,0,0,0,0,0,0,0,34600,0,0,0,0,0,0,0,0,0,77900,0,0,0,0,0,0,0,0,0,34600,60500,0,0,0,0,0,0,0,0,80340,76340,3856853,4212900,0,0,0,0,0,
600011.SH,600011,20251209,92354000,0,0,0,0,0,,,0,0,0,0,0,78000,77900,0,0,0,0,0,0,0,0,0,34600,0,0,0,0,0,0,0,0,0,77900,0,0,0,0,0,0,0,0,0,34600,60500,0,0,0,0,0,0,0,0,80340,76340,3856853,4214200,0,0,0,0,0,
600011.SH,600011,20251209,92357000,0,0,0,0,0,,,0,0,0,0,0,78000,77900,0,0,0,0,0,0,0,0,0,34600,0,0,0,0,0,0,0,0,0,77900,0,0,0,0,0,0,0,0,0,34600,60500,0,0,0,0,0,0,0,0,80340,76340,3858253,4217200,0,0,0,0,0,
600011.SH,600011,20251209,92400000,0,0,0,0,0,,,0,0,0,0,0,78000,77900,0,0,0,0,0,0,0,0,0,34600,0,0,0,0,0,0,0,0,0,77900,0,0,0,0,0,0,0,0,0,34600,65500,0,0,0,0,0,0,0,0,80340,76340,3858253,4222200,0,0,0,0,0,
600011.SH,600011,20251209,92403000,0,0,0,0,0,,,0,0,0,0,0,78000,77900,0,0,0,0,0,0,0,0,0,34600,0,0,0,0,0,0,0,0,0,77900,0,0,0,0,0,0,0,0,0,34600,65500,0,0,0,0,0,0,0,0,80340,76340,3858253,4223700,0,0,0,0,0,
600011.SH,600011,20251209,92406000,0,0,0,0,0,,,0,0,0,0,0,78000,78000,0,0,0,0,0,0,0,0,0,36600,6600,0,0,0,0,0,0,0,0,78000,0,0,0,0,0,0,0,0,0,36600,0,0,0,0,0,0,0,0,0,80340,76360,3860253,4235200,0,0,0,0,0,
600011.SH,600011,20251209,92409000,0,0,0,0,0,,,0,0,0,0,0,78000,78000,0,0,0,0,0,0,0,0,0,40000,3200,0,0,0,0,0,0,0,0,78000,0,0,0,0,0,0,0,0,0,40000,0,0,0,0,0,0,0,0,0,80340,76360,3862253,4238600,0,0,0,0,0,
600011.SH,600011,20251209,92412000,0,0,0,0,0,,,0,0,0,0,0,78000,78000,0,0,0,0,0,0,0,0,0,40000,3300,0,0,0,0,0,0,0,0,78000,0,0,0,0,0,0,0,0,0,40000,0,0,0,0,0,0,0,0,0,80340,76360,3865353,4238600,0,0,0,0,0,
600011.SH,600011,20251209,92415000,0,0,0,0,0,,,0,0,0,0,0,78000,78000,0,0,0,0,0,0,0,0,0,42000,1300,0,0,0,0,0,0,0,0,78000,0,0,0,0,0,0,0,0,0,42000,0,0,0,0,0,0,0,0,0,80350,76360,3876353,4240600,0,0,0,0,0,
600011.SH,600011,20251209,92418000,0,0,0,0,0,,,0,0,0,0,0,78000,78000,0,0,0,0,0,0,0,0,0,42000,4300,0,0,0,0,0,0,0,0,78000,0,0,0,0,0,0,0,0,0,42000,0,0,0,0,0,0,0,0,0,80350,76360,3881353,4240600,0,0,0,0,0,
600011.SH,600011,20251209,92421000,0,0,0,0,0,,,0,0,0,0,0,78000,78000,0,0,0,0,0,0,0,0,0,42000,4300,0,0,0,0,0,0,0,0,78000,0,0,0,0,0,0,0,0,0,42000,0,0,0,0,0,0,0,0,0,80350,76360,3881453,4240600,0,0,0,0,0,
600011.SH,600011,20251209,92424000,0,0,0,0,0,,,0,0,0,0,0,78000,78000,0,0,0,0,0,0,0,0,0,42000,4300,0,0,0,0,0,0,0,0,78000,0,0,0,0,0,0,0,0,0,42000,0,0,0,0,0,0,0,0,0,80350,76360,3883453,4244600,0,0,0,0,0,
600011.SH,600011,20251209,92430000,0,0,0,0,0,,,0,0,0,0,0,78000,78000,0,0,0,0,0,0,0,0,0,42000,4300,0,0,0,0,0,0,0,0,78000,0,0,0,0,0,0,0,0,0,42000,0,0,0,0,0,0,0,0,0,80350,76360,3890253,4245500,0,0,0,0,0,
600011.SH,600011,20251209,92433000,0,0,0,0,0,,,0,0,0,0,0,78000,78000,0,0,0,0,0,0,0,0,0,43900,2400,0,0,0,0,0,0,0,0,78000,0,0,0,0,0,0,0,0,0,43900,0,0,0,0,0,0,0,0,0,80350,76370,3890753,4247400,0,0,0,0,0,
600011.SH,600011,20251209,92436000,0,0,0,0,0,,,0,0,0,0,0,78000,78000,0,0,0,0,0,0,0,0,0,43900,12200,0,0,0,0,0,0,0,0,78000,0,0,0,0,0,0,0,0,0,43900,0,0,0,0,0,0,0,0,0,80340,76370,3904553,4251400,0,0,0,0,0,
600011.SH,600011,20251209,92439000,0,0,0,0,0,,,0,0,0,0,0,78000,78000,0,0,0,0,0,0,0,0,0,56100,0,0,0,0,0,0,0,0,0,78000,0,0,0,0,0,0,0,0,0,56100,2800,0,0,0,0,0,0,0,0,80340,76380,3907553,4266400,0,0,0,0,0,
600011.SH,600011,20251209,92445000,0,0,0,0,0,,,0,0,0,0,0,78000,78000,0,0,0,0,0,0,0,0,0,58900,15500,0,0,0,0,0,0,0,0,78000,0,0,0,0,0,0,0,0,0,58900,0,0,0,0,0,0,0,0,0,80320,76380,3925853,4266400,0,0,0,0,0,
600011.SH,600011,20251209,92448000,0,0,0,0,0,,,0,0,0,0,0,78000,78000,0,0,0,0,0,0,0,0,0,84400,0,0,0,0,0,0,0,0,0,78000,0,0,0,0,0,0,0,0,0,84400,7400,0,0,0,0,0,0,0,0,80380,76400,3982653,4300200,0,0,0,0,0,
600011.SH,600011,20251209,92451000,0,0,0,0,0,,,0,0,0,0,0,78000,78000,0,0,0,0,0,0,0,0,0,84500,0,0,0,0,0,0,0,0,0,78000,0,0,0,0,0,0,0,0,0,84500,24400,0,0,0,0,0,0,0,0,80380,76410,3982753,4324600,0,0,0,0,0,
600011.SH,600011,20251209,92454000,0,0,0,0,0,,,0,0,0,0,0,78000,78000,0,0,0,0,0,0,0,0,0,84500,0,0,0,0,0,0,0,0,0,78000,0,0,0,0,0,0,0,0,0,84500,26700,0,0,0,0,0,0,0,0,80380,76410,3985753,4326900,0,0,0,0,0,
600011.SH,600011,20251209,92457000,0,0,0,0,0,,,0,0,0,0,0,78000,78000,0,0,0,0,0,0,0,0,0,106100,0,0,0,0,0,0,0,0,0,78000,0,0,0,0,0,0,0,0,0,106100,50100,0,0,0,0,0,0,0,0,80370,76450,4008053,4371900,0,0,0,0,0,
600011.SH,600011,20251209,92500000,0,0,0,0,0,,,0,0,0,0,0,78000,78200,0,0,0,0,0,0,0,0,0,137300,324600,0,0,0,0,0,0,0,0,78200,0,0,0,0,0,0,0,0,0,137300,0,0,0,0,0,0,0,0,0,80370,76470,4008053,4407500,0,0,0,0,0,
600011.SH,600011,20251209,92503000,78200,137300,1073686,99,0,,,137300,1073686,78200,78200,78200,78000,78200,78300,78400,78500,78600,78700,78800,78900,79000,79100,324600,195200,13100,157811,88200,34700,136200,74400,217100,129300,78100,78000,77900,77800,77700,77600,77500,77400,77300,77200,3200,51300,75900,3200,22100,51300,326800,121700,54600,60500,80470,76340,3870753,4270200,0,0,0,0,0,
600011.SH,600011,20251209,93000000,78200,15300,119629,103,0,,,152600,1193315,78200,78100,78200,78000,78200,78300,78400,78500,78600,78700,78800,78900,79000,79100,313800,195200,13100,157811,88200,34700,136200,74400,217100,129300,78100,78000,77900,77800,77700,77600,77500,77400,77300,77200,1500,51300,75900,3200,22100,51800,326800,121700,54600,60500,80470,76340,3859953,4269000,0,0,0,0,0,
600011.SH,600011,20251209,93003000,78200,9200,71858,113,0,,,161800,1265173,78200,78100,78200,78000,78200,78300,78400,78500,78600,78700,78800,78900,79000,79100,335800,195200,15100,158811,97100,51200,158200,79600,218100,129300,78100,78000,77900,77800,77700,77600,77500,77400,77300,77200,9000,51300,75900,3200,39400,61800,328800,123700,54600,63500,80430,76350,4014653,4310800,0,0,0,0,0,
600011.SH,600011,20251209,93006000,78100,18100,141392,139,0,,,179900,1406565,78200,78100,78200,78000,78100,78200,78300,78400,78500,78600,78700,78800,78900,79000,46900,325800,219200,23200,212811,132100,51200,268200,180600,221100,78000,77900,77800,77700,77600,77500,77400,77300,77200,77100,51200,75900,3300,42100,63100,329800,123700,54700,63500,192500,80270,76350,4635153,4307400,0,0,0,0,0,
600011.SH,600011,20251209,93009000,78100,19400,151477,161,0,,,199300,1558042,78200,78000,78200,78000,78100,78200,78300,78400,78500,78600,78700,78800,78900,79000,58800,311600,210000,23200,213311,157100,52700,271200,184300,226100,78000,77900,77800,77700,77600,77500,77400,77300,77200,77100,53400,75900,5900,42100,64100,330000,123700,54700,63600,192500,80260,76340,4674953,4324700,0,0,0,0,0,
600011.SH,600011,20251209,93012000,78100,11800,92156,184,0,,,211100,1650198,78200,78000,78200,78000,78100,78200,78300,78400,78500,78600,78700,78800,78900,79000,62000,307600,210000,27200,223311,162100,53700,271200,189100,228100,78000,77900,77800,77700,77600,77500,77400,77300,77200,77100,66800,75900,5900,42100,64600,330000,173700,54800,63600,202500,80250,76360,4738753,4402400,0,0,0,0,0,
600011.SH,600011,20251209,93015000,78100,2800,21859,192,0,,,213900,1672057,78200,78000,78200,78000,78100,78200,78300,78400,78500,78600,78700,78800,78900,79000,86500,311200,210000,57300,247011,172200,53700,272200,189800,233700,78000,77900,77800,77700,77600,77500,77400,77300,77200,77100,67300,75900,5900,42100,70400,330000,173700,57200,66200,202500,80210,76370,4847353,4417000,0,0,0,0,0,
600011.SH,600011,20251209,93018000,78100,6600,51545,198,0,,,220500,1723602,78200,78000,78200,78000,78100,78200,78300,78400,78500,78600,78700,78800,78900,79000,88400,312100,210000,57300,261011,175200,62700,274700,193800,233700,78000,77900,77800,77700,77600,77500,77400,77300,77200,77100,69900,75900,5900,42100,70400,330000,173700,59700,66200,202500,80190,76370,4921253,4426300,0,0,0,0,0,
600011.SH,600011,20251209,93021000,78000,3200,24991,203,0,,,223700,1748593,78200,78000,78200,78000,78100,78200,78300,78400,78500,78600,78700,78800,78900,79000,90800,320700,210200,66000,263011,174200,65800,278700,203900,234800,78000,77900,77800,77700,77600,77500,77400,77300,77200,77100,71700,75900,5900,42100,73100,330200,173700,59700,66200,203000,80210,76370,4996953,4432100,0,0,0,0,0,
600011.SH,600011,20251209,93024000,78100,11200,87450,218,0,,,234900,1836043,78200,78000,78200,78000,78100,78200,78300,78400,78500,78600,78700,78800,78900,79000,82800,320700,239200,69800,263511,174200,92800,280800,203900,234800,78000,77900,77800,77700,77600,77500,77400,77300,77200,77100,78400,75900,7300,64100,74200,330200,173700,59700,66200,203000,80190,76380,5101553,4468000,0,0,0,0,0,
600011.SH,600011,20251209,93027000,78000,25200,196786,234,0,,,260100,2032829,78200,78000,78200,78000,78100,78200,78300,78400,78500,78600,78700,78800,78900,79000,74800,327300,245800,74800,253511,174200,92800,307800,213900,234800,78000,77900,77800,77700,77600,77500,77400,77300,77200,77100,79200,75900,5900,64100,74200,330200,173700,61700,68200,203000,80190,76380,5171353,4472100,0,0,0,0,0,
600011.SH,600011,20251209,93030000,78100,30200,235705,259,0,,,290300,2268534,78200,78000,78200,78000,78100,78200,78300,78400,78500,78600,78700,78800,78900,79000,76900,329000,255800,76200,255511,175800,97500,311800,214900,234800,78000,77900,77800,77700,77600,77500,77400,77300,77200,77100,66400,75900,7900,64100,74400,330200,173700,61700,68200,202600,80170,76380,5287853,4461400,0,0,0,0,0,
600011.SH,600011,20251209,93033000,78100,13300,103813,279,0,,,303600,2372347,78200,78000,78200,78000,78100,78200,78300,78400,78500,78600,78700,78800,78900,79000,82500,329900,255800,76200,255511,175800,101400,353100,214900,235800,78000,77900,77800,77700,77600,77500,77400,77300,77200,77100,53400,75900,7900,65100,74400,330200,173700,64200,73200,202600,80160,76370,5351053,4457200,0,0,0,0,0,
600011.SH,600011,20251209,93036000,78100,8200,63991,296,0,,,311800,2436338,78200,78000,78200,78000,78100,78200,78300,78400,78500,78600,78700,78800,78900,79000,103800,330000,280000,85200,265511,182800,116400,353100,222700,235800,78000,77900,77800,77700,77600,77500,77400,77300,77200,77100,57200,75900,7900,66000,74400,330200,173700,64200,74200,202600,80130,76370,5448853,4465900,0,0,0,0,0,
600011.SH,600011,20251209,93039000,78000,78600,613074,426,0,,,390400,3049412,78200,77900,78200,78000,78000,78100,78200,78300,78400,78500,78600,78700,78800,78900,54200,100100,327700,280000,86200,271711,182800,116400,353100,222700,77900,77800,77700,77600,77500,77400,77300,77200,77100,77000,74100,7900,66000,80400,330200,173700,64200,74700,202600,429400,80110,76350,5509753,4414300,0,0,0,0,0,
600011.SH,600011,20251209,93042000,78000,27200,212090,457,0,,,417600,3261502,78200,77900,78200,78000,78000,78100,78200,78300,78400,78500,78600,78700,78800,78900,66600,103300,330700,256000,94000,273711,182800,116400,353100,217600,77900,77800,77700,77600,77500,77400,77300,77200,77100,77000,67100,7900,66000,80900,330200,173700,64700,74700,202600,429400,80110,76350,5520053,4408300,0,0,0,0,0,
600011.SH,600011,20251209,93045000,78000,21200,165204,474,0,,,438800,3426706,78200,77900,78200,78000,78000,78100,78200,78300,78400,78500,78600,78700,78800,78900,106700,108200,327600,256000,86200,273711,182800,116400,353100,217600,77900,77800,77700,77600,77500,77400,77300,77200,77100,77000,63600,7900,67500,80900,336400,165200,64700,74700,202600,429400,80090,76350,5554753,4405800,0,0,0,0,0,
600011.SH,600011,20251209,93048000,78000,40400,314787,493,0,,,479200,3741493,78200,77900,78200,78000,78000,78100,78200,78300,78400,78500,78600,78700,78800,78900,150400,92600,321600,227000,86200,273711,182800,116400,353100,217600,77900,77800,77700,77600,77500,77400,77300,77200,77100,77000,40400,18000,67500,83600,336400,165200,64700,74700,202600,429400,80100,76350,5545953,4396400,0,0,0,0,0,
600011.SH,600011,20251209,93051000,77900,9400,73226,502,0,,,488600,3814719,78200,77900,78200,78000,78000,78100,78200,78300,78400,78500,78600,78700,78800,78900,147200,92600,321600,227000,86200,273711,182800,116400,363100,217600,77900,77800,77700,77600,77500,77400,77300,77200,77100,77000,31000,18000,67500,83600,336400,165200,64700,74700,202600,429400,80090,76340,5552753,4394500,0,0,0,0,0,
600011.SH,600011,20251209,93054000,77900,12700,98992,515,0,,,501300,3913711,78200,77900,78200,78000,78000,78100,78200,78300,78400,78500,78600,78700,78800,78900,143800,94200,321600,227000,86200,273711,182800,116400,367800,217600,77900,77800,77700,77600,77500,77400,77300,77200,77100,77000,24900,18000,67500,84100,336400,165200,64700,74700,202600,429400,80110,76340,5568653,4388900,0,0,0,0,0,
600011.SH,600011,20251209,93057000,77900,16300,127034,554,0,,,517600,4040745,78200,77900,78200,78000,78000,78100,78200,78300,78400,78500,78600,78700,78800,78900,119900,94200,321600,227000,86200,273711,182800,116400,367800,217600,77900,77800,77700,77600,77500,77400,77300,77200,77100,77000,15900,28100,67500,84100,336400,165200,64700,74700,202600,429400,80120,76340,5545253,4390000,0,0,0,0,0,
600011.SH,600011,20251209,93100000,78000,8300,64734,574,0,,,525900,4105479,78200,77900,78200,78000,78000,78100,78200,78300,78400,78500,78600,78700,78800,78900,114000,94200,350600,227000,86200,273711,184000,116400,367800,217600,77900,77800,77700,77600,77500,77400,77300,77200,77100,77000,15600,28100,67500,84600,336400,165200,64700,74700,202600,429400,80110,76340,5569553,4390200,0,0,0,0,0,
600011.SH,600011,20251209,93103000,77900,35800,278770,609,0,,,561700,4384249,78200,77800,78200,78000,77900,78000,78100,78200,78300,78400,78500,78600,78700,78800,5800,111600,101200,350600,227000,86200,273711,184000,118400,367800,77800,77700,77600,77500,77400,77300,77200,77100,77000,76900,18000,66500,84600,336600,165200,64700,75000,202600,429400,44500,80100,76330,5581953,4364000,0,0,0,0,0,
600011.SH,600011,20251209,93106000,77900,68900,536701,644,0,,,630600,4920950,78200,77800,78200,78000,78000,78100,78200,78300,78400,78500,78600,78700,78800,78900,110700,96400,347900,227000,86200,273711,184000,118400,367800,217600,77900,77800,77700,77600,77500,77400,77300,77200,77100,77000,36900,19900,66500,85600,337000,165200,64700,75000,202600,429400,80110,76350,5567753,4404200,0,0,0,0,0,
600011.SH,600011,20251209,93109000,77900,24500,190905,663,0,,,655100,5111855,78200,77800,78200,78000,78000,78100,78200,78300,78400,78500,78600,78700,78800,78900,102500,96400,347900,227000,86200,273711,184000,123400,367800,217600,77900,77800,77700,77600,77500,77400,77300,77200,77100,77000,17500,19900,66500,87400,337000,165200,64700,75000,202600,429400,80110,76340,5564553,4387200,0,0,0,0,0,
600011.SH,600011,20251209,93112000,78000,5000,38969,670,0,,,660100,5150824,78200,77800,78200,78000,78000,78100,78200,78300,78400,78500,78600,78700,78800,78900,118800,82400,347900,227000,86200,263711,184000,123400,367800,217600,77900,77800,77700,77600,77500,77400,77300,77200,77100,77000,15900,32700,65500,87700,337200,165200,64700,75300,202600,429400,80110,76340,5556853,4397600,0,0,0,0,0,
600011.SH,600011,20251209,93115000,77900,21400,166706,701,0,,,681500,5317530,78200,77800,78200,78000,77900,78000,78100,78200,78300,78400,78500,78600,78700,78800,9300,122700,79600,347900,227000,86200,263711,184000,123400,367800,77800,77700,77600,77500,77400,77300,77200,77100,77000,76900,34900,65500,87700,337400,165200,64700,75300,202600,429400,44500,80110,76340,5567253,4384100,0,0,0,0,0,
600011.SH,600011,20251209,93118000,77900,45600,355399,728,0,,,727100,5672929,78200,77800,78200,78000,77900,78000,78100,78200,78300,78400,78500,78600,78700,78800,32500,102500,79100,347900,227000,86200,263711,184000,123400,367800,77800,77700,77600,77500,77400,77300,77200,77100,77000,76900,38500,65500,87700,337400,165200,64700,75300,202600,429400,44500,80110,76340,5569753,4387700,0,0,0,0,0,
600011.SH,600011,20251209,93121000,77800,8900,69253,741,0,,,736000,5742182,78200,77800,78200,78000,77900,78000,78100,78200,78300,78400,78500,78600,78700,78800,4501,105400,79100,347900,204800,86200,263711,184000,123400,367800,77800,77700,77600,77500,77400,77300,77200,77100,77000,76900,32800,65500,90900,337400,165200,64700,75300,202600,429400,44500,80120,76340,5532454,4385200,0,0,0,0,0,
600011.SH,600011,20251209,93124000,77900,50300,392069,761,0,,,786300,6134251,78200,77800,78200,78000,78000,78100,78200,78300,78400,78500,78600,78700,78800,78900,81601,79100,346500,204800,86200,263711,184000,123400,367800,227600,77900,77800,77700,77600,77500,77400,77300,77200,77100,77000,66600,38500,65500,91400,338400,165200,64700,75300,202600,429400,80130,76370,5505754,4459000,0,0,0,0,0,
600011.SH,600011,20251209,93127000,77900,39100,304665,769,0,,,825400,6438916,78200,77800,78200,78000,78000,78100,78200,78300,78400,78500,78600,78700,78800,78900,52500,86100,346500,204800,86200,263711,184000,123400,367800,227600,77900,77800,77700,77600,77500,77400,77300,77200,77100,77000,42300,37800,65500,91400,338400,165200,64700,75300,202600,429400,80140,76360,5495653,4435000,0,0,0,0,0,
600011.SH,600011,20251209,93130000,78000,12300,95862,783,0,,,837700,6534778,78200,77800,78200,78000,78000,78100,78200,78300,78400,78500,78600,78700,78800,78900,77700,86100,346500,204800,94000,263711,184000,123400,367800,227600,77900,77800,77700,77600,77500,77400,77300,77200,77100,77000,38000,59300,65500,92100,339200,166200,64700,75300,202600,439200,80130,76360,5529253,4464500,0,0,0,0,0,
600011.SH,600011,20251209,93133000,77900,16300,126980,791,0,,,854000,6661758,78200,77800,78200,78000,78000,78100,78200,78300,78400,78500,78600,78700,78800,78900,76700,86700,346500,204800,94000,263711,199000,123400,367800,227600,77900,77800,77700,77600,77500,77400,77300,77200,77100,77000,31200,60300,65500,91600,339200,167200,64700,75300,202600,439200,80130,76360,5543853,4460500,0,0,0,0,0,
600011.SH,600011,20251209,93136000,77900,4000,31198,796,0,,,858000,6692956,78200,77800,78200,78000,78000,78100,78200,78300,78400,78500,78600,78700,78800,78900,67000,86700,346500,204800,104000,263711,199000,123400,367800,227600,77900,77800,77700,77600,77500,77400,77300,77200,77100,77000,52500,60300,65500,91600,348200,167200,64700,75300,202600,439200,80130,76370,5544153,4490800,0,0,0,0,0,
600011.SH,600011,20251209,93139000,78000,34900,272175,812,0,,,892900,6965131,78200,77800,78200,78000,78000,78100,78200,78300,78400,78500,78600,78700,78800,78900,43000,86700,346500,204800,104000,263711,199000,123400,367800,227600,77900,77800,77700,77600,77500,77400,77300,77200,77100,77000,48500,64300,65500,91600,348200,167200,64700,75300,202600,441200,80140,76370,5519753,4490200,0,0,0,0,0,
600011.SH,600011,20251209,93142000,78000,2500,19483,817,0,,,895400,6984614,78200,77800,78200,78000,78000,78100,78200,78300,78400,78500,78600,78700,78800,78900,42200,83900,341500,204800,104000,263711,199000,123400,367800,227600,77900,77800,77700,77600,77500,77400,77300,77200,77100,77000,47400,54700,68000,91600,348200,168200,64700,75300,202600,441200,80140,76370,5511153,4483000,0,0,0,0,0,
600011.SH,600011,20251209,93145000,77900,9600,74853,827,0,,,905000,7059467,78200,77800,78200,78000,78000,78100,78200,78300,78400,78500,78600,78700,78800,78900,35700,83900,341500,204800,104000,263711,189000,123400,367800,227600,77900,77800,77700,77600,77500,77400,77300,77200,77100,77000,46500,74700,68000,91600,368200,168200,64700,75300,202600,441200,80150,76380,5514653,4522300,0,0,0,0,0,
600011.SH,600011,20251209,93148000,78100,104300,814215,886,0,,,1009300,7873682,78200,77800,78200,78000,78100,78200,78300,78400,78500,78600,78700,78800,78900,79000,16200,341500,204800,104000,263711,189000,123400,357800,227600,248700,78000,77900,77800,77700,77600,77500,77400,77300,77200,77100,1900,41200,71900,68000,95500,368200,168200,64700,75300,202600,80190,76380,5401253,4520300,0,0,0,0,0,
600011.SH,600011,20251209,93151000,78100,31100,242880,906,0,,,1040400,8116562,78200,77800,78200,78000,78200,78300,78400,78500,78600,78700,78800,78900,79000,79100,341500,204800,104000,263711,189000,123400,357800,227600,248700,157800,78100,78000,77900,77800,77700,77600,77500,77400,77300,77200,6100,29200,38900,68900,68000,95500,368200,168200,64700,75300,80200,76390,5385053,4558500,0,0,0,0,0,
600011.SH,600011,20251209,93154000,78100,7700,60203,910,0,,,1048100,8176765,78200,77800,78200,78000,78200,78300,78400,78500,78600,78700,78800,78900,79000,79100,334900,204800,104000,263711,189000,123400,357800,227600,248700,167800,78100,78000,77900,77800,77700,77600,77500,77400,77300,77200,15500,31300,38500,68900,68000,99000,368200,168200,64700,75300,80200,76400,5388853,4573100,0,0,0,0,0,
600011.SH,600011,20251209,93157000,78100,6900,53944,916,0,,,1055000,8230709,78200,77800,78200,78000,78200,78300,78400,78500,78600,78700,78800,78900,79000,79100,332400,204800,104000,263711,189000,123400,357800,227600,248700,167800,78100,78000,77900,77800,77700,77600,77500,77400,77300,77200,14400,31300,38500,69900,68000,99000,368200,168200,64700,75300,80200,76400,5386353,4573000,0,0,0,0,0,
600011.SH,600011,20251209,93200000,78200,15000,117197,936,0,,,1070000,8347906,78200,77800,78200,78000,78200,78300,78400,78500,78600,78700,78800,78900,79000,79100,328200,204800,104000,263711,189000,123400,357800,227600,248700,167800,78100,78000,77900,77800,77700,77600,77500,77400,77300,77200,13900,31300,38400,69900,68000,100000,368200,168200,64700,75300,80200,76400,5382153,4573400,0,0,0,0,0,
600011.SH,600011,20251209,93203000,78200,445100,3478522,1104,0,,,1515100,11826428,78200,77800,78200,78000,78300,78400,78500,78600,78700,78800,78900,79000,79100,79200,238800,104000,263711,189000,123400,357800,227600,248700,167800,476100,78200,78100,78000,77900,77800,77700,77600,77500,77400,77300,70200,5900,28200,30500,89800,68000,96100,368200,168200,64700,80310,76420,5087953,4640600,0,0,0,0,0,
600011.SH,600011,20251209,93206000,78200,63900,500308,1129,0,,,1579000,12326736,78300,77800,78200,78000,78300,78400,78500,78600,78700,78800,78900,79000,79100,79200,177800,104000,263711,189000,123400,357800,227600,248700,167800,479500,78200,78100,78000,77900,77800,77700,77600,77500,77400,77300,102700,7100,28100,30500,89700,68000,96100,368200,168200,64700,80340,76430,5031453,4674100,0,0,0,0,0,
600011.SH,600011,20251209,93209000,78300,29500,230947,1144,0,,,1608500,12557683,78300,77800,78200,78000,78300,78400,78500,78600,78700,78800,78900,79000,79100,79200,152100,104000,264011,189000,123400,357800,227600,248700,167800,479500,78200,78100,78000,77900,77800,77700,77600,77500,77400,77300,102200,6900,28100,30500,89700,68000,96100,368200,168200,64700,80350,76440,5008253,4679600,0,0,0,0,0,
600011.SH,600011,20251209,93212000,78200,14700,115080,1168,0,,,1623200,12672763,78300,77800,78200,78000,78300,78400,78500,78600,78700,78800,78900,79000,79100,79200,129500,104000,264011,189000,123400,357800,225600,248700,167800,479500,78200,78100,78000,77900,77800,77700,77600,77500,77400,77300,100500,6900,28100,31500,92700,68000,96900,368200,168200,64700,80360,76440,4984353,4683700,0,0,0,0,0,
600011.SH,600011,20251209,93215000,78300,50100,391900,1182,0,,,1673300,13064663,78300,77800,78200,78000,78300,78400,78500,78600,78700,78800,78900,79000,79100,79200,117800,94000,264011,189000,123400,357800,215600,248700,167800,479500,78200,78100,78000,77900,77800,77700,77600,77500,77400,77300,63500,5900,28100,31500,97500,67100,96900,348200,168200,64700,80390,76420,4984753,4633800,0,0,0,0,0,
600011.SH,600011,20251209,93218000,78200,7200,56304,1186,0,,,1680500,13120967,78300,77800,78200,78000,78300,78400,78500,78600,78700,78800,78900,79000,79100,79200,86300,94000,264011,193000,123400,357800,215600,248700,168200,479500,78200,78100,78000,77900,77800,77700,77600,77500,77400,77300,60800,5900,28100,31500,91500,66600,96900,348200,168200,64700,80410,76420,4959653,4626600,0,0,0,0,0,
600011.SH,600011,20251209,93221000,78300,31500,246629,1194,0,,,1712000,13367596,78300,77800,78200,78000,78300,78400,78500,78600,78700,78800,78900,79000,79100,79200,56500,94000,276211,193000,123400,357800,215600,248700,168200,479500,78200,78100,78000,77900,77800,77700,77600,77500,77400,77300,58700,6400,28100,30300,94500,66600,100900,348200,168200,64700,80410,76420,4949253,4638000,0,0,0,0,0,
600011.SH,600011,20251209,93224000,78200,87600,685373,1218,0,,,1799600,14052969,78300,77800,78200,78000,78300,78400,78500,78600,78700,78800,78900,79000,79100,79200,37000,104000,276211,193000,123400,357800,215600,248700,168200,479500,78200,78100,78000,77900,77800,77700,77600,77500,77400,77300,11800,18000,28100,30300,92000,66600,100900,348500,168200,64700,80420,76400,4942753,4600700,0,0,0,0,0,
600011.SH,600011,20251209,93227000,78200,7700,60263,1226,0,,,1807300,14113232,78300,77800,78200,78000,78300,78400,78500,78600,78700,78800,78900,79000,79100,79200,32200,107300,276211,193000,123400,357800,215600,248700,168200,481100,78200,78100,78000,77900,77800,77700,77600,77500,77400,77300,13000,18000,28100,30300,92500,67000,100900,353500,168200,64700,80420,76410,4944053,4606000,0,0,0,0,0,
600011.SH,600011,20251209,93230000,78200,300,2346,1228,0,,,1807600,14115578,78300,77800,78200,78000,78300,78400,78500,78600,78700,78800,78900,79000,79100,79200,38500,107300,276211,198000,123400,357800,215600,248700,168200,481100,78200,78100,78000,77900,77800,77700,77600,77500,77400,77300,25700,19100,28100,30300,92500,67000,100900,353500,168200,64700,80410,76410,4956353,4619800,0,0,0,0,0,
600011.SH,600011,20251209,93233000,78200,3900,30502,1238,0,,,1811500,14146080,78300,77800,78200,78000,78300,78400,78500,78600,78700,78800,78900,79000,79100,79200,43500,144300,276211,198000,150400,357800,215600,248700,168200,481100,78200,78100,78000,77900,77800,77700,77600,77500,77400,77300,32800,18000,28100,30300,92500,67000,100900,353500,168200,65300,80390,76410,5028453,4628900,0,0,0,0,0,
600011.SH,600011,20251209,93236000,78200,1300,10170,1242,0,,,1812800,14156250,78300,77800,78200,78000,78300,78400,78500,78600,78700,78800,78900,79000,79100,79200,46800,144500,276211,198000,150400,357800,215600,248700,167800,481100,78200,78100,78000,77900,77800,77700,77600,77500,77400,77300,31900,18000,28100,30300,92500,67000,101400,353500,168200,65300,80390,76410,5033553,4628500,0,0,0,0,0,
600011.SH,600011,20251209,93239000,78200,22600,176952,1266,0,,,1835400,14333202,78300,77800,78200,78000,78300,78400,78500,78600,78700,78800,78900,79000,79100,79200,31600,144500,276211,198000,150400,357800,215600,248700,167800,481100,78200,78100,78000,77900,77800,77700,77600,77500,77400,77300,31300,18000,28100,35300,92500,67000,101400,353500,168200,65300,80390,76410,5018353,4632900,0,0,0,0,0,
600011.SH,600011,20251209,93242000,78100,88900,695687,1350,0,,,1924300,15028889,78300,77800,78200,78000,78400,78500,78600,78700,78800,78900,79000,79100,79200,79300,144500,276211,198000,150400,357800,215600,248700,167800,481100,9000,78100,78000,77900,77800,77700,77600,77500,77400,77300,77200,14900,28100,35300,91500,67000,101400,353500,168200,65300,83500,80410,76400,4989053,4597500,0,0,0,0,0,
600011.SH,600011,20251209,93245000,78300,148600,1164505,1406,0,,,2072900,16193394,78400,77800,78200,78000,78400,78500,78600,78700,78800,78900,79000,79100,79200,79300,30400,277211,198000,150400,357800,215600,248700,168300,481100,9000,78300,78200,78100,78000,77900,77800,77700,77600,77500,77400,17500,18000,32300,28100,35300,91300,67000,101400,353500,168200,80450,76420,4876453,4650200,0,0,0,0,0,
600011.SH,600011,20251209,93248000,78300,70600,553126,1485,0,,,2143500,16746520,78500,77800,78200,78000,78300,78500,78600,78700,78800,78900,79000,79100,79200,79300,12900,277111,200000,150400,384800,215600,248700,168300,481100,9000,78200,78100,78000,77900,77800,77700,77600,77500,77400,77300,37100,34100,24500,35000,93300,69200,101400,351300,168200,65300,80450,76420,4888053,4651700,0,0,0,0,0,
600011.SH,600011,20251209,93251000,78400,146100,1146476,1525,0,,,2289600,17892996,78500,77800,78200,78000,78500,78600,78700,78800,78900,79000,79100,79200,79300,79400,158911,220000,158400,384800,225800,248700,168300,481100,9000,301242,78400,78300,78200,78100,78000,77900,77800,77700,77600,77500,24500,218700,60500,34300,25000,36000,96300,69000,101400,351300,80490,76530,4797653,4922800,0,0,0,0,0,
600011.SH,600011,20251209,93254000,78500,64400,505220,1563,0,,,2354000,18398216,78500,77800,78200,78000,78500,78600,78700,78800,78900,79000,79100,79200,79300,79400,130411,222000,158400,384800,225800,250700,168300,481100,9000,301242,78400,78300,78200,78100,78000,77900,77800,77700,77600,77500,19400,191800,60500,34300,24400,36000,96300,69000,101400,351300,80500,76510,4776353,4868500,0,0,0,0,0,
600011.SH,600011,20251209,93257000,78500,3200,25108,1566,0,,,2357200,18423324,78500,77800,78200,78000,78500,78600,78700,78800,78900,79000,79100,79200,79300,79400,128411,222600,158400,384800,225800,250700,168300,481100,9000,301242,78400,78300,78200,78100,78000,77900,77800,77700,77600,77500,20600,191800,60500,34300,24400,36000,96300,67000,101400,351300,80500,76510,4774953,4867700,0,0,0,0,0,
600011.SH,600011,20251209,93300000,78400,26200,205408,1580,0,,,2383400,18628732,78500,77800,78200,78000,78500,78600,78700,78800,78900,79000,79100,79200,79300,79400,134811,244600,158400,384800,225800,250700,168300,481100,9000,301242,78400,78300,78200,78100,78000,77900,77800,77700,77600,77500,11700,202900,60500,23600,24400,36000,96300,67000,101400,351300,80490,76510,4803653,4859200,0,0,0,0,0,
600011.SH,600011,20251209,93303000,78400,4700,36860,1586,0,,,2388100,18665592,78500,77800,78200,78000,78500,78600,78700,78800,78900,79000,79100,79200,79300,79400,149811,244600,158400,384800,225800,252700,168300,481100,10300,301242,78400,78300,78200,78100,78000,77900,77800,77700,77600,77500,13500,201600,58600,24100,29400,36000,96300,67000,103400,351300,80480,76510,4821953,4865300,0,0,0,0,0,
600011.SH,600011,20251209,93306000,78400,81800,641351,1622,0,,,2469900,19306943,78500,77800,78200,78000,78500,78600,78700,78800,78900,79000,79100,79200,79300,79400,146411,246600,158400,384800,230800,253700,168300,481100,10300,301242,78400,78300,78200,78100,78000,77900,77800,77700,77600,77500,40600,201600,58600,24100,29400,36000,97800,67000,103400,351300,80470,76520,4815553,4894600,0,0,0,0,0,
600011.SH,600011,20251209,93309000,78500,66600,522708,1655,0,,,2536500,19829651,78500,77800,78200,78000,78500,78600,78700,78800,78900,79000,79100,79200,79300,79400,93611,246600,158400,385800,230800,253700,168300,481100,10300,301242,78400,78300,78200,78100,78000,77900,77800,77700,77600,77500,92300,202600,58600,24100,29400,36000,97800,67000,103400,351300,80500,76540,4767553,4947300,0,0,0,0,0,
600011.SH,600011,20251209,93312000,78500,22900,179762,1691,0,,,2559400,20009413,78500,77800,78200,78000,78500,78600,78700,78800,78900,79000,79100,79200,79300,79400,74311,247600,179200,385800,240800,253700,168300,481100,10300,301242,78400,78300,78200,78100,78000,77900,77800,77700,77600,77500,61400,202600,58600,24100,29400,36000,97800,67000,103400,351300,80490,76530,4780553,4916400,0,0,0,0,0,
600011.SH,600011,20251209,93315000,78500,12500,98098,1705,0,,,2571900,20107511,78500,77800,78200,78000,78500,78600,78700,78800,78900,79000,79100,79200,79300,79400,66811,248900,179200,385800,240800,261200,168300,481100,10300,301242,78400,78300,78200,78100,78000,77900,77800,77700,77600,77500,68000,202600,58600,24100,30200,36000,97800,67000,103400,351300,80490,76530,4788353,4923800,0,0,0,0,0,
600011.SH,600011,20251209,93318000,78500,1400,10977,1709,0,,,2573300,20118488,78500,77800,78200,78000,78500,78600,78700,78800,78900,79000,79100,79200,79300,79400,76811,248900,179200,485800,240800,262200,168300,482000,10300,301242,78400,78300,78200,78100,78000,77900,77800,77700,77600,77500,63500,203300,58600,24100,30200,36000,93500,67000,103400,357300,80470,76530,4897253,4921700,0,0,0,0,0,
600011.SH,600011,20251209,93321000,78600,133000,1044096,1763,0,,,2706300,21162584,78600,77800,78200,78000,78600,78700,78800,78900,79000,79100,79200,79300,79400,79500,236511,179200,485800,240800,262200,168300,482400,10300,301242,161800,78500,78400,78300,78200,78100,78000,77900,77800,77700,77600,22000,58900,201900,58600,24500,38000,36000,93500,67000,103400,80500,76540,4808453,4945500,0,0,0,0,0,
600011.SH,600011,20251209,93324000,78500,5000,39250,1766,0,,,2711300,21201834,78600,77800,78200,78000,78600,78700,78800,78900,79000,79100,79200,79300,79400,79500,237911,180400,485800,340800,262200,168300,482400,10300,301242,161800,78500,78400,78300,78200,78100,78000,77900,77800,77700,77600,19500,59700,201900,58600,25400,38000,37000,93500,67000,103400,80470,76540,4909053,4945700,0,0,0,0,0,
600011.SH,600011,20251209,93327000,78600,29700,233184,1807,0,,,2741000,21435018,78600,77800,78200,78000,78600,78700,78800,78900,79000,79100,79200,79300,79400,79500,234211,182000,485800,340800,262200,168300,482400,10300,301242,161800,78500,78400,78300,78200,78100,78000,77900,77800,77700,77600,13800,78100,201900,40000,25400,38000,37000,93500,67000,103400,80470,76540,4908453,4939800,0,0,0,0,0,
600011.SH,600011,20251209,93330000,78500,38300,300517,1840,0,,,2779300,21735535,78600,77800,78200,78000,78600,78700,78800,78900,79000,79100,79200,79300,79400,79500,243011,182500,485500,341800,262200,168300,482400,10300,301242,161800,78500,78400,78300,78200,78100,78000,77900,77800,77700,77600,5300,63100,201900,40000,25400,39500,37000,93500,67200,108400,80470,76530,4918653,4923000,0,0,0,0,0,
600011.SH,600011,20251209,93333000,78600,37000,290518,1851,0,,,2816300,22026053,78600,77800,78200,78000,78600,78700,78800,78900,79000,79100,79200,79300,79400,79500,251611,189300,485500,341800,462200,168300,480800,10300,301242,161800,78500,78400,78300,78200,78100,78000,77900,77800,77700,77600,15600,63000,201900,40000,26400,40500,37000,93500,67200,108400,80410,76540,5133753,4935200,0,0,0,0,0,
600011.SH,600011,20251209,93336000,78600,23300,183111,1858,0,,,2839600,22209164,78600,77800,78200,78000,78600,78700,78800,78900,79000,79100,79200,79300,79400,79500,237411,189300,487500,341800,462200,168300,480800,10300,301242,166800,78500,78400,78300,78200,78100,78000,77900,77800,77700,77600,14600,73000,201900,40000,26400,40500,37000,93500,67200,106600,80410,76540,5123853,4942400,0,0,0,0,0,
600011.SH,600011,20251209,93339000,78500,800,6284,1861,0,,,2840400,22215448,78600,77800,78200,78000,78600,78700,78800,78900,79000,79100,79200,79300,79400,79500,238311,192900,487600,341800,462200,168700,480800,10300,301242,166800,78500,78400,78300,78200,78100,78000,77900,77800,77700,77600,18600,73000,201900,40000,26400,40500,37000,93500,67200,105300,80410,76540,5132653,4940100,0,0,0,0,0,
600011.SH,600011,20251209,93342000,78500,4300,33755,1865,0,,,2844700,22249203,78600,77800,78200,78000,78600,78700,78800,78900,79000,79100,79200,79300,79400,79500,284911,194900,487100,341800,462200,168700,480800,10300,301242,166800,78500,78400,78300,78200,78100,78000,77900,77800,77700,77600,24400,86700,206700,40000,26400,40500,37000,93500,67200,105300,80390,76550,5183253,4954400,0,0,0,0,0,
600011.SH,600011,20251209,93345000,78600,9700,76239,1869,0,,,2854400,22325442,78600,77800,78200,78000,78600,78700,78800,78900,79000,79100,79200,79300,79400,79500,279611,194900,487100,368800,462200,168700,480800,10300,301242,175500,78500,78400,78300,78200,78100,78000,77900,77800,77700,77600,30100,86700,206700,40000,26400,40500,39800,90500,67200,105300,80390,76550,5213653,4959900,0,0,0,0,0,
600011.SH,600011,20251209,93348000,78600,23400,183824,1882,0,,,2877800,22509266,78600,77800,78200,78000,78600,78700,78800,78900,79000,79100,79200,79300,79400,79500,278011,195300,487100,375200,462200,469700,480800,10300,301242,175500,78500,78400,78300,78200,78100,78000,77900,77800,77700,77600,27700,86700,206700,40000,26400,50500,39800,92500,67200,105300,80320,76550,5530453,4969500,0,0,0,0,0,
600011.SH,600011,20251209,93351000,78500,66800,524391,1900,0,,,2944600,23033657,78600,77800,78200,78000,78600,78700,78800,78900,79000,79100,79200,79300,79400,79500,296611,195300,468400,375200,447600,469700,480800,10300,301242,175500,78500,78400,78300,78200,78100,78000,77900,77800,77700,77600,24800,86700,206700,40000,26400,50500,39800,91800,67200,105300,80320,76550,5519753,4965900,0,0,0,0,0,
600011.SH,600011,20251209,93354000,78600,105100,826034,1923,0,,,3049700,23859691,78600,77800,78200,78000,78600,78700,78800,78900,79000,79100,79200,79300,79400,79500,199911,205900,468100,375200,449600,473700,480800,10300,301242,175500,78500,78400,78300,78200,78100,78000,77900,77800,77700,77600,23100,86700,206700,41600,26400,50500,39800,91800,67200,105300,80350,76550,5445453,4967800,0,0,0,0,0,
600011.SH,600011,20251209,93357000,78600,45900,360639,1952,0,,,3095600,24220330,78600,77800,78200,78000,78600,78700,78800,78900,79000,79100,79200,79300,79400,79500,163411,207400,468100,375200,459200,473700,480800,10300,301242,175500,78500,78400,78300,78200,78100,78000,77900,77800,77700,77600,35800,91400,206600,41600,26400,50500,39800,91800,67200,105300,80360,76560,5425653,4985100,0,0,0,0,0,
600011.SH,600011,20251209,93400000,78600,6200,48728,1967,0,,,3101800,24269058,78600,77800,78200,78000,78600,78700,78800,78900,79000,79100,79200,79300,79400,79500,161211,220000,470100,375200,459200,473700,482800,10300,301242,175500,78500,78400,78300,78200,78100,78000,77900,77800,77700,77600,47200,91400,206600,41600,25400,50500,42000,91800,65000,105300,80360,76560,5441753,4995500,0,0,0,0,0,
600011.SH,600011,20251209,93403000,78600,282711,2222425,2052,0,,,3384511,26491483,78700,77800,78200,78000,78700,78800,78900,79000,79100,79200,79300,79400,79500,79600,182700,472100,375200,459200,473700,482800,10300,301242,179500,253300,78600,78500,78400,78300,78200,78100,78000,77900,77800,77700,93700,50900,81400,193700,41600,25100,50500,46000,90900,65100,80420,76590,5245942,5072900,0,0,0,0,0,
600011.SH,600011,20251209,93406000,78600,34400,270533,2068,0,,,3418911,26762016,78700,77800,78200,78000,78700,78800,78900,79000,79100,79200,79300,79400,79500,79600,169800,472100,375200,459300,473700,487800,10300,304242,179500,253300,78600,78500,78400,78300,78200,78100,78000,77900,77800,77700,104300,63900,80000,182400,39700,25100,51500,46000,96300,65100,80420,76600,5246642,5088300,0,0,0,0,0,
600011.SH,600011,20251209,93409000,78700,12700,99916,2084,0,,,3431611,26861932,78700,77800,78200,78000,78700,78800,78900,79000,79100,79200,79300,79400,79500,79600,160700,472100,375200,460300,473700,487800,10300,305242,179500,253900,78600,78500,78400,78300,78200,78100,78000,77900,77800,77700,100800,63900,80000,182400,39700,25100,51500,46000,96300,65100,80430,76600,5244442,5084800,0,0,0,0,0,
600011.SH,600011,20251209,93412000,78600,42300,332572,2098,0,,,3473911,27194504,78700,77800,78200,78000,78700,78800,78900,79000,79100,79200,79300,79400,79500,79600,153200,473900,377200,459300,473700,487800,10300,305242,180500,253900,78600,78500,78400,78300,78200,78100,78000,77900,77800,77700,57100,65900,80000,182400,39700,25100,51500,46000,96300,65100,80430,76580,5242242,5043100,0,0,0,0,0,
600011.SH,600011,20251209,93415000,78600,23500,184821,2116,0,,,3497411,27379325,78700,77800,78200,78000,78700,78800,78900,79000,79100,79200,79300,79400,79500,79600,163100,473900,377200,459300,473700,488300,10300,305242,180500,253900,78600,78500,78400,78300,78200,78100,78000,77900,77800,77700,52800,65900,80000,182400,46700,25100,50700,46000,96300,65100,80420,76580,5252742,5045000,0,0,0,0,0,
600011.SH,600011,20251209,93418000,78600,13500,106132,2125,0,,,3510911,27485457,78700,77800,78200,78000,78700,78800,78900,79000,79100,79200,79300,79400,79500,79600,179400,473900,377200,459300,476300,488800,10300,305242,202400,253900,78600,78500,78400,78300,78200,78100,78000,77900,77800,77700,43100,65900,80000,185100,46700,25100,42900,46000,96300,65100,80410,76580,5296042,5030200,0,0,0,0,0,
600011.SH,600011,20251209,93421000,78600,43800,344268,2171,0,,,3554711,27829725,78700,77800,78200,78000,78600,78700,78800,78900,79000,79100,79200,79300,79400,79500,26100,189700,487500,378200,459300,476300,488800,12300,305242,202400,78500,78400,78300,78200,78100,78000,77900,77800,77700,77600,56900,80000,183200,71800,25100,42900,46000,96300,65100,105300,80400,76560,5355942,5001300,0,0,0,0,0,
600011.SH,600011,20251209,93424000,78500,2500,19625,2174,0,,,3557211,27849350,78700,77800,78200,78000,78600,78700,78800,78900,79000,79100,79200,79300,79400,79500,48000,209700,487000,378200,459300,475900,488800,12300,305242,202400,78500,78400,78300,78200,78100,78000,77900,77800,77700,77600,55600,80000,183200,71800,25100,42900,46000,96300,65100,105300,80390,76560,5397342,5000000,0,0,0,0,0,
600011.SH,600011,20251209,93427000,78500,34600,271613,2201,0,,,3591811,28120963,78700,77800,78200,78000,78600,78700,78800,78900,79000,79100,79200,79300,79400,79500,56700,223800,498200,378200,459300,475900,488900,12300,305242,202700,78500,78400,78300,78200,78100,78000,77900,77800,77700,77600,19200,79000,183200,71800,26000,42900,46000,96300,65100,105300,80370,76550,5460942,4963600,0,0,0,0,0,
600011.SH,600011,20251209,93430000,78500,6200,48689,2209,0,,,3598011,28169652,78700,77800,78200,78000,78600,78700,78800,78900,79000,79100,79200,79300,79400,79500,82500,254900,498200,378200,459300,473300,490900,15400,305242,203200,78500,78400,78300,78200,78100,78000,77900,77800,77700,77600,20900,84500,183200,71800,29700,42900,46000,96300,65100,105300,80350,76550,5517842,4974500,0,0,0,0,0,
600011.SH,600011,20251209,93433000,78500,27700,217445,2245,0,,,3625711,28387097,78700,77800,78200,78000,78500,78600,78700,78800,78900,79000,79100,79200,79300,79400,500,90300,254900,494400,378200,469300,473300,491100,15400,305242,78400,78300,78200,78100,78000,77900,77800,77700,77600,77500,87000,183200,71800,29700,42900,46000,97700,65100,105300,358900,80350,76540,5532542,4957500,0,0,0,0,0,
600011.SH,600011,20251209,93436000,78500,6900,54165,2273,0,,,3632611,28441262,78700,77800,78200,78000,78500,78600,78700,78800,78900,79000,79100,79200,79300,79400,25800,182100,255100,494400,381200,471600,473300,491100,16400,305242,78400,78300,78200,78100,78000,77900,77800,77700,77600,77500,87000,186000,71800,28000,42900,46000,97700,65100,105300,358900,80320,76530,5667542,4824600,0,0,0,0,0,
600011.SH,600011,20251209,93439000,78500,28500,223722,2283,0,,,3661111,28664984,78700,77800,78200,78000,78600,78700,78800,78900,79000,79100,79200,79300,79400,79500,182100,255100,494400,381200,481600,473300,491100,16400,305242,218200,78500,78400,78300,78200,78100,78000,77900,77800,77700,77600,900,87800,186000,71800,28000,42900,46000,97700,65100,105300,80320,76530,5667042,4827600,0,0,0,0,0,
600011.SH,600011,20251209,93442000,78600,24400,191719,2300,0,,,3685511,28856703,78700,77800,78200,78000,78500,78600,78700,78800,78900,79000,79100,79200,79300,79400,300,165700,253100,494400,381200,483500,473300,491100,19000,305242,78400,78300,78200,78100,78000,77900,77800,77700,77600,77500,95700,191000,71800,27900,45900,46000,97700,67100,105300,358900,80340,76540,5703742,4844500,0,0,0,0,0,
600011.SH,600011,20251209,93445000,78500,7000,54939,2311,0,,,3692511,28911642,78700,77800,78200,78000,78500,78600,78700,78800,78900,79000,79100,79200,79300,79400,10000,171900,260300,494400,381200,485500,473300,491100,19000,305242,78400,78300,78200,78100,78000,77900,77800,77700,77600,77500,94600,194000,71800,27900,45900,48000,97700,67100,105300,358900,80330,76540,5727242,4848400,0,0,0,0,0,
600011.SH,600011,20251209,93448000,78600,27100,212758,2326,0,,,3719611,29124400,78700,77800,78200,78000,78600,78700,78800,78900,79000,79100,79200,79300,79400,79500,171400,259600,494400,382200,485500,473300,491100,19000,305242,220500,78400,78300,78200,78100,78000,77900,77800,77700,77600,77500,107300,194000,84800,27900,45900,48000,97700,67100,107300,358900,80330,76550,5722442,4876100,0,0,0,0,0,
600011.SH,600011,20251209,93451000,78600,8100,63631,2334,0,,,3727711,29188031,78700,77800,78200,78000,78600,78700,78800,78900,79000,79100,79200,79300,79400,79500,165200,259600,494400,382200,484600,473300,491100,19000,305242,220500,78400,78300,78200,78100,78000,77900,77800,77700,77600,77500,106200,194000,84800,27900,45900,48000,97700,67100,107300,358900,80340,76550,5715342,4875000,0,0,0,0,0,
600011.SH,600011,20251209,93454000,78500,24000,188398,2344,0,,,3751711,29376429,78700,77800,78200,78000,78600,78700,78800,78900,79000,79100,79200,79300,79400,79500,169300,264000,494400,382200,484600,473300,491100,19000,305242,220500,78400,78300,78200,78100,78000,77900,77800,77700,77600,77500,106000,194000,84800,27900,45900,48000,97700,87100,107300,358900,80330,76550,5724842,4894800,0,0,0,0,0,
600011.SH,600011,20251209,93457000,78500,15100,118658,2349,0,,,3766811,29495087,78700,77800,78200,78000,78600,78700,78800,78900,79000,79100,79200,79300,79400,79500,160500,264000,503200,381700,484600,483300,491100,20500,305242,220500,78500,78400,78300,78200,78100,78000,77900,77800,77700,77600,3500,103500,204000,84800,27900,45900,48000,97700,87100,107300,80330,76560,5735842,4905800,0,0,0,0,0,
600011.SH,600011,20251209,93500000,78600,1500,11786,2354,0,,,3768311,29506873,78700,77800,78200,78000,78600,78700,78800,78900,79000,79100,79200,79300,79400,79500,170400,264300,503200,392700,484600,483300,491100,20500,305242,220500,78500,78400,78300,78200,78100,78000,77900,77800,77700,77600,7100,104300,204000,84800,27900,47900,48000,97700,87100,107300,80330,76560,5763042,4912200,0,0,0,0,0,
600011.SH,600011,20251209,93503000,78600,300,2358,2355,0,,,3768611,29509231,78700,77800,78200,78000,78600,78700,78800,78900,79000,79100,79200,79300,79400,79500,179500,265300,503200,392700,506700,483300,496100,20500,305242,220500,78500,78400,78300,78200,78100,78000,77900,77800,77700,77600,8600,114300,204000,122600,33100,47900,48000,97700,87100,107300,80320,76580,5811242,4966700,0,0,0,0,0,
600011.SH,600011,20251209,93506000,78500,10400,81736,2365,0,,,3779011,29590967,78700,77800,78200,78000,78600,78700,78800,78900,79000,79100,79200,79300,79400,79500,225300,268700,503200,392700,506700,483300,496100,20500,305242,220500,78500,78400,78300,78200,78100,78000,77900,77800,77700,77600,9200,114300,204000,122600,48100,47900,48000,97700,87100,107300,80300,76580,5860442,4982300,0,0,0,0,0,
600011.SH,600011,20251209,93509000,78600,15100,118573,2376,0,,,3794111,29709540,78700,77800,78200,78000,78500,78600,78700,78800,78900,79000,79100,79200,79300,79400,300,222500,268700,503200,402700,508800,483800,511100,20500,305242,78400,78300,78200,78100,78000,77900,77800,77700,77600,77500,123600,204000,122600,48100,48100,48000,97700,87100,107300,358900,80280,76580,5862942,4982600,0,0,0,0,0,
600011.SH,600011,20251209,93512000,78400,25400,199357,2401,0,,,3819511,29908897,78700,77800,78200,78000,78500,78600,78700,78800,78900,79000,79100,79200,79300,79400,12000,228800,268700,523200,403700,518800,483800,511100,20500,306242,78400,78300,78200,78100,78000,77900,77800,77700,77600,77500,120200,204000,122600,48100,63100,48000,97700,87100,107300,358900,80260,76580,5913442,4994200,0,0,0,0,0,
600011.SH,600011,20251209,93515000,78500,9400,73790,2404,0,,,3828911,29982687,78700,77800,78200,78000,78500,78600,78700,78800,78900,79000,79100,79200,79300,79400,2800,238800,269700,524200,404200,518800,483800,511100,20500,306242,78400,78300,78200,78100,78000,77900,77800,77700,77600,77500,126600,204000,122600,48100,65100,70500,97700,87100,107300,358900,80280,76590,5933142,5025100,0,0,0,0,0,
600011.SH,600011,20251209,93518000,78500,2800,21977,2409,0,,,3831711,30004664,78700,77800,78200,78000,78500,78600,78700,78800,78900,79000,79100,79200,79300,79400,10000,240300,270700,524200,394200,525400,483800,511100,20800,306242,78400,78300,78200,78100,78000,77900,77800,77700,77600,77500,130500,204000,122600,48100,64100,70500,97700,87100,107300,359600,80290,76590,5955942,5028700,0,0,0,0,0,
600011.SH,600011,20251209,93521000,78400,4700,36890,2413,0,,,3836411,30041554,78700,77800,78200,78000,78500,78600,78700,78800,78900,79000,79100,79200,79300,79400,14100,241400,270700,524200,394200,525400,483800,511100,20800,306242,78400,78300,78200,78100,78000,77900,77800,77700,77600,77500,130400,204000,122600,48100,64100,70500,107900,87100,107600,359600,80280,76600,5969142,5039100,0,0,0,0,0,
600011.SH,600011,20251209,93524000,78500,10200,80067,2421,0,,,3846611,30121621,78700,77800,78200,78000,78500,78600,78700,78800,78900,79000,79100,79200,79300,79400,9600,249700,270700,533000,394200,526400,485100,511100,20800,306242,78400,78300,78200,78100,78000,77900,77800,77700,77600,77500,130000,204000,122600,48100,64100,71800,107900,87100,107600,359600,80280,76600,5986742,5040000,0,0,0,0,0,
600011.SH,600011,20251209,93527000,78500,16600,130284,2439,0,,,3863211,30251905,78700,77800,78200,78000,78600,78700,78800,78900,79000,79100,79200,79300,79400,79500,255000,272600,533000,393200,526400,485100,510900,20800,306242,229400,78500,78400,78300,78200,78100,78000,77900,77800,77700,77600,700,155300,201300,121000,48100,66100,71800,107900,87100,107600,80280,76600,5983142,5063700,0,0,0,0,0,
600011.SH,600011,20251209,93530000,78500,12800,100480,2453,0,,,3876011,30352385,78700,77800,78200,78000,78600,78700,78800,78900,79000,79100,79200,79300,79400,79500,260400,269200,533000,393200,525400,485100,510900,21300,306242,229400,78500,78400,78300,78200,78100,78000,77900,77800,77700,77600,27800,150900,201300,121000,48100,66100,71800,107900,87100,107600,80280,76610,5984942,5086400,0,0,0,0,0,
600011.SH,600011,20251209,93533000,78500,17400,136590,2459,0,,,3893411,30488975,78700,77800,78200,78000,78600,78700,78800,78900,79000,79100,79200,79300,79400,79500,264700,260648,534500,393200,525400,485100,510900,21300,306242,229400,78500,78400,78300,78200,78100,78000,77900,77800,77700,77600,36900,155400,201000,113200,48100,66100,71800,107900,87100,107600,80280,76620,5985490,5096900,0,0,0,0,0,
600011.SH,600011,20251209,93536000,78500,24600,193110,2466,0,,,3918011,30682085,78700,77800,78200,78000,78600,78700,78800,78900,79000,79100,79200,79300,79400,79500,277100,260648,534500,393200,525400,485100,510900,21300,306242,229400,78500,78400,78300,78200,78100,78000,77900,77800,77700,77600,57100,153600,201000,116700,48100,68100,71800,107800,87100,107600,80280,76620,5999990,5120700,0,0,0,0,0,
600011.SH,600011,20251209,93539000,78500,13000,102050,2477,0,,,3931011,30784135,78700,77800,78200,78000,78600,78700,78800,78900,79000,79100,79200,79300,79400,79500,271200,260648,534500,394200,525400,485100,510900,21300,306242,229400,78500,78400,78300,78200,78100,78000,77900,77800,77700,77600,47800,153600,201100,116700,48100,68100,71800,107800,87100,107600,80280,76620,5995590,5111500,0,0,0,0,0,
600011.SH,600011,20251209,93542000,78500,26900,211168,2490,0,,,3957911,30995303,78700,77800,78200,78000,78500,78600,78700,78800,78900,79000,79100,79200,79300,79400,15300,307200,259148,544500,394200,525400,485100,510900,21300,306242,78400,78300,78200,78100,78000,77900,77800,77700,77600,77500,153600,196100,116700,48100,68100,71800,107700,87100,107600,359600,80260,76600,6059990,5058600,0,0,0,0,0,
600011.SH,600011,20251209,93545000,78500,25100,197033,2521,0,,,3983011,31192336,78700,77800,78200,78000,78600,78700,78800,78900,79000,79100,79200,79300,79400,79500,309100,257148,544500,395200,525400,485100,510900,21300,306242,229400,78500,78400,78300,78200,78100,78000,77900,77800,77700,77600,14300,153700,196100,117300,55900,68100,71800,107700,87100,107600,80270,76610,6045590,5081400,0,0,0,0,0,
600011.SH,600011,20251209,93548000,78600,28000,219876,2547,0,,,4011011,31412212,78700,77800,78200,78000,78600,78700,78800,78900,79000,79100,79200,79300,79400,79500,296700,257148,544500,395200,526400,485100,505900,21300,306242,229400,78500,78400,78300,78200,78100,78000,77900,77800,77700,77600,100,153500,197200,117300,55900,68100,71800,107700,87100,107600,80270,76600,6026090,5068100,0,0,0,0,0,
600011.SH,600011,20251209,93551000,78600,0,0,2547,0,,,4011011,31412212,78700,77800,78200,78000,78600,78700,78800,78900,79000,79100,79200,79300,79400,79500,306300,288548,549500,395200,538400,485100,508500,21300,306242,229400,78500,78400,78300,78200,78100,78000,77900,77800,77700,77600,19000,158300,197200,117300,55900,68100,71800,98500,87100,107600,80260,76610,6086690,5082600,0,0,0,0,0,
600011.SH,600011,20251209,93554000,78500,53700,421869,2580,0,,,4064711,31834081,78700,77800,78200,78000,78600,78700,78800,78900,79000,79100,79200,79300,79400,79500,276000,291148,549500,400200,538400,485100,508500,21300,306242,229400,78500,78400,78300,78200,78100,78000,77900,77800,77700,77600,37400,158300,197200,117300,55900,68100,71800,98500,87100,107600,80280,76620,6085690,5102100,0,0,0,0,0,
600011.SH,600011,20251209,93557000,78600,276600,2174073,2648,0,,,4341311,34008154,78700,77800,78200,78000,78700,78800,78900,79000,79100,79200,79300,79400,79500,79600,291148,544800,400200,548400,485100,508500,21300,306242,229400,254400,78600,78500,78400,78300,78200,78100,78000,77900,77800,77700,11600,45100,158300,197200,117300,55900,68100,61800,98500,87100,80360,76620,5818290,5111400,0,0,0,0,0,
600011.SH,600011,20251209,93600000,78600,7900,62095,2653,0,,,4349211,34070249,78700,77800,78200,78000,78700,78800,78900,79000,79100,79200,79300,79400,79500,79600,293048,544800,400200,548800,485100,508500,21300,306242,230700,254400,78600,78500,78400,78300,78200,78100,78000,77900,77800,77700,106600,45400,158300,197200,117300,55900,68100,61800,98500,87100,80360,76660,5823890,5206700,0,0,0,0,0,
600011.SH,600011,20251209,93603000,78600,37200,292742,2671,0,,,4386411,34362991,78700,77800,78200,78000,78700,78800,78900,79000,79100,79200,79300,79400,79500,79600,258048,544800,400500,548800,485100,508500,21300,306242,230700,254400,78600,78500,78400,78300,78200,78100,78000,77900,77800,77700,104900,45700,157300,197200,117300,55900,68100,61800,99500,87100,80370,76660,5790690,5204300,0,0,0,0,0,
600011.SH,600011,20251209,93606000,78600,13200,103881,2690,0,,,4399611,34466872,78700,77800,78200,78000,78700,78800,78900,79000,79100,79200,79300,79400,79500,79600,255148,545500,400500,548800,485100,508500,21300,306242,231700,254700,78600,78500,78400,78300,78200,78100,78000,77900,77800,77700,108300,48700,157300,194000,117300,48100,68100,61800,102800,87100,80370,76660,5790790,5203200,0,0,0,0,0,
600011.SH,600011,20251209,93609000,78600,5700,44847,2698,0,,,4405311,34511719,78700,77800,78200,78000,78700,78800,78900,79000,79100,79200,79300,79400,79500,79600,252648,546100,400500,548800,485100,508500,21300,306242,231700,254700,78600,78500,78400,78300,78200,78100,78000,77900,77800,77700,111700,51600,157300,194000,117300,48100,68100,61800,102800,87100,80370,76660,5788890,5210000,0,0,0,0,0,
600011.SH,600011,20251209,93612000,78600,0,0,2698,0,,,4405311,34511719,78700,77800,78200,78000,78700,78800,78900,79000,79100,79200,79300,79400,79500,79600,256148,546100,400500,548800,485100,508500,21300,306242,231700,254700,78600,78500,78400,78300,78200,78100,78000,77900,77800,77700,112200,51600,162200,194000,123700,48100,68100,61800,102800,87100,80380,76660,5799290,5224100,0,0,0,0,0,
600011.SH,600011,20251209,93615000,78700,42200,331772,2717,0,,,4447511,34843491,78700,77800,78200,78000,78700,78800,78900,79000,79100,79200,79300,79400,79500,79600,271448,546100,400500,548800,485100,508500,21300,306242,231700,254700,78600,78500,78400,78300,78200,78100,78000,77900,77800,77700,82300,52400,162200,194000,123700,48100,68100,61800,102800,87100,80380,76650,5821590,5195000,0,0,0,0,0,
600011.SH,600011,20251209,93618000,78700,5600,44040,2723,0,,,4453111,34887531,78700,77800,78200,78000,78700,78800,78900,79000,79100,79200,79300,79400,79500,79600,274048,547200,400500,548800,485100,508500,21300,306242,231700,255700,78600,78500,78400,78300,78200,78100,78000,77900,77800,77700,90600,52400,162200,194000,112000,46200,68100,61800,101700,87100,80370,76650,5827590,5188600,0,0,0,0,0,
600011.SH,600011,20251209,93621000,78600,1300,10218,2725,0,,,4454411,34897749,78700,77800,78200,78000,78700,78800,78900,79000,79100,79200,79300,79400,79500,79600,274948,547200,400500,548800,485100,508500,21300,305242,231700,255700,78600,78500,78400,78300,78200,78100,78000,77900,77800,77700,94300,52400,159100,194000,111800,46200,68100,61800,101400,87100,80380,76650,5830490,5191100,0,0,0,0,0,
600011.SH,600011,20251209,93624000,78600,150500,1182935,2819,0,,,4604911,36080684,78700,77800,78200,78000,78700,78800,78900,79000,79100,79200,79300,79400,79500,79600,275348,547200,398100,548800,485100,508500,21300,305242,231700,255700,78600,78500,78400,78300,78200,78100,78000,77900,77800,77700,41000,74100,152600,194000,111800,46200,68100,61800,101400,87100,80380,76640,5830490,5153000,0,0,0,0,0,
600011.SH,600011,20251209,93627000,78700,900,7080,2826,0,,,4605811,36087764,78700,77800,78200,78000,78700,78800,78900,79000,79100,79200,79300,79400,79500,79600,285648,552200,398100,548800,485100,508500,21300,305242,199100,255700,78600,78500,78400,78300,78200,78100,78000,77900,77800,77700,68900,74100,152600,194000,111800,46200,68100,61800,101400,87100,80380,76650,5814190,5180900,0,0,0,0,0,
600011.SH,600011,20251209,93630000,78600,5800,45633,2842,0,,,4611611,36133397,78700,77800,78200,78000,78700,78800,78900,79000,79100,79200,79300,79400,79500,79600,285648,557200,398100,551000,485100,508500,21300,305242,199100,255700,78600,78500,78400,78300,78200,78100,78000,77900,77800,77700,75900,72400,152600,194000,111800,46200,68100,61800,101400,87100,80380,76650,5826390,5186200,0,0,0,0,0,
600011.SH,600011,20251209,93633000,78600,3000,23580,2857,0,,,4614611,36156977,78700,77800,78200,78000,78700,78800,78900,79000,79100,79200,79300,79400,79500,79600,291148,557200,399100,551000,485100,508500,21300,305242,199100,255700,78600,78500,78400,78300,78200,78100,78000,77900,77800,77700,83000,73400,152600,197500,126000,46200,68100,61800,101400,87100,80380,76660,5832890,5212000,0,0,0,0,0,
600011.SH,600011,20251209,93636000,78600,33100,260280,2889,0,,,4647711,36417257,78700,77800,78200,78000,78700,78800,78900,79000,79100,79200,79300,79400,79500,79600,307448,555700,399100,552400,485100,508500,21300,305242,199100,255700,78600,78500,78400,78300,78200,78100,78000,77900,77800,77700,70000,73400,152600,197500,126000,46200,68100,61800,101400,87100,80370,76650,5854390,5199000,0,0,0,0,0,
600011.SH,600011,20251209,93639000,78600,35800,281619,2899,0,,,4683511,36698876,78700,77800,78200,78000,78700,78800,78900,79000,79100,79200,79300,79400,79500,79600,306848,555700,399100,553300,485200,508500,21300,305242,202100,255700,78600,78500,78400,78300,78200,78100,78000,77900,77800,77700,73300,73400,152600,197500,125600,61200,68100,61800,101400,87100,80370,76660,5857790,5216900,0,0,0,0,0,
600011.SH,600011,20251209,93642000,78700,16500,129734,2913,0,,,4700011,36828610,78700,77800,78200,78000,78700,78800,78900,79000,79100,79200,79300,79400,79500,79600,307548,560000,399100,553300,485200,508500,21300,305242,202100,255700,78600,78500,78400,78300,78200,78100,78000,77900,77800,77700,45300,73400,152100,197500,125600,61200,68100,61800,101400,87100,80370,76650,5866290,5188400,0,0,0,0,0,
600011.SH,600011,20251209,93645000,78600,64100,503826,2935,0,,,4764111,37332436,78700,77800,78200,78000,78700,78800,78900,79000,79100,79200,79300,79400,79500,79600,307548,560000,410000,553400,485200,509500,21300,305242,202100,255700,78600,78500,78400,78300,78200,78100,78000,77900,77800,77700,2100,73400,152100,197500,125600,61200,68100,61800,101400,87100,80370,76630,5878290,5145200,0,0,0,0,0,
600011.SH,600011,20251209,93648000,78700,16500,129756,2950,0,,,4780611,37462192,78700,77800,78200,78000,78700,78800,78900,79000,79100,79200,79300,79400,79500,79600,305848,556500,410000,553400,485200,509500,21400,305242,202100,255700,78600,78500,78400,78300,78200,78100,78000,77900,77800,77700,128500,88200,139300,197500,125600,61200,68100,61800,101400,87100,80370,76680,5873190,5273600,0,0,0,0,0,
600011.SH,600011,20251209,93651000,78600,15000,117943,2969,0,,,4795611,37580135,78700,77800,78200,78000,78700,78800,78900,79000,79100,79200,79300,79400,79500,79600,303348,556500,410000,553400,485200,509500,21400,305242,202100,255800,78600,78500,78400,78300,78200,78100,78000,77900,77800,77700,119500,93200,139300,197500,152800,57500,68100,56800,101400,87100,80370,76690,5881690,5293500,0,0,0,0,0,
600011.SH,600011,20251209,93654000,78600,15700,123550,2978,0,,,4811311,37703685,78700,77800,78200,78000,78700,78800,78900,79000,79100,79200,79300,79400,79500,79600,299448,556500,410000,553400,485200,509500,24000,305242,202100,255800,78600,78500,78400,78300,78200,78100,78000,77900,77800,77700,118600,93500,139300,197500,152800,58500,68100,56800,100400,88100,80370,76690,5879790,5293900,0,0,0,0,0,
600011.SH,600011,20251209,93657000,78600,32300,253897,2982,0,,,4843611,37957582,78700,77800,78200,78000,78700,78800,78900,79000,79100,79200,79300,79400,79500,79600,300548,556500,410000,553400,488100,509500,24000,305242,202100,255800,78600,78500,78400,78300,78200,78100,78000,77900,77800,77700,3100,93500,139300,197500,160600,59500,68600,56800,100400,88100,80370,76650,5883190,5189100,0,0,0,0,0,
600011.SH,600011,20251209,93700000,78700,4600,36159,2998,0,,,4848211,37993741,78700,77800,78200,78000,78700,78800,78900,79000,79100,79200,79300,79400,79500,79600,310248,556500,404300,553400,488000,509500,24000,305242,202100,255800,78600,78500,78400,78300,78200,78100,78000,77900,77800,77700,3700,70800,143000,197500,160600,59500,72600,56800,100400,88100,80370,76640,5887090,5174700,0,0,0,0,0,
600011.SH,600011,20251209,93703000,78600,20000,157276,3019,0,,,4868211,38151017,78700,77800,78200,78000,78700,78800,78900,79000,79100,79200,79300,79400,79500,79600,417348,556500,404300,553900,520600,509500,24000,305242,202100,255800,78600,78500,78400,78300,78200,78100,78000,77900,77800,77700,3100,75800,138200,197500,160600,59500,72600,56800,100400,88100,80330,76640,6028390,5174300,0,0,0,0,0,
600011.SH,600011,20251209,93706000,78600,33800,265668,3028,0,,,4902011,38416685,78700,77800,78200,78000,78600,78700,78800,78900,79000,79100,79200,79300,79400,79500,700,420748,556500,404300,490400,520600,509500,24000,305242,202100,78500,78400,78300,78200,78100,78000,77900,77800,77700,77600,75500,138200,197500,160600,59500,72600,56800,100400,88100,106600,80350,76640,5968990,5170900,0,0,0,0,0,
600011.SH,600011,20251209,93709000,78700,9400,73918,3041,0,,,4911411,38490603,78700,77800,78200,78000,78700,78800,78900,79000,79100,79200,79300,79400,79500,79600,473948,553500,404300,522400,520600,509500,24000,305242,202100,255800,78500,78400,78300,78200,78100,78000,77900,77800,77700,77600,75300,138200,197500,161100,59500,72600,56800,100400,88100,106600,80330,76640,6051990,5171200,0,0,0,0,0,
600011.SH,600011,20251209,93712000,78600,34700,272739,3048,0,,,4946111,38763342,78700,77800,78200,78000,78700,78800,78900,79000,79100,79200,79300,79400,79500,79600,526448,553900,406600,522400,520600,511500,24000,305242,202100,255800,78600,78500,78400,78300,78200,78100,78000,77900,77800,77700,42500,83600,137600,197500,161600,59500,72600,56800,100400,88100,80310,76660,6110890,5221900,0,0,0,0,0,
600011.SH,600011,20251209,93715000,78700,20900,164483,3060,0,,,4967011,38927825,78700,77800,78200,78000,78700,78800,78900,79000,79100,79200,79300,79400,79500,79600,473048,553900,406600,522500,520600,511500,24000,305242,211000,255800,78600,78500,78400,78300,78200,78100,78000,77900,77800,77700,43100,90600,137600,197500,161600,59500,72600,56800,100400,88100,80320,76660,6066490,5229500,0,0,0,0,0,
600011.SH,600011,20251209,93718000,78600,27800,218508,3065,0,,,4994811,39146333,78700,77800,78200,78000,78700,78800,78900,79000,79100,79200,79300,79400,79500,79600,492048,553900,406600,522500,520600,511500,24000,305242,211700,255800,78600,78500,78400,78300,78200,78100,78000,77900,77800,77700,27300,90600,137600,197500,161600,59500,72600,56800,100400,80800,80320,76650,6088190,5206400,0,0,0,0,0,
600011.SH,600011,20251209,93721000,78600,9000,70818,3070,0,,,5003811,39217151,78700,77800,78200,78000,78700,78800,78900,79000,79100,79200,79300,79400,79500,79600,537448,554400,406600,525500,520600,512500,24000,305242,211700,255800,78600,78500,78400,78300,78200,78100,78000,77900,77800,77700,29300,90600,137600,197500,161600,59500,72600,56800,100600,80800,80310,76650,6138090,5208600,0,0,0,0,0,
600011.SH,600011,20251209,93724000,78600,40500,318692,3083,0,,,5044311,39535843,78700,77800,78200,78000,78700,78800,78900,79000,79100,79200,79300,79400,79500,79600,501248,560400,407200,527500,520600,512500,24000,305242,211700,255800,78600,78500,78400,78300,78200,78100,78000,77900,77800,77700,34900,85600,137600,198000,161600,59500,72600,56800,100600,80800,80320,76650,6116690,5209700,0,0,0,0,0,
600011.SH,600011,20251209,93727000,78600,0,0,3083,0,,,5044311,39535843,78700,77800,78200,78000,78700,78800,78900,79000,79100,79200,79300,79400,79500,79600,515648,556600,407200,527500,520600,512500,24000,305242,211700,320300,78600,78500,78400,78300,78200,78100,78000,77900,77800,77700,39300,97600,137600,198000,161600,59500,72600,56800,100600,80800,80310,76660,6193590,5226200,0,0,0,0,0,
600011.SH,600011,20251209,93730000,78700,8600,67672,3088,0,,,5052911,39603515,78700,77800,78200,78000,78700,78800,78900,79000,79100,79200,79300,79400,79500,79600,507148,556600,407200,527500,521600,512500,24000,305242,211700,320300,78600,78500,78400,78300,78200,78100,78000,77900,77800,77700,39000,97800,137600,198000,161600,59500,72600,56800,100600,80800,80310,76660,6187890,5226100,0,0,0,0,0,
600011.SH,600011,20251209,93733000,78600,27600,216955,3105,0,,,5080511,39820470,78700,77800,78200,78000,78700,78800,78900,79000,79100,79200,79300,79400,79500,79600,511648,552800,407200,527500,521600,512500,24000,305242,211700,320300,78600,78500,78400,78300,78200,78100,78000,77900,77800,77700,14700,97800,137600,198000,161600,59500,72600,56800,100600,80800,80310,76650,6189790,5199200,0,0,0,0,0,
600011.SH,600011,20251209,93736000,78600,15000,117900,3125,0,,,5095511,39938370,78700,77800,78200,78000,78700,78800,78900,79000,79100,79200,79300,79400,79500,79600,511648,552800,407200,527500,521600,512500,24000,305242,211700,320300,78600,78500,78400,78300,78200,78100,78000,77900,77800,77700,2100,97800,137600,198000,161600,59500,72600,56800,100600,80800,80310,76650,6190490,5186600,0,0,0,0,0,
600011.SH,600011,20251209,93739000,78600,8300,65238,3136,0,,,5103811,40003608,78700,77800,78200,78000,78700,78800,78900,79000,79100,79200,79300,79400,79500,79600,511948,553800,407200,527400,521600,512500,24000,305242,211700,320300,78600,78500,78400,78300,78200,78100,78000,77900,77800,77700,3000,97800,137600,198000,161600,59500,72600,56800,100600,80800,80310,76650,6201590,5187500,0,0,0,0,0,
600011.SH,600011,20251209,93742000,78600,18600,146365,3149,0,,,5122411,40149973,78700,77800,78200,78000,78700,78800,78900,79000,79100,79200,79300,79400,79500,79600,498248,553800,407200,525400,521600,512500,24000,305242,211700,320300,78600,78500,78400,78300,78200,78100,78000,77900,77800,77700,1300,97800,137600,198000,161600,59500,72700,56800,100600,80800,80310,76650,6185890,5185900,0,0,0,0,0,
600011.SH,600011,20251209,93745000,78800,646148,5086614,3293,0,,,5768559,45236587,78800,77800,78200,78000,78800,78900,79000,79100,79200,79300,79400,79500,79600,79700,402000,407200,525400,521800,512500,24000,305242,211700,320300,33500,78700,78600,78500,78400,78300,78200,78100,78000,77900,77800,245700,81100,95500,137600,196100,161300,59500,58000,57800,64600,80500,76750,5537042,5458800,0,0,0,0,0,
600011.SH,600011,20251209,93748000,78800,122200,962522,3355,0,,,5890759,46199109,78800,77800,78200,78000,78800,78900,79000,79100,79200,79300,79400,79500,79600,79700,321500,407400,525400,521800,512500,24000,305242,211700,320300,33500,78700,78600,78500,78400,78300,78200,78100,78000,77900,77800,89900,86900,94400,137500,212800,161300,59500,58000,57800,64600,80520,76700,5456742,5324300,0,0,0,0,0,
600011.SH,600011,20251209,93751000,78800,6100,48055,3362,0,,,5896859,46247164,78800,77800,78200,78000,78800,78900,79000,79100,79200,79300,79400,79500,79600,79700,324400,407400,525400,521800,512500,24000,305242,211700,320300,33500,78700,78600,78500,78400,78300,78200,78100,78000,77900,77800,86100,86900,94400,137500,212800,161300,59500,58000,57800,64600,80520,76700,5463742,5320500,0,0,0,0,0,
600011.SH,600011,20251209,93754000,78700,14800,116476,3372,0,,,5911659,46363640,78800,77800,78200,78000,78800,78900,79000,79100,79200,79300,79400,79500,79600,79700,328000,407400,525400,521800,517500,24000,305242,211700,320300,33500,78700,78600,78500,78400,78300,78200,78100,78000,77900,77800,60200,131800,94400,93800,212800,161300,59500,58000,57800,64600,80520,76700,5482342,5295800,0,0,0,0,0,
600011.SH,600011,20251209,93757000,78700,15400,121198,3377,0,,,5927059,46484838,78800,77800,78200,78000,78800,78900,79000,79100,79200,79300,79400,79500,79600,79700,328000,415600,525200,548800,517500,24000,305242,211700,320300,33500,78700,78600,78500,78400,78300,78200,78100,78000,77900,77800,46400,131800,94400,93800,212800,161300,59500,58000,57800,64600,80510,76690,5517342,5282000,0,0,0,0,0,
600011.SH,600011,20251209,93800000,78700,14700,115755,3393,0,,,5941759,46600593,78800,77800,78200,78000,78800,78900,79000,79100,79200,79300,79400,79500,79600,79700,322600,420900,534800,548800,517500,124000,305242,211700,320300,33500,78700,78600,78500,78400,78300,78200,78100,78000,77900,77800,47600,131800,89600,93800,212800,161400,61200,58000,57800,64600,80490,76690,5627842,5280200,0,0,0,0,0,
600011.SH,600011,20251209,93803000,78700,17800,140089,3399,0,,,5959559,46740682,78800,77800,78200,78000,78800,78900,79000,79100,79200,79300,79400,79500,79600,79700,326000,420900,535600,548800,517600,124000,305242,212200,320300,33500,78700,78600,78500,78400,78300,78200,78100,78000,77900,77800,49100,131400,89600,97500,212800,161400,61200,58000,57800,64600,80480,76690,5633342,5285000,0,0,0,0,0,
600011.SH,600011,20251209,93806000,78700,4400,34628,3402,0,,,5963959,46775310,78800,77800,78200,78000,78800,78900,79000,79100,79200,79300,79400,79500,79600,79700,328800,425900,536100,548800,517600,124000,305242,212200,320300,33500,78700,78600,78500,78400,78300,78200,78100,78000,77900,77800,33100,131400,89600,97500,212800,161400,65200,58000,57800,64600,80480,76690,5641642,5272600,0,0,0,0,0,
600011.SH,600011,20251209,93809000,78600,44100,347047,3432,0,,,6008059,47122357,78800,77800,78200,78000,78700,78800,78900,79000,79100,79200,79300,79400,79500,79600,34900,384100,425900,536100,548800,517600,124000,305242,212200,320300,78600,78500,78400,78300,78200,78100,78000,77900,77800,77700,128000,89600,89500,212800,161400,65200,58000,57800,64600,83000,80460,76670,5739742,5227100,0,0,0,0,0,
600011.SH,600011,20251209,93812000,78700,900,7080,3434,0,,,6008959,47129437,78800,77800,78200,78000,78700,78800,78900,79000,79100,79200,79300,79400,79500,79600,49200,384800,423600,516900,548800,517600,124000,305242,212200,320300,78600,78500,78400,78300,78200,78100,78000,77900,77800,77700,140500,89600,89500,212800,161400,65200,58000,57800,64600,83000,80460,76670,5739542,5239600,0,0,0,0,0,
600011.SH,600011,20251209,93815000,78600,1100,8651,3438,0,,,6010059,47138088,78800,77800,78200,78000,78700,78800,78900,79000,79100,79200,79300,79400,79500,79600,62100,385000,426600,513900,548800,517600,124000,305242,212200,320300,78600,78500,78400,78300,78200,78100,78000,77900,77800,77700,144400,90600,89400,212800,161400,65200,56000,57800,64600,83000,80450,76670,5751842,5242000,0,0,0,0,0,
600011.SH,600011,20251209,93818000,78600,2100,16506,3442,0,,,6012159,47154594,78800,77800,78200,78000,78700,78800,78900,79000,79100,79200,79300,79400,79500,79600,74300,389600,424600,514300,548800,517600,124500,305242,216200,320300,78600,78500,78400,78300,78200,78100,78000,77900,77800,77700,142400,90600,92100,212800,161400,65200,56000,57800,65600,83000,80440,76680,5791742,5243700,0,0,0,0,0,
600011.SH,600011,20251209,93821000,78600,122400,962064,3529,0,,,6134559,48116658,78800,77800,78200,78000,78600,78700,78800,78900,79000,79100,79200,79300,79400,79500,6700,120300,392100,427100,516300,548800,517500,124700,305242,216200,78500,78400,78300,78200,78100,78000,77900,77800,77700,77600,93800,93100,212800,152500,65200,56000,57800,65600,83000,106700,80430,76620,5854342,5096600,0,0,0,0,0,
