万得代码,交易所代码,自然日,时间,委托编号,交易所委托号,委托类型,委托代码,委托价格,委托数量,
600011.SH,600011,20251209,91400360,0,0,S,I,0,0,
600011.SH,600011,20251209,91500100,0,1691,A,S,85800,5800,
600011.SH,600011,20251209,91500360,0,3257,A,S,79400,201600,
600011.SH,600011,20251209,91500450,0,4223,A,S,79600,207300,
600011.SH,600011,20251209,91500450,0,4225,A,S,80100,187300,
600011.SH,600011,20251209,91500500,0,4415,A,S,81600,1000,
600011.SH,600011,20251209,91501420,0,5133,A,S,78800,6000,
600011.SH,600011,20251209,91501420,0,5134,A,S,79100,3000,
600011.SH,600011,20251209,91501420,0,5135,A,S,78500,3000,
600011.SH,600011,20251209,91501450,0,5407,A,S,81500,1000,
600011.SH,600011,20251209,91501450,0,5408,A,S,84800,1000,
600011.SH,600011,20251209,91501450,0,5439,A,S,85800,1000,
600011.SH,600011,20251209,91501450,0,5919,A,B,79600,300,
600011.SH,600011,20251209,91501720,0,7114,A,S,80900,1000,
600011.SH,600011,20251209,91501720,0,7193,A,B,77000,1000,
600011.SH,600011,20251209,91501720,0,7267,A,S,78900,5000,
600011.SH,600011,20251209,91501720,0,7412,A,S,79800,5000,
600011.SH,600011,20251209,91501770,0,7941,A,B,72500,200,
600011.SH,600011,20251209,91501770,0,7942,A,B,71500,200,
600011.SH,600011,20251209,91501770,0,7943,A,S,85500,200,
600011.SH,600011,20251209,91501810,0,8634,A,S,85600,1200,
600011.SH,600011,20251209,91501810,0,8636,A,S,81600,1000,
600011.SH,600011,20251209,91501810,0,8721,A,S,84000,1000,
600011.SH,600011,20251209,91501810,0,8732,A,S,82500,1000,
600011.SH,600011,20251209,91501810,0,8876,A,B,70800,1000,
600011.SH,600011,20251209,91501810,0,9147,A,S,81800,100,
600011.SH,600011,20251209,91501810,0,9160,A,B,77400,100,
600011.SH,600011,20251209,91501810,0,9627,A,S,79000,5000,
600011.SH,600011,20251209,91501810,0,9643,A,S,78500,5000,
600011.SH,600011,20251209,91501810,0,9784,A,S,79800,1000,
600011.SH,600011,20251209,91501810,0,9934,A,B,76000,800,
600011.SH,600011,20251209,91501910,0,10894,A,S,79200,3000,
600011.SH,600011,20251209,91501910,0,11337,A,S,83800,2300,
600011.SH,600011,20251209,91501910,0,11359,A,S,84200,2300,
600011.SH,600011,20251209,91501910,0,11380,A,S,84600,2300,
600011.SH,600011,20251209,91501910,0,11401,A,S,84900,2200,
600011.SH,600011,20251209,91501910,0,11523,A,S,85800,500,
600011.SH,600011,20251209,91501910,0,11524,A,S,83800,500,
600011.SH,600011,20251209,91501910,0,11733,A,S,84000,800,
600011.SH,600011,20251209,91502080,0,12584,A,S,85700,1800,
600011.SH,600011,20251209,91502080,0,12678,A,S,80500,100,
600011.SH,600011,20251209,91502080,0,13048,A,B,77000,100,
600011.SH,600011,20251209,91502080,0,13529,A,S,85700,400,
600011.SH,600011,20251209,91502200,0,14510,A,B,75800,600,
600011.SH,600011,20251209,91502200,0,14602,A,S,82500,400,
600011.SH,600011,20251209,91502200,0,14874,A,S,78300,7200,
600011.SH,600011,20251209,91502270,0,15213,A,S,78400,700,
600011.SH,600011,20251209,91502270,0,15320,A,S,78900,2000,
600011.SH,600011,20251209,91502270,0,15564,A,B,77000,400,
600011.SH,600011,20251209,91502340,0,16483,A,S,85800,1000,
600011.SH,600011,20251209,91502380,0,17132,A,S,81700,1000,
600011.SH,600011,20251209,91502380,0,17135,A,S,80000,600,
600011.SH,600011,20251209,91502510,0,18193,A,B,77000,800,
600011.SH,600011,20251209,91502510,0,18200,A,S,79600,800,
600011.SH,600011,20251209,91502590,0,19872,A,B,77500,2000,
600011.SH,600011,20251209,91502590,0,19909,A,S,79000,1000,
600011.SH,600011,20251209,91502590,0,20073,A,B,70200,300,
600011.SH,600011,20251209,91502590,0,20421,A,S,82000,400,
600011.SH,600011,20251209,91502590,0,20895,A,B,70200,500,
600011.SH,600011,20251209,91502720,0,22749,A,S,79900,2000,
600011.SH,600011,20251209,91502720,0,22826,A,S,78900,700,
600011.SH,600011,20251209,91502850,0,23824,A,S,78800,300,
600011.SH,600011,20251209,91502850,0,23845,A,S,81900,2500,
600011.SH,600011,20251209,91502850,0,24405,A,S,81000,30000,
600011.SH,600011,20251209,91502850,0,24406,A,S,82000,30000,
600011.SH,600011,20251209,91502850,0,25182,A,S,78800,14700,
600011.SH,600011,20251209,91502850,0,25225,A,S,79000,14600,
600011.SH,600011,20251209,91502970,0,25962,A,S,79200,3000,
600011.SH,600011,20251209,91502970,0,27002,A,S,83000,30000,
600011.SH,600011,20251209,91502970,0,27004,A,S,84000,40000,
600011.SH,600011,20251209,91502970,0,27012,A,S,85000,120000,
600011.SH,600011,20251209,91502970,0,27023,A,S,85700,10000,
600011.SH,600011,20251209,91502970,0,27314,A,B,71000,2100,
600011.SH,600011,20251209,91503100,0,27527,A,S,78500,10000,
600011.SH,600011,20251209,91503220,0,30291,A,S,79200,500,
600011.SH,600011,20251209,91503220,0,30561,A,S,79100,1000,
600011.SH,600011,20251209,91503220,0,31061,A,B,76800,5000,
600011.SH,600011,20251209,91503220,0,31081,A,S,80100,5000,
600011.SH,600011,20251209,91503350,0,32354,A,B,77200,1000,
600011.SH,600011,20251209,91503350,0,32367,A,S,80800,1000,
600011.SH,600011,20251209,91503350,0,32386,A,S,82000,2500,
600011.SH,600011,20251209,91503350,0,32601,A,S,79000,4000,
600011.SH,600011,20251209,91503350,0,32622,A,S,80100,4000,
600011.SH,600011,20251209,91503350,0,32630,A,S,81200,4000,
600011.SH,600011,20251209,91503350,0,32666,A,S,85800,16000,
600011.SH,600011,20251209,91503350,0,32863,A,B,76500,500,
600011.SH,600011,20251209,91503350,0,33118,A,S,78000,900,
600011.SH,600011,20251209,91503350,0,33226,A,B,77200,2600,
600011.SH,600011,20251209,91503480,0,33569,A,S,85800,500,
600011.SH,600011,20251209,91503480,0,34473,A,S,82800,60000,
600011.SH,600011,20251209,91503480,0,34488,A,S,78900,18900,
600011.SH,600011,20251209,91503480,0,34489,A,S,79800,20000,
600011.SH,600011,20251209,91503480,0,34490,A,S,80800,20000,
600011.SH,600011,20251209,91503480,0,34499,A,S,80600,100,
600011.SH,600011,20251209,91503480,0,35073,A,S,79700,2600,
600011.SH,600011,20251209,91503610,0,35635,A,B,76400,2200,
600011.SH,600011,20251209,91503610,0,35733,A,S,78300,200,
600011.SH,600011,20251209,91503610,0,36070,A,S,83000,900,
600011.SH,600011,20251209,91503610,0,36625,A,S,81000,1000,
600011.SH,600011,20251209,91503610,0,36907,A,S,80300,2000,
600011.SH,600011,20251209,91503610,0,37041,A,S,85800,500,
600011.SH,600011,20251209,91503750,0,38155,A,B,75500,300,
600011.SH,600011,20251209,91503750,0,38290,A,S,83900,200,
600011.SH,600011,20251209,91503750,0,38511,A,S,85700,400,
600011.SH,600011,20251209,91503750,0,38844,A,S,78900,500,
600011.SH,600011,20251209,91503750,0,38882,A,S,78800,3000,
600011.SH,600011,20251209,91503750,0,38900,A,B,77000,3000,
600011.SH,600011,20251209,91503750,0,39084,A,S,78900,5000,
600011.SH,600011,20251209,91503750,0,39177,A,B,77100,1000,
600011.SH,600011,20251209,91503910,0,39229,A,B,76500,2000,
600011.SH,600011,20251209,91503910,0,39716,A,S,78400,2200,
600011.SH,600011,20251209,91503910,0,39800,A,B,77000,10000,
600011.SH,600011,20251209,91503910,0,39801,A,B,76000,10000,
600011.SH,600011,20251209,91503910,0,39856,A,S,82000,500,
600011.SH,600011,20251209,91503910,0,40512,A,S,82400,2000,
600011.SH,600011,20251209,91503910,0,41067,A,S,83200,400,
600011.SH,600011,20251209,91504070,0,41327,A,S,80300,1300,
600011.SH,600011,20251209,91504070,0,41638,A,B,77400,2000,
600011.SH,600011,20251209,91504070,0,42433,A,S,79100,1000,
600011.SH,600011,20251209,91504070,0,42690,A,B,77000,1000,
600011.SH,600011,20251209,91504180,0,42871,A,B,76500,400,
600011.SH,600011,20251209,91504180,0,43487,A,B,77900,200,
600011.SH,600011,20251209,91504340,0,44821,A,S,82500,300,
600011.SH,600011,20251209,91504340,0,44840,A,S,81800,300,
600011.SH,600011,20251209,91504340,0,44841,A,B,75800,300,
600011.SH,600011,20251209,91504340,0,44912,A,S,78800,10000,
600011.SH,600011,20251209,91504340,0,45320,A,S,85800,1000,
600011.SH,600011,20251209,91504340,0,45488,A,B,76900,300,
600011.SH,600011,20251209,91504340,0,45558,A,S,85800,1000,
600011.SH,600011,20251209,91504340,0,45699,A,S,85800,1000,
600011.SH,600011,20251209,91504340,0,46545,A,B,77500,2000,
600011.SH,600011,20251209,91504340,0,46547,A,B,77000,2000,
600011.SH,600011,20251209,91504340,0,46550,A,S,85800,500,
600011.SH,600011,20251209,91504490,0,47648,A,B,78100,2000,
600011.SH,600011,20251209,91504490,0,48049,A,S,81000,200,
600011.SH,600011,20251209,91504490,0,48304,A,S,85800,100,
600011.SH,600011,20251209,91504630,0,48819,A,B,71000,3000,
600011.SH,600011,20251209,91504630,0,49589,A,S,79500,4000,
600011.SH,600011,20251209,91504630,0,49792,A,S,79000,10000,
600011.SH,600011,20251209,91504630,0,50440,A,B,77000,2000,
600011.SH,600011,20251209,91504630,0,50466,A,B,76400,3000,
600011.SH,600011,20251209,91504780,0,51078,A,B,75000,100,
600011.SH,600011,20251209,91504780,0,51083,A,S,80000,100,
600011.SH,600011,20251209,91504780,0,51528,A,S,84500,400,
600011.SH,600011,20251209,91504780,0,51575,A,B,74000,100,
600011.SH,600011,20251209,91504780,0,51928,A,S,78800,700,
600011.SH,600011,20251209,91504780,0,52051,A,S,78200,2000,
600011.SH,600011,20251209,91504780,0,52441,A,S,78500,4000,
600011.SH,600011,20251209,91504780,0,52445,A,B,77500,3000,
600011.SH,600011,20251209,91504780,0,52447,A,B,77000,4000,
600011.SH,600011,20251209,91504780,0,52448,A,S,79000,3000,
600011.SH,600011,20251209,91504930,0,52657,A,S,85500,1000,
600011.SH,600011,20251209,91504930,0,52660,A,S,81000,1000,
600011.SH,600011,20251209,91505060,0,54847,A,S,83000,6200,
600011.SH,600011,20251209,91505060,0,54995,A,S,79400,500,
600011.SH,600011,20251209,91505060,0,55147,A,B,75800,300,
600011.SH,600011,20251209,91505060,0,55328,A,S,82300,4000,
600011.SH,600011,20251209,91505060,0,55330,A,S,83400,4000,
600011.SH,600011,20251209,91505060,0,55924,A,B,77300,300,
600011.SH,600011,20251209,91505220,0,56644,A,S,84600,600,
600011.SH,600011,20251209,91505220,0,56820,A,S,85800,100,
600011.SH,600011,20251209,91505220,0,57427,A,S,84000,200,
600011.SH,600011,20251209,91505220,0,57450,A,S,85700,200,
600011.SH,600011,20251209,91505220,0,57469,A,B,70200,500,
600011.SH,600011,20251209,91505220,0,57639,A,S,79900,3000,
600011.SH,600011,20251209,91505220,0,58121,A,S,80000,100,
600011.SH,600011,20251209,91505380,0,59307,A,B,75100,1000,
600011.SH,600011,20251209,91505530,0,60209,A,S,81000,3000,
600011.SH,600011,20251209,91505530,0,60218,A,B,76500,2000,
600011.SH,600011,20251209,91505530,0,60781,A,S,78200,84200,
600011.SH,600011,20251209,91505530,0,61144,A,S,79400,1000,
600011.SH,600011,20251209,91505530,0,61523,A,S,82000,4000,
600011.SH,600011,20251209,91505530,0,61989,A,B,77200,2000,
600011.SH,600011,20251209,91505530,0,61990,A,B,76400,2000,
600011.SH,600011,20251209,91505530,0,61991,A,B,75600,3000,
600011.SH,600011,20251209,91505530,0,61992,A,B,74800,4000,
600011.SH,600011,20251209,91505530,0,61993,A,B,74100,5000,
600011.SH,600011,20251209,91505690,0,62259,A,B,78000,100,
600011.SH,600011,20251209,91505690,0,62260,A,B,77900,100,
600011.SH,600011,20251209,91505690,0,62437,A,S,80800,1300,
600011.SH,600011,20251209,91505690,0,62440,A,S,84000,1400,
600011.SH,600011,20251209,91505690,0,62451,A,B,75600,1400,
600011.SH,600011,20251209,91505690,0,62616,A,B,76600,3000,
600011.SH,600011,20251209,91505690,0,63386,A,S,83900,2000,
600011.SH,600011,20251209,91505690,0,63688,A,B,78000,100,
600011.SH,600011,20251209,91505690,0,63895,A,S,81700,1000,
600011.SH,600011,20251209,91505850,0,64582,A,S,79800,500,
600011.SH,600011,20251209,91505850,0,65962,A,S,78500,10000,
600011.SH,600011,20251209,91506000,0,66530,A,S,79200,10000,
600011.SH,600011,20251209,91506000,0,66531,A,S,79400,10000,
600011.SH,600011,20251209,91506000,0,66532,A,S,79600,10000,
600011.SH,600011,20251209,91506000,0,66951,A,S,78800,300,
600011.SH,600011,20251209,91506000,0,66961,A,S,79500,300,
600011.SH,600011,20251209,91506000,0,66966,A,S,80200,300,
600011.SH,600011,20251209,91506000,0,66971,A,S,79100,300,
600011.SH,600011,20251209,91506000,0,67074,A,B,75800,100,
600011.SH,600011,20251209,91506000,0,67655,A,S,79000,800,
600011.SH,600011,20251209,91506000,0,67840,A,B,75600,20000,
600011.SH,600011,20251209,91506000,0,67953,A,B,75500,20000,
600011.SH,600011,20251209,91506130,0,68042,A,B,75700,10000,
600011.SH,600011,20251209,91506130,0,68237,A,S,80200,1000,
600011.SH,600011,20251209,91506130,0,68456,A,B,76700,1000,
600011.SH,600011,20251209,91506130,0,68585,A,S,80400,200,
600011.SH,600011,20251209,91506290,0,70270,A,S,78700,2000,
600011.SH,600011,20251209,91506290,0,70271,A,S,79000,2000,
600011.SH,600011,20251209,91506290,0,70287,A,S,79600,2000,
600011.SH,600011,20251209,91506290,0,70300,A,B,77500,2000,
600011.SH,600011,20251209,91506290,0,70301,A,B,77200,2000,
600011.SH,600011,20251209,91506290,0,70313,A,B,76900,2000,
600011.SH,600011,20251209,91506290,0,70314,A,B,76600,2000,
600011.SH,600011,20251209,91506290,0,70327,A,B,76300,2000,
600011.SH,600011,20251209,91506290,0,70656,A,S,79300,2000,
600011.SH,600011,20251209,91506290,0,71083,A,B,77500,100,
600011.SH,600011,20251209,91506290,0,71475,A,B,77400,2000,
600011.SH,600011,20251209,91506290,0,71745,A,B,76900,2100,
600011.SH,600011,20251209,91506290,0,71780,A,S,79200,214700,
600011.SH,600011,20251209,91506290,0,71783,A,B,77200,1700,
600011.SH,600011,20251209,91506290,0,71845,A,B,76400,2300,
600011.SH,600011,20251209,91506430,0,72343,A,B,77600,2900,
600011.SH,600011,20251209,91506430,0,72522,A,S,81000,40000,
600011.SH,600011,20251209,91506430,0,73095,A,S,79600,1600,
600011.SH,600011,20251209,91506590,0,74066,A,S,84000,200,
600011.SH,600011,20251209,91506590,0,74114,A,S,80900,500,
600011.SH,600011,20251209,91506590,0,74489,A,S,80600,800,
600011.SH,600011,20251209,91506590,0,74816,A,B,77700,1000,
600011.SH,600011,20251209,91506590,0,74821,A,B,77800,800,
600011.SH,600011,20251209,91506590,0,74862,A,B,76400,1000,
600011.SH,600011,20251209,91506590,0,75545,A,B,77200,2000,
600011.SH,600011,20251209,91506590,0,75874,A,S,78500,3100,
600011.SH,600011,20251209,91506590,0,75916,A,B,75800,600,
600011.SH,600011,20251209,91506740,0,76298,A,S,78800,10000,
600011.SH,600011,20251209,91506740,0,76472,A,B,76100,2000,
600011.SH,600011,20251209,91506740,0,76959,A,S,85800,21000,
600011.SH,600011,20251209,91506740,0,77086,A,S,79100,20000,
600011.SH,600011,20251209,91506740,0,77089,A,S,81500,3000,
600011.SH,600011,20251209,91506740,0,77859,A,S,82500,2000,
600011.SH,600011,20251209,91506740,0,77901,A,S,84900,2000,
600011.SH,600011,20251209,91506900,0,77932,A,S,85800,700,
600011.SH,600011,20251209,91506900,0,77944,A,S,85800,2000,
600011.SH,600011,20251209,91506900,0,77975,A,S,78700,2500,
600011.SH,600011,20251209,91506900,0,77998,A,S,78900,1500,
600011.SH,600011,20251209,91506900,0,78233,A,B,71700,300,
600011.SH,600011,20251209,91506900,0,78791,A,S,80700,200,
600011.SH,600011,20251209,91506900,0,78801,A,S,85700,100,
600011.SH,600011,20251209,91506900,0,78806,A,B,75100,200,
600011.SH,600011,20251209,91507000,0,79026,A,B,76600,3000,
600011.SH,600011,20251209,91507000,0,79037,A,B,72300,200,
600011.SH,600011,20251209,91507000,0,79051,A,B,70300,200,
600011.SH,600011,20251209,91507030,0,79784,A,S,78900,2000,
600011.SH,600011,20251209,91507030,0,79992,A,S,84000,1000,
600011.SH,600011,20251209,91507180,0,81377,A,B,76000,1000,
600011.SH,600011,20251209,91507180,0,82196,A,B,77300,4000,
600011.SH,600011,20251209,91507180,0,82384,A,S,80500,300,
600011.SH,600011,20251209,91507180,0,82461,A,S,85800,100,
600011.SH,600011,20251209,91507180,0,82715,A,B,73300,500,
600011.SH,600011,20251209,91507180,0,82759,A,B,73000,66600,
600011.SH,600011,20251209,91507180,0,83030,A,B,76500,6600,
600011.SH,600011,20251209,91507180,0,83032,A,B,76400,10000,
600011.SH,600011,20251209,91507340,0,83727,A,S,85800,25000,
600011.SH,600011,20251209,91507340,0,83850,A,B,73800,100,
600011.SH,600011,20251209,91507340,0,84035,A,S,85300,100,
600011.SH,600011,20251209,91507340,0,84131,A,S,83100,200,
600011.SH,600011,20251209,91507340,0,84450,A,S,80200,40000,
600011.SH,600011,20251209,91507510,0,85141,A,S,78900,2000,
600011.SH,600011,20251209,91507510,0,85711,A,S,80000,1000,
600011.SH,600011,20251209,91507510,0,85892,A,S,85700,10000,
600011.SH,600011,20251209,91507510,0,86763,A,B,77200,1000,
600011.SH,600011,20251209,91507510,0,86897,A,S,79100,500,
600011.SH,600011,20251209,91507510,0,86900,A,S,78800,6300,
600011.SH,600011,20251209,91507670,0,87058,A,S,81500,800,
600011.SH,600011,20251209,91507670,0,87320,A,B,77600,300,
600011.SH,600011,20251209,91507670,0,88347,A,S,80800,12600,
600011.SH,600011,20251209,91507670,0,88641,A,S,85800,30000,
600011.SH,600011,20251209,91507670,0,88907,A,S,85800,200,
600011.SH,600011,20251209,91507850,0,89315,A,B,77600,100,
600011.SH,600011,20251209,91507850,0,90201,A,S,78500,100,
600011.SH,600011,20251209,91507850,0,90230,A,B,73600,100,
600011.SH,600011,20251209,91508010,0,91109,A,B,77300,300,
600011.SH,600011,20251209,91508010,0,91311,A,S,79000,200,
600011.SH,600011,20251209,91508010,0,91977,A,S,85700,400,
600011.SH,600011,20251209,91508010,0,92304,A,S,80100,14900,
600011.SH,600011,20251209,91508180,0,92956,A,S,79400,600,
600011.SH,600011,20251209,91508180,0,93166,A,B,76700,400,
600011.SH,600011,20251209,91508180,0,93233,A,S,84500,1000,
600011.SH,600011,20251209,91508180,0,93386,A,B,77100,1500,
600011.SH,600011,20251209,91508180,0,93578,A,S,85800,1300,
600011.SH,600011,20251209,91508180,0,94026,A,B,76800,19100,
600011.SH,600011,20251209,91508340,0,95401,A,B,77700,900,
600011.SH,600011,20251209,91508340,0,95911,A,S,78500,2000,
600011.SH,600011,20251209,91508340,0,95934,A,S,80600,6500,
600011.SH,600011,20251209,91508340,0,95986,A,S,79000,20000,
600011.SH,600011,20251209,91508340,0,95995,A,S,80000,20000,
600011.SH,600011,20251209,91508340,0,95996,A,S,81000,20000,
600011.SH,600011,20251209,91508340,0,96002,A,B,77000,3000,
600011.SH,600011,20251209,91508340,0,96264,A,B,77000,2500,
600011.SH,600011,20251209,91508340,0,96393,A,S,85800,900,
600011.SH,600011,20251209,91508340,0,96423,A,S,84700,800,
600011.SH,600011,20251209,91508340,0,96457,A,S,79200,9800,
600011.SH,600011,20251209,91508340,0,96482,A,S,83300,800,
600011.SH,600011,20251209,91508340,0,96744,A,S,78900,2000,
600011.SH,600011,20251209,91508340,0,96847,A,S,79200,1000,
600011.SH,600011,20251209,91508340,0,96850,A,S,79300,1000,
600011.SH,600011,20251209,91508340,0,96851,A,S,79400,1000,
600011.SH,600011,20251209,91508490,0,96939,A,S,79500,1000,
600011.SH,600011,20251209,91508490,0,96949,A,S,79600,1000,
600011.SH,600011,20251209,91508490,0,96954,A,S,79700,1000,
600011.SH,600011,20251209,91508490,0,96958,A,S,79800,1000,
600011.SH,600011,20251209,91508490,0,96967,A,S,82300,6300,
600011.SH,600011,20251209,91508490,0,97285,A,B,74500,500,
600011.SH,600011,20251209,91508490,0,97365,A,S,85700,300,
600011.SH,600011,20251209,91508490,0,97688,A,S,79900,1000,
600011.SH,600011,20251209,91508490,0,97697,A,S,80000,1000,
600011.SH,600011,20251209,91508490,0,97744,A,B,77500,1000,
600011.SH,600011,20251209,91508490,0,97748,A,B,77400,1800,
600011.SH,600011,20251209,91508490,0,98357,A,S,85800,300,
600011.SH,600011,20251209,91508660,0,99290,A,S,85700,192200,
600011.SH,600011,20251209,91508750,0,99899,A,B,77900,1500,
600011.SH,600011,20251209,91508750,0,100167,A,S,81000,1900,
600011.SH,600011,20251209,91508750,0,100175,A,S,81800,1900,
600011.SH,600011,20251209,91508750,0,100176,A,S,82600,1900,
600011.SH,600011,20251209,91508750,0,101286,A,B,72000,800,
600011.SH,600011,20251209,91508750,0,101727,A,S,78500,3500,
600011.SH,600011,20251209,91508920,0,102853,A,S,80000,1000,
600011.SH,600011,20251209,91508920,0,103036,A,S,79100,1000,
600011.SH,600011,20251209,91508920,0,103168,A,B,77000,500,
600011.SH,600011,20251209,91509070,0,104610,A,S,85800,1500,
600011.SH,600011,20251209,91509070,0,105087,A,S,79900,1500,
600011.SH,600011,20251209,91509070,0,105293,A,S,79000,64500,
600011.SH,600011,20251209,91509240,0,105889,A,B,78000,500,
600011.SH,600011,20251209,91509240,0,106983,A,S,78900,900,
600011.SH,600011,20251209,91509240,0,107273,A,S,79000,2400,
600011.SH,600011,20251209,91509240,0,107346,A,B,75000,100,
600011.SH,600011,20251209,91509410,0,108761,A,S,85500,100,
600011.SH,600011,20251209,91509410,0,109465,A,S,79800,3100,
600011.SH,600011,20251209,91509410,0,109536,A,B,77700,300,
600011.SH,600011,20251209,91509410,0,109652,A,B,76500,1400,
600011.SH,600011,20251209,91509410,0,109654,A,B,77300,300,
600011.SH,600011,20251209,91509410,0,109655,A,S,80300,300,
600011.SH,600011,20251209,91509410,0,109663,A,S,81900,500,
600011.SH,600011,20251209,91509580,0,109912,A,S,83000,1600,
600011.SH,600011,20251209,91509580,0,110118,A,S,81000,2000,
600011.SH,600011,20251209,91509580,0,110120,A,B,76000,2000,
600011.SH,600011,20251209,91509580,0,111198,A,S,80200,59900,
600011.SH,600011,20251209,91509580,0,111421,A,S,85800,200,
600011.SH,600011,20251209,91509580,0,111443,A,B,77500,500,
600011.SH,600011,20251209,91509730,0,112118,A,B,77400,6600,
600011.SH,600011,20251209,91509730,0,112136,A,B,77600,8500,
600011.SH,600011,20251209,91509730,0,112644,A,S,79600,3000,
600011.SH,600011,20251209,91509920,0,113895,A,B,77900,300,
600011.SH,600011,20251209,91509920,0,114585,A,S,85800,700,
600011.SH,600011,20251209,91509920,0,114590,A,S,80900,1000,
600011.SH,600011,20251209,91509920,0,114591,A,B,70200,1000,
600011.SH,600011,20251209,91509920,0,114656,A,S,85800,1000,
600011.SH,600011,20251209,91509920,0,114665,A,S,80900,1000,
600011.SH,600011,20251209,91509920,0,114673,A,B,70200,1000,
600011.SH,600011,20251209,91509920,0,114748,A,B,77000,20000,
600011.SH,600011,20251209,91509920,0,114751,A,B,76000,20000,
600011.SH,600011,20251209,91509920,0,114752,A,B,75000,20000,
600011.SH,600011,20251209,91509920,0,115496,A,B,77700,10000,
600011.SH,600011,20251209,91510090,0,115703,A,S,79000,4300,
600011.SH,600011,20251209,91510090,0,116735,A,B,74100,500,
600011.SH,600011,20251209,91510090,0,116740,A,B,70700,500,
600011.SH,600011,20251209,91510260,0,118117,A,B,74200,300,
600011.SH,600011,20251209,91510370,0,119030,A,S,81000,1800,
600011.SH,600011,20251209,91510370,0,119167,A,S,79500,4500,
600011.SH,600011,20251209,91510370,0,119564,A,S,81700,1000,
600011.SH,600011,20251209,91510370,0,119709,A,B,70800,500,
600011.SH,600011,20251209,91510540,0,120646,A,B,77500,400,
600011.SH,600011,20251209,91510540,0,121013,A,B,77500,213000,
600011.SH,600011,20251209,91510540,0,121014,A,B,77000,240300,
600011.SH,600011,20251209,91510540,0,122155,A,B,75800,6000,
600011.SH,600011,20251209,91510540,0,122164,A,S,83500,1000,
600011.SH,600011,20251209,91510700,0,123831,A,B,76700,10000,
600011.SH,600011,20251209,91510700,0,124223,A,S,79700,3600,
600011.SH,600011,20251209,91510700,0,124452,A,S,81000,700,
600011.SH,600011,20251209,91510700,0,124515,A,S,80800,700,
600011.SH,600011,20251209,91510700,0,124534,A,S,84000,700,
600011.SH,600011,20251209,91510700,0,124541,A,B,75600,800,
600011.SH,600011,20251209,91510890,0,125182,A,B,75100,400,
600011.SH,600011,20251209,91510890,0,125214,A,S,84800,500,
600011.SH,600011,20251209,91510890,0,125306,A,B,76500,400,
600011.SH,600011,20251209,91511030,0,128374,A,S,79800,1200,
600011.SH,600011,20251209,91511200,0,128956,A,B,77000,1400,
600011.SH,600011,20251209,91511200,0,129883,A,S,84800,5000,
600011.SH,600011,20251209,91511200,0,129891,A,S,82800,2000,
600011.SH,600011,20251209,91511200,0,129956,A,S,85500,5000,
600011.SH,600011,20251209,91511370,0,130739,A,B,76000,600,
600011.SH,600011,20251209,91511370,0,131482,A,S,84000,3000,
600011.SH,600011,20251209,91511370,0,131609,A,S,81300,500,
600011.SH,600011,20251209,91511370,0,131812,A,S,80200,2000,
600011.SH,600011,20251209,91511370,0,132147,A,B,77000,2500,
600011.SH,600011,20251209,91511370,0,132203,A,S,80000,200,
600011.SH,600011,20251209,91511370,0,132249,A,B,77200,2000,
600011.SH,600011,20251209,91511570,0,133564,A,S,78900,4000,
600011.SH,600011,20251209,91511570,0,134044,A,S,81000,1900,
600011.SH,600011,20251209,91511570,0,134047,A,S,81800,1900,
600011.SH,600011,20251209,91511570,0,134048,A,S,82600,1900,
600011.SH,600011,20251209,91511570,0,134174,A,S,80600,1000,
600011.SH,600011,20251209,91511570,0,134190,A,S,85800,600,
600011.SH,600011,20251209,91511740,0,135343,A,S,82300,900,
600011.SH,600011,20251209,91511740,0,135605,A,B,75800,700,
600011.SH,600011,20251209,91511740,0,136227,A,B,76300,500,
600011.SH,600011,20251209,91511740,0,136302,A,B,77100,134000,
600011.SH,600011,20251209,91511920,0,136739,A,B,76100,1500,
600011.SH,600011,20251209,91511920,0,137174,A,S,80000,400,
600011.SH,600011,20251209,91511920,0,137248,A,S,80000,400,
600011.SH,600011,20251209,91511920,0,137290,A,S,85800,1000,
600011.SH,600011,20251209,91511920,0,137416,A,B,77200,2000,
600011.SH,600011,20251209,91512100,0,138614,A,S,79800,700,
600011.SH,600011,20251209,91512100,0,140256,A,B,77100,1000,
600011.SH,600011,20251209,91512270,0,140917,A,S,85800,1000,
600011.SH,600011,20251209,91512270,0,141725,A,B,76500,5000,
600011.SH,600011,20251209,91512450,0,142635,A,B,77600,100,
600011.SH,600011,20251209,91512450,0,142758,A,B,73600,200,
600011.SH,600011,20251209,91512450,0,142935,A,S,79700,1500,
600011.SH,600011,20251209,91512450,0,143068,A,B,73600,500,
600011.SH,600011,20251209,91512450,0,143560,A,S,79700,600,
600011.SH,600011,20251209,91512450,0,144099,A,S,85600,5000,
600011.SH,600011,20251209,91512450,0,144394,A,S,79100,2000,
600011.SH,600011,20251209,91512630,0,144592,A,B,76000,300,
600011.SH,600011,20251209,91512630,0,144830,A,S,79000,5500,
600011.SH,600011,20251209,91512630,0,144972,A,S,80400,200,
600011.SH,600011,20251209,91512630,0,145054,A,S,82000,2000,
600011.SH,600011,20251209,91512630,0,145243,A,S,85000,300,
600011.SH,600011,20251209,91512780,0,146275,A,S,80000,3000,
600011.SH,600011,20251209,91512780,0,146917,A,B,75000,100,
600011.SH,600011,20251209,91512780,0,147382,A,S,83700,9100,
600011.SH,600011,20251209,91512960,0,149642,A,S,83200,100,
600011.SH,600011,20251209,91512960,0,149719,A,S,81900,2300,
600011.SH,600011,20251209,91512960,0,149720,A,S,82200,2300,
600011.SH,600011,20251209,91512960,0,149725,A,S,84600,3400,
600011.SH,600011,20251209,91513140,0,151608,A,B,76500,10000,
600011.SH,600011,20251209,91513140,0,151792,A,S,84800,500,
600011.SH,600011,20251209,91513310,0,152018,A,B,77400,10000,
600011.SH,600011,20251209,91513380,0,152515,A,S,78300,1300,
600011.SH,600011,20251209,91513380,0,152951,A,S,84500,4000,
600011.SH,600011,20251209,91513380,0,153493,A,S,80800,12000,
600011.SH,600011,20251209,91513380,0,153756,A,S,79700,3900,
600011.SH,600011,20251209,91513380,0,153925,A,S,79600,9200,
600011.SH,600011,20251209,91513540,0,154863,A,S,79300,1000,
600011.SH,600011,20251209,91513540,0,155379,A,B,77000,1000,
600011.SH,600011,20251209,91513710,0,156347,A,S,84000,7700,
600011.SH,600011,20251209,91513710,0,157096,A,S,85700,300,
600011.SH,600011,20251209,91513710,0,157216,A,B,78000,500,
600011.SH,600011,20251209,91513710,0,157752,A,B,73300,4000,
600011.SH,600011,20251209,91513710,0,157753,A,B,71200,4000,
600011.SH,600011,20251209,91513710,0,157754,A,S,85000,2000,
600011.SH,600011,20251209,91513850,0,159391,A,S,80600,100,
600011.SH,600011,20251209,91513850,0,159406,A,S,85800,1500,
600011.SH,600011,20251209,91513850,0,159641,A,S,85500,2000,
600011.SH,600011,20251209,91514110,0,161097,A,S,78800,100,
600011.SH,600011,20251209,91514220,0,161550,A,S,79200,5000,
600011.SH,600011,20251209,91514220,0,161966,A,B,76100,5000,
600011.SH,600011,20251209,91514300,0,163179,A,S,85800,300,
600011.SH,600011,20251209,91514300,0,163658,A,S,80300,5200,
600011.SH,600011,20251209,91514300,0,163828,A,B,77100,100,
600011.SH,600011,20251209,91514460,0,164035,A,B,76300,300,
600011.SH,600011,20251209,91514460,0,164036,A,B,75700,500,
600011.SH,600011,20251209,91514580,0,165287,A,B,80400,200,
600011.SH,600011,20251209,91514580,0,165360,A,S,78200,58400,
600011.SH,600011,20251209,91514580,0,165475,A,B,76900,5000,
600011.SH,600011,20251209,91514580,0,165492,A,S,81000,300,
600011.SH,600011,20251209,91514580,0,165500,A,S,84800,300,
600011.SH,600011,20251209,91514580,0,165692,A,S,80600,100,
600011.SH,600011,20251209,91514580,0,165953,A,S,79200,200,
600011.SH,600011,20251209,91514580,0,165972,A,S,78800,1000,
600011.SH,600011,20251209,91514580,0,166110,A,S,81300,200,
600011.SH,600011,20251209,91514580,0,166111,A,S,81500,200,
600011.SH,600011,20251209,91514580,0,166112,A,S,81700,200,
600011.SH,600011,20251209,91514580,0,166156,A,B,77100,5000,
600011.SH,600011,20251209,91514580,0,166234,A,S,85700,200,
600011.SH,600011,20251209,91514580,0,166294,A,B,78000,100,
600011.SH,600011,20251209,91514580,0,166355,A,S,78300,1600,
600011.SH,600011,20251209,91514580,0,166436,A,S,81900,300,
600011.SH,600011,20251209,91514750,0,167013,A,S,80600,200,
600011.SH,600011,20251209,91514750,0,168039,A,S,85800,300,
600011.SH,600011,20251209,91514750,0,168115,A,S,85000,100,
600011.SH,600011,20251209,91514750,0,168219,A,B,70200,400,
600011.SH,600011,20251209,91514920,0,169072,A,S,78900,300,
600011.SH,600011,20251209,91514920,0,169675,A,B,77100,300,
600011.SH,600011,20251209,91514920,0,169923,A,B,75100,400,
600011.SH,600011,20251209,91514920,0,169929,A,B,73300,400,
600011.SH,600011,20251209,91514920,0,170154,A,S,81300,2000,
600011.SH,600011,20251209,91514920,0,170811,A,S,79900,1000,
600011.SH,600011,20251209,91515110,0,172420,A,S,80300,1600,
600011.SH,600011,20251209,91515110,0,172572,A,B,76700,5000,
600011.SH,600011,20251209,91515110,0,172675,A,B,76300,5000,
600011.SH,600011,20251209,91515280,0,172879,A,S,85800,2900,
600011.SH,600011,20251209,91515280,0,166294,D,B,78000,100,
600011.SH,600011,20251209,91515280,0,173754,A,B,77800,1100,
600011.SH,600011,20251209,91515280,0,174016,A,B,77200,10000,
600011.SH,600011,20251209,91515280,0,174549,A,B,77000,2000,
600011.SH,600011,20251209,91515280,0,174555,A,B,76000,4000,
600011.SH,600011,20251209,91515280,0,174616,A,B,77200,600,
600011.SH,600011,20251209,91515280,0,174714,A,S,82700,500,
600011.SH,600011,20251209,91515450,0,174813,A,B,72600,1000,
600011.SH,600011,20251209,91515450,0,175100,A,S,79900,1000,
600011.SH,600011,20251209,91515450,0,175508,A,B,75600,300,
600011.SH,600011,20251209,91515450,0,175740,A,S,85000,800,
600011.SH,600011,20251209,91515450,0,175862,A,B,76000,300,
600011.SH,600011,20251209,91515450,0,175907,A,S,85800,200,
600011.SH,600011,20251209,91515450,0,176594,A,S,80000,1300,
600011.SH,600011,20251209,91515640,0,177770,A,S,80200,200,
600011.SH,600011,20251209,91515640,0,177861,A,S,85000,100,
600011.SH,600011,20251209,91515640,0,178034,A,B,77200,100,
600011.SH,600011,20251209,91515640,0,178321,A,S,83800,1000,
600011.SH,600011,20251209,91515810,0,178697,A,B,77600,1300,
600011.SH,600011,20251209,91515810,0,178738,A,S,80500,1000,
600011.SH,600011,20251209,91515810,0,178739,A,B,76000,1000,
600011.SH,600011,20251209,91515810,0,178740,A,B,74000,1000,
600011.SH,600011,20251209,91515810,0,178865,A,B,76500,5000,
600011.SH,600011,20251209,91515810,0,179081,A,B,77500,300,
600011.SH,600011,20251209,91515810,0,179345,A,S,84200,400,
600011.SH,600011,20251209,91515950,0,180121,A,S,85700,200,
600011.SH,600011,20251209,91516000,0,180647,A,B,76000,322900,
600011.SH,600011,20251209,91516000,0,180960,A,S,78500,1000,
600011.SH,600011,20251209,91516000,0,181038,A,B,76000,322900,
600011.SH,600011,20251209,91516000,0,181207,A,B,76000,414700,
600011.SH,600011,20251209,91516000,0,181209,A,B,76000,414700,
600011.SH,600011,20251209,91516120,0,181523,A,S,80000,400,
600011.SH,600011,20251209,91516120,0,181699,A,S,85300,9100,
600011.SH,600011,20251209,91516120,0,181819,A,B,77600,4900,
600011.SH,600011,20251209,91516200,0,182360,A,S,79700,8700,
600011.SH,600011,20251209,91516200,0,182906,A,S,80200,1000,
600011.SH,600011,20251209,91516200,0,183887,A,S,85800,100,
600011.SH,600011,20251209,91516200,0,183944,A,S,82700,500,
600011.SH,600011,20251209,91516360,0,184120,A,B,77200,10200,
600011.SH,600011,20251209,91516360,0,184160,A,S,80900,1500,
600011.SH,600011,20251209,91516360,0,184365,A,B,76000,486400,
600011.SH,600011,20251209,91516360,0,184371,A,B,76000,389100,
600011.SH,600011,20251209,91516360,0,185006,A,B,77500,2200,
600011.SH,600011,20251209,91516360,0,185484,A,S,80500,2800,
600011.SH,600011,20251209,91516360,0,185524,A,S,85800,1000,
600011.SH,600011,20251209,91516360,0,185833,A,B,77000,200,
600011.SH,600011,20251209,91516610,0,186732,A,S,85800,6200,
600011.SH,600011,20251209,91516610,0,187000,A,B,77400,600,
600011.SH,600011,20251209,91516610,0,187150,A,S,81500,800,
600011.SH,600011,20251209,91516610,0,187451,A,B,75700,100,
600011.SH,600011,20251209,91516610,0,187474,A,B,76700,2200,
600011.SH,600011,20251209,91516610,0,187998,A,S,85000,2000,
600011.SH,600011,20251209,91516610,0,188077,A,S,79600,1100,
600011.SH,600011,20251209,91516610,0,188398,A,B,77600,10000,
600011.SH,600011,20251209,91516610,0,188401,A,B,77500,10000,
600011.SH,600011,20251209,91516780,0,188507,A,B,77400,10000,
600011.SH,600011,20251209,91516780,0,188590,A,B,77300,10000,
600011.SH,600011,20251209,91516780,0,188591,A,B,77200,10000,
600011.SH,600011,20251209,91516780,0,188734,A,B,77100,10000,
600011.SH,600011,20251209,91516780,0,188760,A,B,77000,10000,
600011.SH,600011,20251209,91516780,0,188927,A,B,75400,1200,
600011.SH,600011,20251209,91516780,0,189578,A,B,74100,1200,
600011.SH,600011,20251209,91516780,0,190330,A,S,85800,200,
600011.SH,600011,20251209,91516960,0,191057,A,B,78000,900,
600011.SH,600011,20251209,91516960,0,191360,A,S,78900,100,
600011.SH,600011,20251209,91516960,0,191710,A,S,81500,700,
600011.SH,600011,20251209,91516960,0,191766,A,S,78000,400,
600011.SH,600011,20251209,91516960,0,192345,A,B,77300,10000,
600011.SH,600011,20251209,91517200,0,192590,A,S,79900,2000,
600011.SH,600011,20251209,91517200,0,192861,A,B,76400,300,
600011.SH,600011,20251209,91517200,0,194169,A,B,72800,1300,
600011.SH,600011,20251209,91517390,0,194506,A,S,78500,10000,
600011.SH,600011,20251209,91517390,0,194508,A,S,81100,500,
600011.SH,600011,20251209,91517390,0,194748,A,S,79600,500,
600011.SH,600011,20251209,91517390,0,194776,A,S,85800,1500,
600011.SH,600011,20251209,91517470,0,196387,A,S,83600,1400,
600011.SH,600011,20251209,91517470,0,196432,A,S,81800,8200,
600011.SH,600011,20251209,91517650,0,196928,A,B,70200,1300,
600011.SH,600011,20251209,91517850,0,198321,A,S,78500,5000,
600011.SH,600011,20251209,91517850,0,198723,A,B,77000,2000,
600011.SH,600011,20251209,91517850,0,199057,A,B,77000,6000,
600011.SH,600011,20251209,91517990,0,199703,A,B,71500,1300,
600011.SH,600011,20251209,91517990,0,199742,A,B,77000,10000,
600011.SH,600011,20251209,91517990,0,199759,A,S,84300,200,
600011.SH,600011,20251209,91517990,0,199796,A,B,77300,2600,
600011.SH,600011,20251209,91517990,0,201005,A,B,77100,5000,
600011.SH,600011,20251209,91518130,0,201676,A,S,78900,500,
600011.SH,600011,20251209,91518130,0,201772,A,S,79900,3000,
600011.SH,600011,20251209,91518130,0,201829,A,S,82000,3000,
600011.SH,600011,20251209,91518130,0,202215,A,S,79900,100,
600011.SH,600011,20251209,91518260,0,202268,A,S,78500,66411,
600011.SH,600011,20251209,91518260,0,202336,A,S,80500,100,
600011.SH,600011,20251209,91518260,0,202373,A,S,80800,100,
600011.SH,600011,20251209,91518260,0,202374,A,S,79800,100,
600011.SH,600011,20251209,91518260,0,202976,A,S,82500,5000,
600011.SH,600011,20251209,91518260,0,202987,A,S,83000,5000,
600011.SH,600011,20251209,91518260,0,203013,A,S,84000,5000,
600011.SH,600011,20251209,91518260,0,203185,A,S,85800,20000,
600011.SH,600011,20251209,91518260,0,203314,A,S,82000,500,
600011.SH,600011,20251209,91518260,0,203435,A,S,84500,5000,
600011.SH,600011,20251209,91518260,0,203655,A,S,80500,2700,
600011.SH,600011,20251209,91518260,0,204104,A,S,81200,800,
600011.SH,600011,20251209,91518440,0,204390,A,S,78300,100,
600011.SH,600011,20251209,91518440,0,204830,A,B,76300,300,
600011.SH,600011,20251209,91518440,0,204834,A,S,80300,300,
600011.SH,600011,20251209,91518440,0,204918,A,S,82300,300,
600011.SH,600011,20251209,91518440,0,204919,A,S,84300,300,
600011.SH,600011,20251209,91518440,0,205478,A,S,80500,400,
600011.SH,600011,20251209,91518440,0,205928,A,B,76900,9900,
600011.SH,600011,20251209,91518640,0,206216,A,B,76900,10000,
600011.SH,600011,20251209,91518640,0,206269,A,B,75000,3000,
600011.SH,600011,20251209,91518640,0,206329,A,S,82500,100,
600011.SH,600011,20251209,91518640,0,206627,A,S,85300,1100,
600011.SH,600011,20251209,91518640,0,207283,A,S,85800,400,
600011.SH,600011,20251209,91518640,0,207428,A,B,76700,1000,
600011.SH,600011,20251209,91518640,0,207703,A,B,78100,100,
600011.SH,600011,20251209,91518830,0,207979,A,B,76800,5000,
600011.SH,600011,20251209,91518830,0,208212,A,B,77500,1100,
600011.SH,600011,20251209,91518830,0,208273,A,B,77700,100,
600011.SH,600011,20251209,91518830,0,208347,A,B,77100,100,
600011.SH,600011,20251209,91518830,0,208469,A,B,77300,5000,
600011.SH,600011,20251209,91518830,0,208590,A,S,82500,11900,
600011.SH,600011,20251209,91518830,0,208596,A,S,85600,600,
600011.SH,600011,20251209,91518830,0,208780,A,B,73100,300,
600011.SH,600011,20251209,91518830,0,209039,A,B,71100,5600,
600011.SH,600011,20251209,91519070,0,209805,A,B,85800,200,
600011.SH,600011,20251209,91519180,0,210998,A,B,77600,2000,
600011.SH,600011,20251209,91519180,0,211253,A,S,85000,3000,
600011.SH,600011,20251209,91519180,0,211274,A,S,79200,300,
600011.SH,600011,20251209,91519180,0,211781,A,B,76600,300,
600011.SH,600011,20251209,91519180,0,211804,A,B,77000,1200,
600011.SH,600011,20251209,91519180,0,211990,A,B,78100,100,
600011.SH,600011,20251209,91519180,0,212000,A,B,78000,2800,
600011.SH,600011,20251209,91519360,0,212554,A,S,79200,20400,
600011.SH,600011,20251209,91519360,0,212700,A,S,78300,1000,
600011.SH,600011,20251209,91519450,0,213513,A,B,76000,1000,
600011.SH,600011,20251209,91519450,0,213844,A,S,80000,800,
600011.SH,600011,20251209,91519450,0,213845,A,S,81000,800,
600011.SH,600011,20251209,91519450,0,214160,A,B,77000,3800,
600011.SH,600011,20251209,91519450,0,214163,A,B,74000,3800,
600011.SH,600011,20251209,91519450,0,214170,A,S,85000,3500,
600011.SH,600011,20251209,91519450,0,214477,A,B,70200,1000,
600011.SH,600011,20251209,91519450,0,214710,A,S,79900,2000,
600011.SH,600011,20251209,91519450,0,212000,D,B,78000,2800,
600011.SH,600011,20251209,91519630,0,215673,A,S,78400,2000,
600011.SH,600011,20251209,91519630,0,215760,A,S,85800,2000,
600011.SH,600011,20251209,91519630,0,215890,A,S,85800,10900,
600011.SH,600011,20251209,91519630,0,216141,A,S,79200,700,
600011.SH,600011,20251209,91519630,0,216282,A,S,85800,500,
600011.SH,600011,20251209,91519630,0,216642,A,S,85800,600,
600011.SH,600011,20251209,91519810,0,217065,A,S,80800,1300,
600011.SH,600011,20251209,91519810,0,217287,A,S,85800,2700,
600011.SH,600011,20251209,91519810,0,217654,A,S,82500,2500,
600011.SH,600011,20251209,91519810,0,217720,A,B,72000,100,
600011.SH,600011,20251209,91519810,0,217753,A,B,76600,6600,
600011.SH,600011,20251209,91519810,0,218039,A,S,84500,2600,
600011.SH,600011,20251209,91519810,0,218210,A,S,84700,500,
600011.SH,600011,20251209,91519810,0,218220,A,B,71200,1000,
600011.SH,600011,20251209,91519810,0,218347,A,B,71000,200,
600011.SH,600011,20251209,91519810,0,218426,A,B,75000,3000,
600011.SH,600011,20251209,91519810,0,218429,A,B,74200,200,
600011.SH,600011,20251209,91519810,0,218455,A,S,81800,400,
600011.SH,600011,20251209,91519810,0,218462,A,S,84800,400,
600011.SH,600011,20251209,91519810,0,218463,A,S,85800,400,
600011.SH,600011,20251209,91519810,0,218563,A,B,73600,800,
600011.SH,600011,20251209,91519810,0,218716,A,S,85700,600,
600011.SH,600011,20251209,91520000,0,218922,A,S,82000,7500,
600011.SH,600011,20251209,91520000,0,218983,A,S,80700,500,
600011.SH,600011,20251209,91520000,0,219438,A,B,77700,2000,
600011.SH,600011,20251209,91520000,0,219464,A,B,77400,2000,
600011.SH,600011,20251209,91520000,0,219484,A,S,84500,1000,
600011.SH,600011,20251209,91520120,0,219847,A,S,85800,1000,
600011.SH,600011,20251209,91520200,0,220398,A,S,79600,3500,
600011.SH,600011,20251209,91520200,0,220415,A,B,76500,3500,
600011.SH,600011,20251209,91520200,0,220431,A,S,78600,7400,
600011.SH,600011,20251209,91520200,0,220542,A,S,85700,100,
600011.SH,600011,20251209,91520200,0,221003,A,S,80800,7000,
600011.SH,600011,20251209,91520200,0,221312,A,B,77000,100,
600011.SH,600011,20251209,91520200,0,221313,A,S,82600,100,
600011.SH,600011,20251209,91520200,0,221405,A,B,77300,1000,
600011.SH,600011,20251209,91520200,0,221415,A,B,77100,1300,
600011.SH,600011,20251209,91520200,0,221430,A,B,76700,1000,
600011.SH,600011,20251209,91520200,0,221646,A,S,78900,6300,
600011.SH,600011,20251209,91520350,0,221834,A,S,80800,1500,
600011.SH,600011,20251209,91520350,0,221835,A,S,81800,2200,
600011.SH,600011,20251209,91520350,0,221862,A,S,83800,3000,
600011.SH,600011,20251209,91520350,0,222038,A,B,77200,2000,
600011.SH,600011,20251209,91520350,0,222072,A,S,79400,6042,
600011.SH,600011,20251209,91520350,0,222117,A,S,84500,5000,
600011.SH,600011,20251209,91520350,0,222181,A,B,71100,1000,
600011.SH,600011,20251209,91520350,0,222189,A,B,76600,2000,
600011.SH,600011,20251209,91520350,0,222329,A,B,76100,2000,
600011.SH,600011,20251209,91520350,0,222554,A,S,84500,600,
600011.SH,600011,20251209,91520440,0,222654,A,S,79700,2000,
600011.SH,600011,20251209,91520440,0,222750,A,B,76500,5000,
600011.SH,600011,20251209,91520440,0,222932,A,B,73200,4000,
600011.SH,600011,20251209,91520440,0,222938,A,S,80500,200,
600011.SH,600011,20251209,91520440,0,223039,A,S,85700,1500,
600011.SH,600011,20251209,91520440,0,223115,A,B,77700,300,
600011.SH,600011,20251209,91520440,0,223223,A,B,76000,100,
600011.SH,600011,20251209,91520440,0,223312,A,S,85800,100,
600011.SH,600011,20251209,91520620,0,224708,A,B,77000,300,
600011.SH,600011,20251209,91520620,0,225080,A,S,85800,500,
600011.SH,600011,20251209,91520620,0,225275,A,B,75000,300,
600011.SH,600011,20251209,91520730,0,225377,A,B,75000,300,
600011.SH,600011,20251209,91520730,0,226038,A,B,77100,1500,
600011.SH,600011,20251209,91520730,0,226789,A,S,84800,900,
600011.SH,600011,20251209,91520730,0,226798,A,B,76000,2600,
600011.SH,600011,20251209,91520910,0,227340,A,S,83900,900,
600011.SH,600011,20251209,91520910,0,227593,A,S,85800,200,
600011.SH,600011,20251209,91521030,0,228424,A,B,71000,800,
600011.SH,600011,20251209,91521030,0,228444,A,B,70200,800,
600011.SH,600011,20251209,91521030,0,228679,A,S,84800,14100,
600011.SH,600011,20251209,91521120,0,228986,A,S,85800,1600,
600011.SH,600011,20251209,91521170,0,229315,A,S,85600,300,
600011.SH,600011,20251209,91521170,0,229405,A,S,79500,1500,
600011.SH,600011,20251209,91521170,0,229468,A,S,82300,600,
600011.SH,600011,20251209,91521220,0,229946,A,S,85800,1900,
600011.SH,600011,20251209,91521440,0,231114,A,B,75900,5000,
600011.SH,600011,20251209,91521480,0,231234,A,B,77000,10600,
600011.SH,600011,20251209,91521480,0,231297,A,S,80000,20900,
600011.SH,600011,20251209,91521520,0,231338,A,S,81600,10500,
600011.SH,600011,20251209,91521520,0,231344,A,S,83100,9500,
600011.SH,600011,20251209,91521520,0,231382,A,S,84800,10300,
600011.SH,600011,20251209,91521930,0,232748,A,S,79900,10000,
600011.SH,600011,20251209,91521930,0,232836,A,S,82000,400,
600011.SH,600011,20251209,91521930,0,232837,A,B,75600,400,
600011.SH,600011,20251209,91522030,0,233040,A,S,85800,1100,
600011.SH,600011,20251209,91522070,0,233147,A,B,76100,500,
600011.SH,600011,20251209,91522210,0,233550,A,S,85800,16500,
600011.SH,600011,20251209,91522390,0,234148,A,B,70700,700,
600011.SH,600011,20251209,91522390,0,234151,A,S,79500,1200,
600011.SH,600011,20251209,91522440,0,234342,A,S,85800,100,
600011.SH,600011,20251209,91522440,0,234347,A,S,82000,100,
600011.SH,600011,20251209,91522560,0,234772,A,B,77600,500,
600011.SH,600011,20251209,91522880,0,235632,A,B,77100,1900,
600011.SH,600011,20251209,91523210,0,236504,A,S,80800,700,
600011.SH,600011,20251209,91523380,0,236871,A,S,77600,3800,
600011.SH,600011,20251209,91525240,0,238195,A,S,85800,13600,
600011.SH,600011,20251209,91525410,0,238263,A,S,80000,2300,
600011.SH,600011,20251209,91525880,0,238322,A,B,70200,100,
600011.SH,600011,20251209,91526900,0,238562,A,S,79500,200,
600011.SH,600011,20251209,91526900,0,238563,A,B,77500,300,
600011.SH,600011,20251209,91527170,0,238664,A,B,77700,2000,
600011.SH,600011,20251209,91528880,0,239030,A,B,77500,400,
600011.SH,600011,20251209,91528880,0,239031,A,S,78600,400,
600011.SH,600011,20251209,91529350,0,239185,A,B,77600,1300,
600011.SH,600011,20251209,91529570,0,239221,A,S,79100,100000,
600011.SH,600011,20251209,91537970,0,241319,A,B,72800,200,
600011.SH,600011,20251209,91538640,0,241550,A,S,78800,1300,
600011.SH,600011,20251209,91540890,0,242178,A,S,85100,200,
600011.SH,600011,20251209,91540960,0,242203,A,S,78500,200,
600011.SH,600011,20251209,91540960,0,242205,A,B,77700,200,
600011.SH,600011,20251209,91543030,0,242813,A,S,83900,100,
600011.SH,600011,20251209,91543030,0,242814,A,B,77300,100,
600011.SH,600011,20251209,91543890,0,243090,A,S,80500,10000,
600011.SH,600011,20251209,91543920,0,243097,A,B,75500,10000,
600011.SH,600011,20251209,91544600,0,243316,A,S,81900,300,
600011.SH,600011,20251209,91545500,0,243635,A,B,77000,50000,
600011.SH,600011,20251209,91545890,0,243699,A,S,78700,4000,
600011.SH,600011,20251209,91545950,0,243713,A,S,78800,1000,
600011.SH,600011,20251209,91545950,0,243714,A,B,77000,1000,
600011.SH,600011,20251209,91547730,0,244289,A,S,85000,600,
600011.SH,600011,20251209,91548460,0,244537,A,S,75000,5100,
600011.SH,600011,20251209,91548870,0,244599,A,S,79100,500,
600011.SH,600011,20251209,91548900,0,244600,A,B,76900,500,
600011.SH,600011,20251209,91550630,0,245176,A,S,78100,3300,
600011.SH,600011,20251209,91553890,0,47648,D,B,78100,2000,
600011.SH,600011,20251209,91555260,0,246591,A,S,82500,1300,
600011.SH,600011,20251209,91559040,0,247826,A,B,77400,10000,
600011.SH,600011,20251209,91600430,0,248314,A,S,78200,20000,
600011.SH,600011,20251209,91604910,0,249857,A,S,81400,2000,
600011.SH,600011,20251209,91607280,0,250678,A,B,77000,5000,
600011.SH,600011,20251209,91607970,0,250840,A,S,81100,100,
600011.SH,600011,20251209,91607970,0,250841,A,B,72700,100,
600011.SH,600011,20251209,91611200,0,251467,A,B,85800,400,
600011.SH,600011,20251209,91613650,0,251934,A,S,85600,200,
600011.SH,600011,20251209,91616230,0,252398,A,B,77500,1000,
600011.SH,600011,20251209,91616270,0,252403,A,B,76600,2000,
600011.SH,600011,20251209,91619700,0,253020,A,S,78300,20000,
600011.SH,600011,20251209,91621610,0,253391,A,S,80200,20000,
600011.SH,600011,20251209,91622610,0,253565,A,B,77700,100,
600011.SH,600011,20251209,91623620,0,253754,A,S,78500,1000,
600011.SH,600011,20251209,91625010,0,254025,A,S,78400,4500,
600011.SH,600011,20251209,91626110,0,254256,A,B,77600,2000,
600011.SH,600011,20251209,91631270,0,255223,A,S,79000,1000,
600011.SH,600011,20251209,91634300,0,255908,A,S,78900,500,
600011.SH,600011,20251209,91637640,0,256582,A,B,77000,1000,
600011.SH,600011,20251209,91637740,0,256602,A,S,78600,53700,
600011.SH,600011,20251209,91639470,0,256946,A,S,78400,2000,
600011.SH,600011,20251209,91639750,0,257011,A,B,76000,500,
600011.SH,600011,20251209,91641600,0,257413,A,B,77400,2000,
600011.SH,600011,20251209,91641790,0,257449,A,B,76200,900,
600011.SH,600011,20251209,91642670,0,257644,A,B,76600,2000,
600011.SH,600011,20251209,91643010,0,257712,A,B,75000,500,
600011.SH,600011,20251209,91643530,0,257816,A,B,76300,8500,
600011.SH,600011,20251209,91647690,0,258674,A,B,77500,1500,
600011.SH,600011,20251209,91648060,0,258750,A,S,85500,200,
600011.SH,600011,20251209,91650350,0,259240,A,B,77200,2000,
600011.SH,600011,20251209,91652440,0,259723,A,B,76700,300,
600011.SH,600011,20251209,91657870,0,260855,A,B,77000,2000,
600011.SH,600011,20251209,91700270,0,261387,A,S,79000,1000,
600011.SH,600011,20251209,91700350,0,261412,A,B,77100,2600,
600011.SH,600011,20251209,91714890,0,264625,A,S,80000,1000,
600011.SH,600011,20251209,91716150,0,264892,A,S,84000,500,
600011.SH,600011,20251209,91717560,0,265219,A,S,78800,30000,
600011.SH,600011,20251209,91718690,0,90230,D,B,73600,100,
600011.SH,600011,20251209,91718700,0,265469,A,B,76500,1000,
600011.SH,600011,20251209,91723130,0,266499,A,B,77100,1000,
600011.SH,600011,20251209,91727860,0,267597,A,B,77100,3000,
600011.SH,600011,20251209,91728560,0,267765,A,S,80000,1900,
600011.SH,600011,20251209,91729170,0,267894,A,B,77400,2100,
600011.SH,600011,20251209,91732740,0,268731,A,B,77500,200,
600011.SH,600011,20251209,91735310,0,269387,A,S,85800,2000,
600011.SH,600011,20251209,91736810,0,269750,A,B,72900,2000,
600011.SH,600011,20251209,91740480,0,270598,A,S,79500,4700,
600011.SH,600011,20251209,91740760,0,270662,A,B,76600,3000,
600011.SH,600011,20251209,91742130,0,270999,A,S,78200,7800,
600011.SH,600011,20251209,91742710,0,271127,A,S,78300,10000,
600011.SH,600011,20251209,91744790,0,271608,A,B,77000,300,
600011.SH,600011,20251209,91746990,0,272163,A,B,77500,3000,
600011.SH,600011,20251209,91748590,0,99290,D,S,85700,192200,
600011.SH,600011,20251209,91751930,0,273389,A,B,75800,3000,
600011.SH,600011,20251209,91753420,0,273744,A,S,84900,1000,
600011.SH,600011,20251209,91753890,0,273863,A,B,77300,2000,
600011.SH,600011,20251209,91754470,0,274001,A,B,77700,71300,
600011.SH,600011,20251209,91802160,0,275912,A,B,76000,500,
600011.SH,600011,20251209,91804230,0,276425,A,B,77500,2000,
600011.SH,600011,20251209,91806830,0,277032,A,B,77200,1400,
600011.SH,600011,20251209,91807500,0,277210,A,S,78200,16800,
600011.SH,600011,20251209,91808610,0,277481,A,B,77600,200,
600011.SH,600011,20251209,91808940,0,277565,A,B,77400,50000,
600011.SH,600011,20251209,91811170,0,278180,A,B,74700,600,
600011.SH,600011,20251209,91812940,0,278574,A,S,80700,600,
600011.SH,600011,20251209,91813400,0,278693,A,B,76600,2000,
600011.SH,600011,20251209,91813640,0,278760,A,B,77100,400,
600011.SH,600011,20251209,91817080,0,279600,A,B,77000,2000,
600011.SH,600011,20251209,91817740,0,279779,A,S,81900,200,
600011.SH,600011,20251209,91818910,0,244537,D,S,75000,5100,
600011.SH,600011,20251209,91825050,0,281586,A,S,85800,1000,
600011.SH,600011,20251209,91825620,0,281736,A,S,79800,6200,
600011.SH,600011,20251209,91828450,0,278180,D,B,74700,600,
600011.SH,600011,20251209,91832340,0,283333,A,S,78800,200,
600011.SH,600011,20251209,91834130,0,283761,A,B,76200,3000,
600011.SH,600011,20251209,91834180,0,283773,A,S,81000,2000,
600011.SH,600011,20251209,91835790,0,284143,A,S,85000,1000,
600011.SH,600011,20251209,91837730,0,284588,A,B,77100,2000,
600011.SH,600011,20251209,91838520,0,284751,A,S,79400,1000,
600011.SH,600011,20251209,91838720,0,284809,A,S,83000,300,
600011.SH,600011,20251209,91839070,0,284893,A,B,77000,2000,
600011.SH,600011,20251209,91841330,0,285401,A,S,79600,2000,
600011.SH,600011,20251209,91844240,0,286160,A,S,85800,100,
600011.SH,600011,20251209,91844550,0,286240,A,S,80100,2300,
600011.SH,600011,20251209,91844710,0,286282,A,S,78200,9600,
600011.SH,600011,20251209,91845090,0,286384,A,S,79000,64800,
600011.SH,600011,20251209,91846900,0,286869,A,S,84000,1000,
600011.SH,600011,20251209,91850170,0,287636,A,B,77500,1000,
600011.SH,600011,20251209,91854960,0,288847,A,S,80900,1000,
600011.SH,600011,20251209,91857280,0,289402,A,B,77700,1000,
600011.SH,600011,20251209,91857680,0,289499,A,S,84900,1000,
600011.SH,600011,20251209,91900310,0,290161,A,B,77600,2000,
600011.SH,600011,20251209,91900560,0,290243,A,B,77700,1000,
600011.SH,600011,20251209,91903960,0,291107,A,B,77100,1200,
600011.SH,600011,20251209,91905640,0,291558,A,S,82400,1000,
600011.SH,600011,20251209,91909240,0,290243,D,B,77700,1000,
600011.SH,600011,20251209,91910180,0,292729,A,B,85800,1100,
600011.SH,600011,20251209,91912450,0,293364,A,S,79200,1000,
600011.SH,600011,20251209,91914120,0,293798,A,S,83900,1000,
600011.SH,600011,20251209,91916060,0,274001,D,B,77700,71300,
600011.SH,600011,20251209,91920780,0,295479,A,B,77600,1000,
600011.SH,600011,20251209,91920870,0,295499,A,B,77100,5000,
600011.SH,600011,20251209,91923130,0,296053,A,B,77600,100,
600011.SH,600011,20251209,91923730,0,296207,A,B,77600,500,
600011.SH,600011,20251209,91924460,0,296374,A,S,83000,300,
600011.SH,600011,20251209,91931260,0,298170,A,S,78400,700,
600011.SH,600011,20251209,91932890,0,298623,A,S,78800,1000,
600011.SH,600011,20251209,91936830,0,299660,A,S,78000,500,
600011.SH,600011,20251209,91939570,0,300373,A,S,78900,5000,
600011.SH,600011,20251209,91942300,0,301109,A,B,77400,8500,
600011.SH,600011,20251209,91942880,0,301259,A,B,77500,2000,
600011.SH,600011,20251209,91945790,0,302021,A,S,78700,1200,
600011.SH,600011,20251209,91952370,0,303735,A,S,72000,5100,
600011.SH,600011,20251209,91954200,0,304205,A,S,78300,2000,
600011.SH,600011,20251209,91954730,0,304346,A,S,85800,600,
600011.SH,600011,20251209,91956290,0,304753,A,S,79900,1000,
600011.SH,600011,20251209,91957490,0,305094,A,S,82800,1000,
600011.SH,600011,20251209,91958040,0,305233,A,S,83000,1000,
600011.SH,600011,20251209,91959300,0,305575,A,S,78800,2000,
600011.SH,600011,20251209,92001060,0,306145,A,B,81800,300,
600011.SH,600011,20251209,92001680,0,306378,A,S,70200,300,
600011.SH,600011,20251209,92001680,0,306379,A,B,85800,700,
600011.SH,600011,20251209,92002180,0,306601,A,B,85800,200,
600011.SH,600011,20251209,92002950,0,306857,A,B,85800,5700,
600011.SH,600011,20251209,92009920,0,309171,A,B,77300,2000,
600011.SH,600011,20251209,92010690,0,309390,A,S,75500,1900,
600011.SH,600011,20251209,92011310,0,309565,A,B,77200,1000,
600011.SH,600011,20251209,92011580,0,309650,A,S,70200,100,
600011.SH,600011,20251209,92013080,0,310106,A,S,70200,200,
600011.SH,600011,20251209,92013260,0,310156,A,S,85800,2500,
600011.SH,600011,20251209,92014030,0,310371,A,S,85600,5400,
600011.SH,600011,20251209,92019280,0,311804,A,S,79800,32100,
600011.SH,600011,20251209,92020930,0,312258,A,S,71800,600,
600011.SH,600011,20251209,92024200,0,313207,A,B,77500,50000,
600011.SH,600011,20251209,92025530,0,313577,A,S,71800,100,
600011.SH,600011,20251209,92026170,0,313755,A,B,77100,5000,
600011.SH,600011,20251209,92031180,0,315125,A,S,78500,20000,
600011.SH,600011,20251209,92032640,0,315541,A,B,85800,500,
600011.SH,600011,20251209,92036570,0,316635,A,S,78500,1000,
600011.SH,600011,20251209,92038090,0,317052,A,S,78600,10000,
600011.SH,600011,20251209,92040020,0,317588,A,B,70200,1000,
600011.SH,600011,20251209,92040770,0,317800,A,S,80800,400,
600011.SH,600011,20251209,92041340,0,317993,A,S,78200,1000,
600011.SH,600011,20251209,92043020,0,318463,A,S,85800,1000,
600011.SH,600011,20251209,92043880,0,318691,A,B,77100,300,
600011.SH,600011,20251209,92044510,0,318892,A,S,78400,1000,
600011.SH,600011,20251209,92044930,0,319001,A,S,78700,10000,
600011.SH,600011,20251209,92047680,0,319753,A,B,76600,3200,
600011.SH,600011,20251209,92048750,0,320062,A,B,77700,200,
600011.SH,600011,20251209,92049610,0,320335,A,S,81100,500,
600011.SH,600011,20251209,92050790,0,320671,A,S,78300,1000,
600011.SH,600011,20251209,92052240,0,321056,A,S,78300,27800,
600011.SH,600011,20251209,92052270,0,321061,A,S,78500,10000,
600011.SH,600011,20251209,92052690,0,321180,A,S,83300,500,
600011.SH,600011,20251209,92053290,0,321363,A,S,77900,4000,
600011.SH,600011,20251209,92054860,0,321845,A,S,78900,3200,
600011.SH,600011,20251209,92055960,0,322167,A,S,85500,500,
600011.SH,600011,20251209,92056360,0,322280,A,S,85800,5900,
600011.SH,600011,20251209,92057160,0,322495,A,B,76600,300,
600011.SH,600011,20251209,92101260,0,323694,A,S,80500,2000,
600011.SH,600011,20251209,92101740,0,323832,A,S,78200,500,
600011.SH,600011,20251209,92103040,0,324196,A,B,77500,10000,
600011.SH,600011,20251209,92103900,0,324453,A,B,77100,7400,
600011.SH,600011,20251209,92107210,0,325398,A,S,85800,700,
600011.SH,600011,20251209,92109110,0,325952,A,B,76300,2600,
600011.SH,600011,20251209,92109200,0,325978,A,B,77000,8000,
600011.SH,600011,20251209,92110360,0,326328,A,B,77600,10000,
600011.SH,600011,20251209,92111880,0,326776,A,S,78800,1300,
600011.SH,600011,20251209,92113360,0,327239,A,B,77900,71200,
600011.SH,600011,20251209,92116420,0,328128,A,B,73100,7000,
600011.SH,600011,20251209,92116700,0,328202,A,B,76900,100,
600011.SH,600011,20251209,92116820,0,328239,A,B,76900,400,
600011.SH,600011,20251209,92117450,0,328450,A,B,77200,500,
600011.SH,600011,20251209,92118530,0,328782,A,B,77100,300,
600011.SH,600011,20251209,92118710,0,328835,A,B,77000,1000,
600011.SH,600011,20251209,92118820,0,328867,A,B,77400,10000,
600011.SH,600011,20251209,92118860,0,328875,A,S,82800,1500,
600011.SH,600011,20251209,92119270,0,328995,A,B,77100,600,
600011.SH,600011,20251209,92120850,0,329451,A,S,78000,3200,
600011.SH,600011,20251209,92121610,0,329681,A,B,76800,1300,
600011.SH,600011,20251209,92121880,0,329756,A,S,78900,10000,
600011.SH,600011,20251209,92123430,0,330240,A,B,77700,1000,
600011.SH,600011,20251209,92123780,0,330367,A,B,76600,300,
600011.SH,600011,20251209,92125750,0,330902,A,B,77300,10000,
600011.SH,600011,20251209,92129400,0,331959,A,S,78900,300,
600011.SH,600011,20251209,92130060,0,332140,A,B,76900,9000,
600011.SH,600011,20251209,92130120,0,332160,A,S,82900,500,
600011.SH,600011,20251209,92131800,0,332700,A,S,78000,1600,
600011.SH,600011,20251209,92133470,0,333214,A,B,77500,1000,
600011.SH,600011,20251209,92137390,0,334472,A,B,76900,400,
600011.SH,600011,20251209,92138770,0,334914,A,B,85800,100,
600011.SH,600011,20251209,92140370,0,335382,A,S,85800,1000,
600011.SH,600011,20251209,92140690,0,335489,A,S,78000,2000,
600011.SH,600011,20251209,92141690,0,335806,A,B,77500,1000,
600011.SH,600011,20251209,92142820,0,336113,A,S,77900,5600,
600011.SH,600011,20251209,92145000,0,336820,A,S,78300,20000,
600011.SH,600011,20251209,92145420,0,336962,A,S,78300,100000,
600011.SH,600011,20251209,92146080,0,337149,A,S,80500,1300,
600011.SH,600011,20251209,92146430,0,337264,A,S,78100,2000,
600011.SH,600011,20251209,92147370,0,337567,A,B,78200,1300,
600011.SH,600011,20251209,92148930,0,338039,A,B,77300,400,
600011.SH,600011,20251209,92149200,0,338130,A,B,77300,1800,
600011.SH,600011,20251209,92150200,0,338451,A,S,78900,2700,
600011.SH,600011,20251209,92150920,0,338664,A,S,70200,600,
600011.SH,600011,20251209,92151080,0,338739,A,B,78500,3900,
600011.SH,600011,20251209,92152700,0,339312,A,S,78200,3000,
600011.SH,600011,20251209,92201440,0,342143,A,S,77900,5000,
600011.SH,600011,20251209,92202670,0,342625,A,B,74000,500,
600011.SH,600011,20251209,92203220,0,342814,A,B,76500,1000,
600011.SH,600011,20251209,92206990,0,344017,A,S,79000,3000,
600011.SH,600011,20251209,92207070,0,344048,A,S,79200,400,
600011.SH,600011,20251209,92208480,0,344546,A,S,78200,92200,
600011.SH,600011,20251209,92210830,0,345261,A,B,77800,1300,
600011.SH,600011,20251209,92211940,0,345639,A,B,77200,3000,
600011.SH,600011,20251209,92212110,0,345702,A,B,77600,1600,
600011.SH,600011,20251209,92212110,0,345706,A,B,76900,400,
600011.SH,600011,20251209,92212390,0,345797,A,S,78200,50000,
600011.SH,600011,20251209,92219820,0,348227,A,S,78700,10000,
600011.SH,600011,20251209,92221220,0,348697,A,S,78600,1400,
600011.SH,600011,20251209,92221690,0,348876,A,S,80000,500,
600011.SH,600011,20251209,92223150,0,349355,A,B,75700,200,
600011.SH,600011,20251209,92228320,0,351105,A,S,78100,1000,
600011.SH,600011,20251209,92231140,0,352075,A,S,80600,1200,
600011.SH,600011,20251209,92231790,0,352286,A,B,77500,1300,
600011.SH,600011,20251209,92231860,0,352304,A,S,80400,200,
600011.SH,600011,20251209,92231900,0,352328,A,B,77000,1000,
600011.SH,600011,20251209,92234830,0,353281,A,S,78800,300,
600011.SH,600011,20251209,92237450,0,354156,A,S,79000,10000,
600011.SH,600011,20251209,92238550,0,354542,A,B,78100,3000,
600011.SH,600011,20251209,92239180,0,354758,A,B,77300,1500,
600011.SH,600011,20251209,92239720,0,354954,A,B,77300,3300,
600011.SH,600011,20251209,92243380,0,356205,A,B,77200,600,
600011.SH,600011,20251209,92246090,0,357145,A,B,77900,1000,
600011.SH,600011,20251209,92246790,0,357405,A,S,80400,1000,
600011.SH,600011,20251209,92248100,0,357878,A,S,78900,1000,
600011.SH,600011,20251209,92248990,0,358193,A,S,80200,2000,
600011.SH,600011,20251209,92250070,0,358587,A,S,78800,6200,
600011.SH,600011,20251209,92251210,0,358995,A,B,77500,200,
600011.SH,600011,20251209,92252450,0,359432,A,S,78600,10000,
600011.SH,600011,20251209,92252980,0,359594,A,B,76800,600,
600011.SH,600011,20251209,92254200,0,360009,A,S,82800,1000,
600011.SH,600011,20251209,92255560,0,360471,A,B,85700,500,
600011.SH,600011,20251209,92257180,0,361002,A,B,76000,1300,
600011.SH,600011,20251209,92258720,0,361542,A,S,81800,1000,
600011.SH,600011,20251209,92259130,0,361690,A,S,81000,800,
600011.SH,600011,20251209,92301500,0,362574,A,B,76500,700,
600011.SH,600011,20251209,92305240,0,364014,A,S,85800,2000,
600011.SH,600011,20251209,92307710,0,364975,A,B,77500,5000,
600011.SH,600011,20251209,92307990,0,365076,A,B,76000,600,
600011.SH,600011,20251209,92308790,0,365346,A,B,77600,2000,
600011.SH,600011,20251209,92309530,0,365622,A,S,79700,9300,
600011.SH,600011,20251209,92310040,0,365826,A,S,77700,1300,
600011.SH,600011,20251209,92311560,0,366378,A,S,78800,30000,
600011.SH,600011,20251209,92312840,0,366877,A,B,77200,1500,
600011.SH,600011,20251209,92313040,0,366957,A,B,77900,100,
600011.SH,600011,20251209,92313100,0,366976,A,S,78600,300,
600011.SH,600011,20251209,92313280,0,367057,A,B,77000,5000,
600011.SH,600011,20251209,92314360,0,367474,A,S,78200,2000,
600011.SH,600011,20251209,92315660,0,367954,A,S,79400,25000,
600011.SH,600011,20251209,92317320,0,368585,A,B,74000,700,
600011.SH,600011,20251209,92318210,0,368933,A,S,80000,13800,
600011.SH,600011,20251209,92319950,0,369714,A,S,80000,4200,
600011.SH,600011,20251209,92320870,0,370093,A,S,79900,2000,
600011.SH,600011,20251209,92323040,0,370950,A,B,76500,5000,
600011.SH,600011,20251209,92325980,0,372098,A,S,80000,1000,
600011.SH,600011,20251209,92327200,0,372622,A,S,77900,6000,
600011.SH,600011,20251209,92327480,0,372721,A,B,76000,5000,
600011.SH,600011,20251209,92331100,0,374248,A,S,79200,10800,
600011.SH,600011,20251209,92331390,0,374375,A,B,77000,500,
600011.SH,600011,20251209,92334430,0,375603,A,B,77100,1000,
600011.SH,600011,20251209,92335450,0,376049,A,S,78700,5000,
600011.SH,600011,20251209,92338440,0,377288,A,S,79200,300,
600011.SH,600011,20251209,92340730,0,378251,A,S,79200,5000,
600011.SH,600011,20251209,92345120,0,380068,A,S,79600,5000,
600011.SH,600011,20251209,92345130,0,380070,A,B,77000,1000,
600011.SH,600011,20251209,92345420,0,380218,A,B,74000,100,
600011.SH,600011,20251209,92345760,0,380354,A,B,76000,100,
600011.SH,600011,20251209,92346440,0,380641,A,S,78800,3500,
600011.SH,600011,20251209,92349390,0,381939,A,S,80000,5000,
600011.SH,600011,20251209,92350620,0,382455,A,S,85500,11000,
600011.SH,600011,20251209,92351440,0,382819,A,S,84000,400,
600011.SH,600011,20251209,92354580,0,384080,A,B,77200,1300,
600011.SH,600011,20251209,92355880,0,384616,A,B,77700,3000,
600011.SH,600011,20251209,92356320,0,384808,A,S,85700,1400,
600011.SH,600011,20251209,92400090,0,386459,A,B,81800,5000,
600011.SH,600011,20251209,92402160,0,387517,A,B,76800,1500,
600011.SH,600011,20251209,92404070,0,388381,A,B,77900,600,
600011.SH,600011,20251209,92405190,0,388949,A,B,81800,3200,
600011.SH,600011,20251209,92406100,0,389457,A,S,78600,2000,
600011.SH,600011,20251209,92406780,0,389797,A,B,81400,7700,
600011.SH,600011,20251209,92407680,0,390238,A,B,81500,1800,
600011.SH,600011,20251209,92409130,0,391011,A,S,79900,2000,
600011.SH,600011,20251209,92409740,0,391334,A,B,81500,1600,
600011.SH,600011,20251209,92411080,0,392073,A,S,78000,100,
600011.SH,600011,20251209,92412780,0,392950,A,S,78800,3000,
600011.SH,600011,20251209,92413340,0,393312,A,S,85400,11000,
600011.SH,600011,20251209,92413710,0,393507,A,B,78000,2000,
600011.SH,600011,20251209,92417340,0,395649,A,S,80500,2000,
600011.SH,600011,20251209,92418530,0,396344,A,S,77700,3000,
600011.SH,600011,20251209,92419820,0,397085,A,S,85500,100,
600011.SH,600011,20251209,92423340,0,399185,A,S,78200,2000,
600011.SH,600011,20251209,92423480,0,399260,A,B,77400,4000,
600011.SH,600011,20251209,92428050,0,402127,A,B,76000,900,
600011.SH,600011,20251209,92428970,0,402693,A,S,78500,2000,
600011.SH,600011,20251209,92429880,0,403263,A,S,79900,4800,
600011.SH,600011,20251209,92431100,0,404088,A,S,78500,500,
600011.SH,600011,20251209,92433120,0,405402,A,B,81500,1900,
600011.SH,600011,20251209,92434430,0,406274,A,S,78000,9800,
600011.SH,600011,20251209,92435650,0,407068,A,B,76900,2000,
600011.SH,600011,20251209,92436400,0,407573,A,S,78800,4000,
600011.SH,600011,20251209,92436680,0,407758,A,B,77500,2000,
600011.SH,600011,20251209,92436890,0,407921,A,S,78300,3000,
600011.SH,600011,20251209,92437260,0,408173,A,B,81100,15000,
600011.SH,600011,20251209,92442970,0,412551,A,S,76000,6300,
600011.SH,600011,20251209,92443100,0,412651,A,S,78000,200,
600011.SH,600011,20251209,92443360,0,412856,A,S,77800,11300,
600011.SH,600011,20251209,92444930,0,413963,A,S,76800,500,
600011.SH,600011,20251209,92445910,0,414667,A,S,85800,23400,
600011.SH,600011,20251209,92447230,0,415673,A,B,78000,32000,
600011.SH,600011,20251209,92447450,0,415846,A,B,85700,900,
600011.SH,600011,20251209,92448360,0,416525,A,B,77900,900,
600011.SH,600011,20251209,92448360,0,416526,A,S,85800,23400,
600011.SH,600011,20251209,92448440,0,416600,A,S,77900,10000,
600011.SH,600011,20251209,92448940,0,417134,A,B,78000,15000,
600011.SH,600011,20251209,92449040,0,417215,A,B,77500,7300,
600011.SH,600011,20251209,92450330,0,418626,A,S,76800,100,
600011.SH,600011,20251209,92450380,0,418763,A,B,85800,800,
600011.SH,600011,20251209,92450500,0,418892,A,B,79200,1300,
600011.SH,600011,20251209,92452630,0,421134,A,B,85800,800,
600011.SH,600011,20251209,92452660,0,421168,A,S,78600,3000,
600011.SH,600011,20251209,92453270,0,421779,A,B,80400,1400,
600011.SH,600011,20251209,92454560,0,423154,A,B,78800,100,
600011.SH,600011,20251209,92454920,0,423582,A,S,78000,9300,
600011.SH,600011,20251209,92454920,0,423583,A,S,78000,9300,
600011.SH,600011,20251209,92454920,0,423587,A,S,78000,300,
600011.SH,600011,20251209,92455100,0,423847,A,B,84800,800,
600011.SH,600011,20251209,92455200,0,424000,A,B,78800,200,
600011.SH,600011,20251209,92455380,0,424238,A,B,78800,100,
600011.SH,600011,20251209,92455710,0,424648,A,S,81800,700,
600011.SH,600011,20251209,92456110,0,425217,A,S,76400,2700,
600011.SH,600011,20251209,92456340,0,425620,A,B,85800,800,
600011.SH,600011,20251209,92456520,0,425931,A,B,79600,100,
600011.SH,600011,20251209,92456830,0,426457,A,B,79600,200,
600011.SH,600011,20251209,92456930,0,426633,A,B,79600,200,
600011.SH,600011,20251209,92457000,0,426720,A,B,78800,200,
600011.SH,600011,20251209,92457080,0,426878,A,B,80700,3400,
600011.SH,600011,20251209,92457080,0,426886,A,B,79600,3200,
600011.SH,600011,20251209,92457080,0,426927,A,B,79600,3200,
600011.SH,600011,20251209,92457110,0,426963,A,B,80300,5500,
600011.SH,600011,20251209,92457110,0,426970,A,B,79600,5900,
600011.SH,600011,20251209,92457170,0,427136,A,B,80000,2000,
600011.SH,600011,20251209,92457340,0,427428,A,B,79600,200,
600011.SH,600011,20251209,92457360,0,427463,A,B,80000,2100,
600011.SH,600011,20251209,92457520,0,427840,A,B,79600,200,
600011.SH,600011,20251209,92457550,0,427912,A,B,80300,1800,
600011.SH,600011,20251209,92457550,0,427913,A,B,80700,3300,
600011.SH,600011,20251209,92457550,0,427914,A,B,80300,3800,
600011.SH,600011,20251209,92457590,0,428029,A,B,80000,5700,
600011.SH,600011,20251209,92457590,0,428048,A,B,80300,2000,
600011.SH,600011,20251209,92457630,0,428220,A,B,79600,100,
600011.SH,600011,20251209,92457930,0,428815,A,B,78000,100,
600011.SH,600011,20251209,92457970,0,428870,A,B,79600,200,
600011.SH,600011,20251209,92457970,0,428912,A,B,78000,100,
600011.SH,600011,20251209,92458050,0,429042,A,B,79600,100,
600011.SH,600011,20251209,92458110,0,429146,A,B,79600,300,
600011.SH,600011,20251209,92458110,0,429161,A,B,81600,9200,
600011.SH,600011,20251209,92458250,0,429530,A,B,79600,700,
600011.SH,600011,20251209,92458280,0,429614,A,B,79600,200,
600011.SH,600011,20251209,92458320,0,429701,A,B,79600,1000,
600011.SH,600011,20251209,92458460,0,430046,A,B,79600,100,
600011.SH,600011,20251209,92458540,0,430331,A,B,79600,200,
600011.SH,600011,20251209,92458590,0,430436,A,B,79600,200,
600011.SH,600011,20251209,92458770,0,430877,A,B,79600,200,
600011.SH,600011,20251209,92459190,0,431762,A,B,78700,200,
600011.SH,600011,20251209,92459450,0,432469,A,B,78400,20700,
600011.SH,600011,20251209,92459720,0,433256,A,B,79500,100,
600011.SH,600011,20251209,92459720,0,433261,A,B,79500,2000,
600011.SH,600011,20251209,92501160,0,0,S,O,0,0,
600011.SH,600011,20251209,93000000,0,434180,A,S,78200,2600,
600011.SH,600011,20251209,93000320,0,435450,A,S,78200,100,
600011.SH,600011,20251209,93000340,0,435548,A,B,77600,500,
600011.SH,600011,20251209,93000400,0,436106,A,S,78200,100,
600011.SH,600011,20251209,93002310,0,437915,A,S,78200,100,
600011.SH,600011,20251209,93002310,0,438027,A,S,78200,8100,
600011.SH,600011,20251209,93002310,0,438031,A,S,78100,1000,
600011.SH,600011,20251209,93002310,0,438031,D,S,78100,1000,
600011.SH,600011,20251209,93002310,0,438094,A,S,78200,10800,
600011.SH,600011,20251209,93002460,0,438553,A,S,78100,2500,
600011.SH,600011,20251209,93002480,0,438724,A,S,78600,5000,
600011.SH,600011,20251209,93002550,0,439669,A,S,78200,1400,
600011.SH,600011,20251209,93002650,0,440412,A,S,78900,2400,
600011.SH,600011,20251209,93002650,0,440762,A,S,78800,22000,
600011.SH,600011,20251209,93002650,0,441182,A,S,78700,12000,
600011.SH,600011,20251209,93002650,0,441211,A,S,78900,2800,
600011.SH,600011,20251209,93002800,0,442057,A,S,79400,1500,
600011.SH,600011,20251209,93002800,0,442193,A,S,78200,100,
600011.SH,600011,20251209,93002800,0,442805,A,S,79900,2000,
600011.SH,600011,20251209,93002800,0,442817,A,S,79800,10000,
600011.SH,600011,20251209,93002800,0,443034,A,S,81200,15000,
600011.SH,600011,20251209,93002800,0,443096,A,B,77200,1000,
600011.SH,600011,20251209,93002800,0,443434,A,S,80600,5000,
600011.SH,600011,20251209,93002950,0,443708,A,S,79900,3000,
600011.SH,600011,20251209,93002950,0,443898,A,S,79600,3000,
600011.SH,600011,20251209,93002950,0,444045,A,S,78200,100,
600011.SH,600011,20251209,93002950,0,444462,A,S,78600,3000,
600011.SH,600011,20251209,93002950,0,444593,A,S,78700,3000,
600011.SH,600011,20251209,93002950,0,445207,A,S,78100,1300,
600011.SH,600011,20251209,93002950,0,445219,A,B,77500,2000,
600011.SH,600011,20251209,93003090,0,445399,A,B,77400,2000,
600011.SH,600011,20251209,93003090,0,445618,A,S,78700,1500,
600011.SH,600011,20251209,93003090,0,445626,A,B,77200,2000,
600011.SH,600011,20251209,93003090,0,445688,A,S,78100,1000,
600011.SH,600011,20251209,93003090,0,445974,A,S,79000,1000,
600011.SH,600011,20251209,93003090,0,446232,A,B,78100,11200,
600011.SH,600011,20251209,93003090,0,446714,A,S,78500,1000,
600011.SH,600011,20251209,93003090,0,447000,A,S,78600,900,
600011.SH,600011,20251209,93003250,0,447213,A,S,78400,2000,
600011.SH,600011,20251209,93003250,0,447381,A,S,78200,2000,
600011.SH,600011,20251209,93003250,0,447419,A,B,77700,10000,
600011.SH,600011,20251209,93003400,0,449509,A,B,78100,100,
600011.SH,600011,20251209,93003400,0,450254,A,B,77700,7300,
600011.SH,600011,20251209,93003550,0,450841,A,B,77600,10000,
600011.SH,600011,20251209,93003550,0,451119,A,S,85800,2000,
600011.SH,600011,20251209,93003550,0,451470,A,S,79500,32600,
600011.SH,600011,20251209,93003550,0,452045,A,S,79900,2000,
600011.SH,600011,20251209,93003700,0,452226,A,S,82800,2000,
600011.SH,600011,20251209,93003700,0,452672,A,S,79800,3300,
600011.SH,600011,20251209,93003700,0,452900,A,S,83300,500,
600011.SH,600011,20251209,93003700,0,453068,A,S,80300,500,
600011.SH,600011,20251209,93003700,0,453148,A,B,77500,500,
600011.SH,600011,20251209,93003850,0,454199,A,B,77500,500,
600011.SH,600011,20251209,93003850,0,454641,A,S,78600,3000,
600011.SH,600011,20251209,93003850,0,454855,A,S,78200,100,
600011.SH,600011,20251209,93003850,0,454958,A,B,77700,200,
600011.SH,600011,20251209,93004150,0,457919,A,S,79500,3500,
600011.SH,600011,20251209,93004150,0,457930,A,S,79800,5000,
600011.SH,600011,20251209,93004310,0,459554,A,B,78100,100,
600011.SH,600011,20251209,93004450,0,461439,A,S,78500,54000,
600011.SH,600011,20251209,93004450,0,461515,A,S,78800,60000,
600011.SH,600011,20251209,93004450,0,461545,A,S,78900,100000,
600011.SH,600011,20251209,93004450,0,461603,A,S,79200,100000,
600011.SH,600011,20251209,93004450,0,461634,A,S,79500,100000,
600011.SH,600011,20251209,93004760,0,464131,A,B,77700,500,
600011.SH,600011,20251209,93004760,0,464265,A,B,77600,1300,
600011.SH,600011,20251209,93004760,0,464271,A,B,77800,100,
600011.SH,600011,20251209,93004760,0,464757,A,S,81300,7000,
600011.SH,600011,20251209,93005040,0,467719,A,S,79300,1000,
600011.SH,600011,20251209,93005040,0,468598,A,B,77000,500,
600011.SH,600011,20251209,93005040,0,468863,A,S,78400,3100,
600011.SH,600011,20251209,93005210,0,438027,D,S,78200,8100,
600011.SH,600011,20251209,93005210,0,470142,A,B,77700,2000,
600011.SH,600011,20251209,93005210,0,470172,A,S,78600,2000,
600011.SH,600011,20251209,93005350,0,471442,A,S,78200,1000,
600011.SH,600011,20251209,93005350,0,471642,A,S,78900,500,
600011.SH,600011,20251209,93005350,0,471719,A,S,80900,500,
600011.SH,600011,20251209,93005350,0,471767,A,S,82100,500,
600011.SH,600011,20251209,93005350,0,471881,A,S,78800,50000,
600011.SH,600011,20251209,93005350,0,472230,A,S,78200,100,
600011.SH,600011,20251209,93005510,0,473004,A,S,78100,47200,
600011.SH,600011,20251209,93005510,0,473463,A,S,78100,3800,
600011.SH,600011,20251209,93005510,0,474019,A,S,79000,3000,
600011.SH,600011,20251209,93005650,0,475597,A,S,78400,5000,
600011.SH,600011,20251209,93005800,0,476236,A,S,78300,24000,
600011.SH,600011,20251209,93005800,0,476261,A,S,85700,1200,
600011.SH,600011,20251209,93005800,0,476631,A,S,78900,500,
600011.SH,600011,20251209,93005950,0,479230,A,B,77300,100,
600011.SH,600011,20251209,93006100,0,480424,A,S,84800,23400,
600011.SH,600011,20251209,93006100,0,480818,A,S,78100,500,
600011.SH,600011,20251209,93006260,0,482795,A,S,78600,30000,
600011.SH,600011,20251209,93006420,0,483050,A,S,85000,100,
600011.SH,600011,20251209,93006420,0,483554,A,S,78100,1300,
600011.SH,600011,20251209,93006560,0,428912,D,B,78000,100,
600011.SH,600011,20251209,93006710,0,486436,A,B,77200,100,
600011.SH,600011,20251209,93006710,0,486794,A,S,81000,2300,
600011.SH,600011,20251209,93006840,0,488306,A,B,77500,200,
600011.SH,600011,20251209,93006840,0,428815,D,B,78000,100,
600011.SH,600011,20251209,93006840,0,489526,A,S,78200,1100,
600011.SH,600011,20251209,93006990,0,490878,A,B,77800,1600,
600011.SH,600011,20251209,93007130,0,492234,A,S,80500,100,
600011.SH,600011,20251209,93007130,0,492916,A,S,78100,1500,
600011.SH,600011,20251209,93007130,0,493108,A,B,77000,1000,
600011.SH,600011,20251209,93007290,0,494265,A,S,79100,200,
600011.SH,600011,20251209,93007450,0,494855,A,S,78100,100,
600011.SH,600011,20251209,93007450,0,494873,A,S,84000,1000,
600011.SH,600011,20251209,93007450,0,495962,A,S,78100,200,
600011.SH,600011,20251209,93007600,0,496864,A,B,78000,900,
600011.SH,600011,20251209,93007600,0,498076,A,S,78200,1500,
600011.SH,600011,20251209,93007760,0,498660,A,B,77700,1900,
600011.SH,600011,20251209,93007760,0,304205,D,S,78300,2000,
600011.SH,600011,20251209,93007760,0,498660,D,B,77700,1900,
600011.SH,600011,20251209,93007760,0,499900,A,S,82000,1000,
600011.SH,600011,20251209,93007900,0,500821,A,S,78500,500,
600011.SH,600011,20251209,93007900,0,500971,A,S,78100,7600,
600011.SH,600011,20251209,93008040,0,501773,A,B,76900,500,
600011.SH,600011,20251209,93008040,0,502483,A,B,76600,500,
600011.SH,600011,20251209,93008040,0,502575,A,S,78200,100,
600011.SH,600011,20251209,93008040,0,502820,A,S,78200,1000,
600011.SH,600011,20251209,93008040,0,502862,A,S,81600,6000,
600011.SH,600011,20251209,93008200,0,503835,A,S,78900,3700,
600011.SH,600011,20251209,93008350,0,505089,A,S,80000,1000,
600011.SH,600011,20251209,93008350,0,505108,A,B,78000,4000,
600011.SH,600011,20251209,93008350,0,505269,A,S,79100,1000,
600011.SH,600011,20251209,93008350,0,505551,A,B,78000,100,
600011.SH,600011,20251209,93008350,0,505672,A,B,76600,1000,
600011.SH,600011,20251209,93008350,0,506134,A,B,78000,400,
600011.SH,600011,20251209,93008350,0,506211,A,S,78600,25000,
600011.SH,600011,20251209,93008350,0,506301,A,B,74000,8000,
600011.SH,600011,20251209,93008630,0,14874,D,S,78300,7200,
600011.SH,600011,20251209,93008760,0,509899,A,B,77600,1000,
600011.SH,600011,20251209,93008760,0,510527,A,S,78800,3000,
600011.SH,600011,20251209,93008760,0,511516,A,B,78000,500,
600011.SH,600011,20251209,93008900,0,511601,A,S,78200,1100,
600011.SH,600011,20251209,93008900,0,511764,A,B,78000,100,
600011.SH,600011,20251209,93008900,0,512516,A,S,79000,5000,
600011.SH,600011,20251209,93008900,0,512574,A,S,78100,10000,
600011.SH,600011,20251209,93008900,0,323832,D,S,78200,500,
600011.SH,600011,20251209,93009050,0,513917,A,S,78700,1500,
600011.SH,600011,20251209,93009190,0,515335,A,S,78200,1400,
600011.SH,600011,20251209,93009190,0,515601,A,S,78200,100,
600011.SH,600011,20251209,93009190,0,516309,A,S,78100,8200,
600011.SH,600011,20251209,93009340,0,248314,D,S,78200,20000,
600011.SH,600011,20251209,93009340,0,517799,A,B,77800,1000,
600011.SH,600011,20251209,93009340,0,518306,A,B,73000,200,
600011.SH,600011,20251209,93009670,0,521047,A,S,78400,1000,
600011.SH,600011,20251209,93009670,0,521982,A,S,78600,3000,
600011.SH,600011,20251209,93009670,0,522016,A,B,75800,700,
600011.SH,600011,20251209,93009670,0,522178,A,S,84600,200,
600011.SH,600011,20251209,93009970,0,524673,A,S,78200,1400,
600011.SH,600011,20251209,93009970,0,525563,A,S,82000,1200,
600011.SH,600011,20251209,93010250,0,438094,D,S,78200,10800,
600011.SH,600011,20251209,93010250,0,527992,A,S,78900,5100,
600011.SH,600011,20251209,93010250,0,528890,A,S,79900,3000,
600011.SH,600011,20251209,93010250,0,528909,A,S,80500,3000,
600011.SH,600011,20251209,93010250,0,528938,A,S,79000,2000,
600011.SH,600011,20251209,93010250,0,529067,A,B,78000,10900,
600011.SH,600011,20251209,93010250,0,529068,A,B,78000,2700,
600011.SH,600011,20251209,93010380,0,529258,A,S,78600,2000,
600011.SH,600011,20251209,93010690,0,532768,A,S,78200,300,
600011.SH,600011,20251209,93010740,0,435450,D,S,78200,100,
600011.SH,600011,20251209,93010740,0,533735,A,S,79900,1500,
600011.SH,600011,20251209,93010740,0,454855,D,S,78200,100,
600011.SH,600011,20251209,93010740,0,533824,A,B,77400,50000,
600011.SH,600011,20251209,93010740,0,331959,D,S,78900,300,
600011.SH,600011,20251209,93010910,0,535824,A,S,78200,200,
600011.SH,600011,20251209,93010910,0,536339,A,S,78700,1000,
600011.SH,600011,20251209,93011040,0,537387,A,S,78100,1700,
600011.SH,600011,20251209,93011180,0,539230,A,B,77100,10000,
600011.SH,600011,20251209,93011180,0,539953,A,S,78400,3000,
600011.SH,600011,20251209,93011340,0,506134,D,B,78000,400,
600011.SH,600011,20251209,93011340,0,541832,A,B,78000,400,
600011.SH,600011,20251209,93011490,0,543139,A,S,78100,3400,
600011.SH,600011,20251209,93011640,0,543604,A,S,78100,3400,
600011.SH,600011,20251209,93011810,0,545643,A,S,78100,500,
600011.SH,600011,20251209,93011810,0,546210,A,S,78100,200,
600011.SH,600011,20251209,93011810,0,546223,A,S,78100,200,
600011.SH,600011,20251209,93011810,0,546233,A,S,78100,100,
600011.SH,600011,20251209,93011810,0,546250,A,S,78200,100,
600011.SH,600011,20251209,93011810,0,547096,A,S,78100,100,
600011.SH,600011,20251209,93011950,0,547794,A,S,78100,100,
600011.SH,600011,20251209,93011950,0,548257,A,S,78100,200,
600011.SH,600011,20251209,93012110,0,549119,A,S,78200,2600,
600011.SH,600011,20251209,93012110,0,550401,A,S,79900,28900,
600011.SH,600011,20251209,93012270,0,551108,A,S,78500,10000,
600011.SH,600011,20251209,93012420,0,553889,A,S,78100,4900,
600011.SH,600011,20251209,93012420,0,553912,A,B,77300,100,
600011.SH,600011,20251209,93012640,0,555448,A,S,78200,2400,
600011.SH,600011,20251209,93012640,0,555972,A,B,77600,500,
600011.SH,600011,20251209,93012640,0,556078,A,B,75500,3000,
600011.SH,600011,20251209,93012950,0,559258,A,S,78100,300,
600011.SH,600011,20251209,93012950,0,559276,A,B,78000,1100,
600011.SH,600011,20251209,93012950,0,515601,D,S,78200,100,
600011.SH,600011,20251209,93013080,0,561755,A,S,78600,2000,
600011.SH,600011,20251209,93013080,0,561762,A,S,79000,3000,
600011.SH,600011,20251209,93013080,0,436106,D,S,78200,100,
600011.SH,600011,20251209,93013480,0,565694,A,S,78400,28400,
600011.SH,600011,20251209,93013480,0,565885,A,S,78100,1100,
600011.SH,600011,20251209,93013480,0,472230,D,S,78200,100,
600011.SH,600011,20251209,93013620,0,567266,A,S,78800,1000,
600011.SH,600011,20251209,93013620,0,568182,A,S,78500,23500,
600011.SH,600011,20251209,93013770,0,569233,A,S,78100,17500,
600011.SH,600011,20251209,93013770,0,569236,A,B,77600,5000,
600011.SH,600011,20251209,93013920,0,570999,A,B,77000,3000,
600011.SH,600011,20251209,93014070,0,572867,A,B,76400,300,
600011.SH,600011,20251209,93014070,0,434180,D,S,78200,2600,
600011.SH,600011,20251209,93014220,0,574909,A,S,79000,2600,
600011.SH,600011,20251209,93014220,0,575148,A,S,78200,1300,
600011.SH,600011,20251209,93014380,0,576520,A,S,79200,400,
600011.SH,600011,20251209,93014490,0,577037,A,S,78200,5200,
600011.SH,600011,20251209,93014490,0,577319,A,B,77600,800,
600011.SH,600011,20251209,93014490,0,578499,A,S,78500,200,
600011.SH,600011,20251209,93014630,0,578982,A,B,77200,2600,
600011.SH,600011,20251209,93014630,0,579010,A,S,78600,8100,
600011.SH,600011,20251209,93014780,0,580998,A,S,79200,7800,
600011.SH,600011,20251209,93014930,0,583078,A,S,78400,1700,
600011.SH,600011,20251209,93014930,0,583310,A,S,78100,5700,
600011.SH,600011,20251209,93015080,0,584005,A,S,78100,1600,
600011.SH,600011,20251209,93015080,0,584969,A,S,81000,200,
600011.SH,600011,20251209,93015230,0,585590,A,S,78900,700,
600011.SH,600011,20251209,93015230,0,586090,A,B,78000,100,
600011.SH,600011,20251209,93015230,0,586246,A,S,80000,900,
600011.SH,600011,20251209,93015230,0,586804,A,B,78000,100,
600011.SH,600011,20251209,93015380,0,588330,A,B,77300,2400,
600011.SH,600011,20251209,93015530,0,589664,A,S,78100,200,
600011.SH,600011,20251209,93015530,0,590346,A,B,78000,100,
600011.SH,600011,20251209,93015670,0,590842,A,B,78000,800,
600011.SH,600011,20251209,93015670,0,592095,A,S,78600,3000,
600011.SH,600011,20251209,93015670,0,592229,A,S,78100,300,
600011.SH,600011,20251209,93015830,0,592443,A,B,74800,200,
600011.SH,600011,20251209,93015830,0,592671,A,S,78100,100,
600011.SH,600011,20251209,93015830,0,592681,A,S,78100,100,
600011.SH,600011,20251209,93015830,0,593923,A,B,78000,300,
600011.SH,600011,20251209,93015830,0,594034,A,S,78900,1000,
600011.SH,600011,20251209,93015990,0,594330,A,S,78800,500,
600011.SH,600011,20251209,93015990,0,594810,A,B,77300,2000,
600011.SH,600011,20251209,93015990,0,444045,D,S,78200,100,
600011.SH,600011,20251209,93016140,0,596299,A,S,82000,500,
600011.SH,600011,20251209,93016140,0,596440,A,S,85800,500,
600011.SH,600011,20251209,93016140,0,596753,A,S,78100,100,
600011.SH,600011,20251209,93016140,0,596834,A,S,78100,200,
600011.SH,600011,20251209,93016300,0,598437,A,S,82000,200,
600011.SH,600011,20251209,93016300,0,598598,A,S,78100,200,
600011.SH,600011,20251209,93016300,0,599220,A,S,78500,1000,
600011.SH,600011,20251209,93016450,0,600008,A,S,78700,7000,
600011.SH,600011,20251209,93016450,0,600226,A,S,78500,20000,
600011.SH,600011,20251209,93016450,0,600344,A,S,78500,23500,
600011.SH,600011,20251209,93016450,0,600777,A,B,78000,400,
600011.SH,600011,20251209,93016450,0,601025,A,S,78100,100,
600011.SH,600011,20251209,93016600,0,601664,A,B,78000,200,
600011.SH,600011,20251209,93016600,0,601889,A,S,78100,2800,
600011.SH,600011,20251209,93016600,0,601968,A,S,78800,2000,
600011.SH,600011,20251209,93016600,0,500821,D,S,78500,500,
600011.SH,600011,20251209,93016740,0,603515,A,S,78200,1000,
600011.SH,600011,20251209,93016740,0,321061,D,S,78500,10000,
600011.SH,600011,20251209,93016890,0,605661,A,S,78100,1600,
600011.SH,600011,20251209,93017040,0,606788,A,S,81000,1000,
600011.SH,600011,20251209,93017180,0,608424,A,S,81200,900,
600011.SH,600011,20251209,93017180,0,608728,A,S,78900,2000,
600011.SH,600011,20251209,93017180,0,609036,A,B,78000,500,
600011.SH,600011,20251209,93017330,0,610244,A,B,78000,100,
600011.SH,600011,20251209,93017490,0,315125,D,S,78500,20000,
600011.SH,600011,20251209,93017640,0,613478,A,S,82800,900,
600011.SH,600011,20251209,93017640,0,613926,A,B,78000,100,
600011.SH,600011,20251209,93017770,0,615341,A,B,76000,2500,
600011.SH,600011,20251209,93017770,0,616123,A,B,76500,1500,
600011.SH,600011,20251209,93017770,0,616544,A,S,81000,1000,
600011.SH,600011,20251209,93017940,0,616981,A,S,78700,2000,
600011.SH,600011,20251209,93018080,0,619824,A,B,78000,300,
600011.SH,600011,20251209,93018230,0,620454,A,S,80600,600,
600011.SH,600011,20251209,93018230,0,620466,A,B,78000,200,
600011.SH,600011,20251209,93018380,0,622200,A,S,79200,6000,
600011.SH,600011,20251209,93018380,0,494855,D,S,78100,100,
600011.SH,600011,20251209,93018380,0,619824,D,B,78000,300,
600011.SH,600011,20251209,93018530,0,624389,A,B,78000,100,
600011.SH,600011,20251209,93018530,0,625152,A,S,78100,3000,
600011.SH,600011,20251209,93018530,0,625245,A,S,78900,1000,
600011.SH,600011,20251209,93018670,0,625911,A,B,77300,500,
600011.SH,600011,20251209,93018670,0,626700,A,S,79100,27000,
600011.SH,600011,20251209,93018810,0,627013,A,B,78000,100,
600011.SH,600011,20251209,93018810,0,627405,A,S,79800,1400,
600011.SH,600011,20251209,93018810,0,84035,D,S,85300,100,
600011.SH,600011,20251209,93018970,0,628879,A,S,79000,900,
600011.SH,600011,20251209,93019020,0,629452,A,B,77100,500,
600011.SH,600011,20251209,93019020,0,630633,A,S,78600,2000,
600011.SH,600011,20251209,93019160,0,631710,A,B,78000,1100,
600011.SH,600011,20251209,93019160,0,631731,A,S,85800,24700,
600011.SH,600011,20251209,93019330,0,480818,D,S,78100,500,
600011.SH,600011,20251209,93019480,0,634412,A,S,78900,7600,
600011.SH,600011,20251209,93019480,0,634565,A,S,81500,200,
600011.SH,600011,20251209,93019480,0,635327,A,S,78100,700,
600011.SH,600011,20251209,93019480,0,635406,A,S,78400,3400,
600011.SH,600011,20251209,93019480,0,635545,A,S,78800,4000,
600011.SH,600011,20251209,93019630,0,635899,A,B,77600,700,
600011.SH,600011,20251209,93019670,0,636218,A,S,78400,2000,
600011.SH,600011,20251209,93019670,0,637142,A,S,78100,300,
600011.SH,600011,20251209,93019830,0,637831,A,S,81000,1200,
600011.SH,600011,20251209,93019830,0,638198,A,B,77600,1000,
600011.SH,600011,20251209,93019940,0,639276,A,B,78000,100,
600011.SH,600011,20251209,93019940,0,639839,A,B,77600,1000,
600011.SH,600011,20251209,93019940,0,639855,A,S,78200,8700,
600011.SH,600011,20251209,93020080,0,640618,A,S,78100,100,
600011.SH,600011,20251209,93020080,0,545643,D,S,78100,500,
600011.SH,600011,20251209,93020080,0,641157,A,S,78100,4400,
600011.SH,600011,20251209,93020160,0,641707,A,S,78100,100,
600011.SH,600011,20251209,93020320,0,643567,A,S,78700,3100,
600011.SH,600011,20251209,93020320,0,643857,A,S,78300,200,
600011.SH,600011,20251209,93020320,0,643917,A,S,80800,300,
600011.SH,600011,20251209,93020320,0,644670,A,S,78900,2500,
600011.SH,600011,20251209,93020460,0,644726,A,S,79900,1000,
600011.SH,600011,20251209,93020500,0,646292,A,S,84900,6000,
600011.SH,600011,20251209,93020620,0,421168,D,S,78600,3000,
600011.SH,600011,20251209,93020620,0,647627,A,S,78400,1200,
600011.SH,600011,20251209,93020620,0,647640,A,S,78400,2100,
600011.SH,600011,20251209,93020930,0,650916,A,B,77500,200,
600011.SH,600011,20251209,93021050,0,651389,A,S,79000,200,
600011.SH,600011,20251209,93021050,0,651694,A,S,78100,1000,
600011.SH,600011,20251209,93021050,0,651961,A,S,79500,200,
600011.SH,600011,20251209,93021050,0,652256,A,B,78000,100,
600011.SH,600011,20251209,93021050,0,652426,A,B,78000,100,
600011.SH,600011,20251209,93021190,0,652672,A,B,78000,100,
600011.SH,600011,20251209,93021190,0,652751,A,B,76900,400,
600011.SH,600011,20251209,93021240,0,652858,A,S,79500,1000,
600011.SH,600011,20251209,93021240,0,652880,A,S,81000,1000,
600011.SH,600011,20251209,93021240,0,653099,A,B,78000,100,
600011.SH,600011,20251209,93021240,0,654120,A,B,78000,100,
600011.SH,600011,20251209,93021600,0,546233,D,S,78100,100,
600011.SH,600011,20251209,93021600,0,546250,D,S,78200,100,
600011.SH,600011,20251209,93021600,0,656979,A,S,78500,2000,
600011.SH,600011,20251209,93021600,0,344048,D,S,79200,400,
600011.SH,600011,20251209,93021600,0,657586,A,B,78000,100,
600011.SH,600011,20251209,93021600,0,657678,A,B,77000,200,
600011.SH,600011,20251209,93021750,0,658502,A,S,80000,700,
600011.SH,600011,20251209,93021750,0,658517,A,B,77700,20000,
600011.SH,600011,20251209,93021900,0,659857,A,B,78000,600,
600011.SH,600011,20251209,93021900,0,659859,A,B,78000,300,
600011.SH,600011,20251209,93021900,0,547096,D,S,78100,100,
600011.SH,600011,20251209,93022050,0,661290,A,S,78100,100,
600011.SH,600011,20251209,93022050,0,661526,A,B,76600,600,
600011.SH,600011,20251209,93022050,0,661613,A,S,78300,29000,
600011.SH,600011,20251209,93022050,0,661914,A,B,78000,100,
600011.SH,600011,20251209,93022050,0,662125,A,S,78100,100,
600011.SH,600011,20251209,93022160,0,662830,A,B,77800,1400,
600011.SH,600011,20251209,93022220,0,637142,D,S,78100,300,
600011.SH,600011,20251209,93022220,0,663890,A,B,78000,2000,
600011.SH,600011,20251209,93022370,0,664581,A,B,77600,100,
600011.SH,600011,20251209,93022370,0,511764,D,B,78000,100,
600011.SH,600011,20251209,93022530,0,666520,A,S,78100,100,
600011.SH,600011,20251209,93022690,0,668362,A,B,78000,1400,
600011.SH,600011,20251209,93022690,0,668478,A,B,78000,100,
600011.SH,600011,20251209,93022690,0,668855,A,S,78800,2000,
600011.SH,600011,20251209,93022810,0,669715,A,S,79400,43000,
600011.SH,600011,20251209,93022810,0,647627,D,S,78400,1200,
600011.SH,600011,20251209,93022960,0,671813,A,B,76200,5000,
600011.SH,600011,20251209,93022960,0,671988,A,S,78500,500,
600011.SH,600011,20251209,93023270,0,674701,A,S,79900,3100,
600011.SH,600011,20251209,93023420,0,641707,D,S,78100,100,
600011.SH,600011,20251209,93023420,0,676366,A,B,77700,2000,
600011.SH,600011,20251209,93023560,0,677511,A,S,79300,1000,
600011.SH,600011,20251209,93023560,0,677585,A,S,78100,1000,
600011.SH,600011,20251209,93023810,0,679559,A,B,78000,1000,
600011.SH,600011,20251209,93023960,0,681799,A,S,78400,5000,
600011.SH,600011,20251209,93023960,0,681915,A,B,77600,1000,
600011.SH,600011,20251209,93023960,0,682032,A,S,78700,27000,
600011.SH,600011,20251209,93024110,0,682802,A,B,78000,600,
600011.SH,600011,20251209,93024110,0,682807,A,S,78100,200,
600011.SH,600011,20251209,93024110,0,682878,A,S,78800,100,
600011.SH,600011,20251209,93024110,0,682924,A,B,78000,300,
600011.SH,600011,20251209,93024110,0,682933,A,B,78000,500,
600011.SH,600011,20251209,93024110,0,682946,A,B,78000,200,
600011.SH,600011,20251209,93024110,0,682964,A,B,78000,200,
600011.SH,600011,20251209,93024110,0,683228,A,B,78000,100,
600011.SH,600011,20251209,93024110,0,683244,A,B,78000,100,
600011.SH,600011,20251209,93024110,0,683293,A,B,78000,100,
600011.SH,600011,20251209,93024110,0,683300,A,B,78000,300,
600011.SH,600011,20251209,93024120,0,683401,A,S,85800,300,
600011.SH,600011,20251209,93024120,0,684103,A,S,79900,700,
600011.SH,600011,20251209,93024260,0,684376,A,B,78000,500,
600011.SH,600011,20251209,93024260,0,402127,D,B,76000,900,
600011.SH,600011,20251209,93024260,0,685004,A,S,85800,1400,
600011.SH,600011,20251209,93024260,0,685776,A,B,78000,500,
600011.SH,600011,20251209,93024260,0,685877,A,B,78000,100,
600011.SH,600011,20251209,93024780,0,690330,A,S,78800,27000,
600011.SH,600011,20251209,93024780,0,690956,A,S,85800,1000,
600011.SH,600011,20251209,93024780,0,691326,A,S,78900,10000,
600011.SH,600011,20251209,93024930,0,691415,A,S,81400,700,
600011.SH,600011,20251209,93024930,0,691580,A,B,78000,100,
600011.SH,600011,20251209,93024930,0,691672,A,B,78000,400,
600011.SH,600011,20251209,93024930,0,692941,A,S,78100,13800,
600011.SH,600011,20251209,93025130,0,693336,A,S,78100,1000,
600011.SH,600011,20251209,93025420,0,696733,A,S,85600,11900,
600011.SH,600011,20251209,93025490,0,697254,A,S,79400,10000,
600011.SH,600011,20251209,93025490,0,698103,A,S,78300,600,
600011.SH,600011,20251209,93025490,0,662125,D,S,78100,100,
600011.SH,600011,20251209,93025630,0,698908,A,S,78200,1700,
600011.SH,600011,20251209,93025630,0,661290,D,S,78100,100,
600011.SH,600011,20251209,93025630,0,699583,A,B,75500,500,
600011.SH,600011,20251209,93025830,0,701615,A,S,78100,1000,
600011.SH,600011,20251209,93025830,0,701616,A,S,78100,600,
600011.SH,600011,20251209,93025830,0,702176,A,B,78000,100,
600011.SH,600011,20251209,93025830,0,702225,A,B,77200,2000,
600011.SH,600011,20251209,93025980,0,701615,D,S,78100,1000,
600011.SH,600011,20251209,93025980,0,701616,D,S,78100,600,
600011.SH,600011,20251209,93025980,0,662830,D,B,77800,1400,
600011.SH,600011,20251209,93025980,0,702811,A,S,79200,2000,
600011.SH,600011,20251209,93025980,0,704101,A,S,82300,2000,
600011.SH,600011,20251209,93026130,0,705337,A,S,79600,100,
600011.SH,600011,20251209,93026420,0,707615,A,B,77300,2000,
600011.SH,600011,20251209,93026420,0,708681,A,S,78400,5000,
600011.SH,600011,20251209,93026570,0,710402,A,B,78000,300,
600011.SH,600011,20251209,93026720,0,711058,A,S,78200,5000,
600011.SH,600011,20251209,93026850,0,713409,A,B,78000,2200,
600011.SH,600011,20251209,93026990,0,714215,A,S,79100,3700,
600011.SH,600011,20251209,93026990,0,714900,A,B,78000,100,
600011.SH,600011,20251209,93026990,0,715261,A,B,78000,100,
600011.SH,600011,20251209,93027130,0,715428,A,B,78000,100,
600011.SH,600011,20251209,93027130,0,715502,A,S,78100,100,
600011.SH,600011,20251209,93027130,0,716702,A,S,85800,500,
600011.SH,600011,20251209,93027290,0,592671,D,S,78100,100,
600011.SH,600011,20251209,93027290,0,717384,A,S,82900,700,
600011.SH,600011,20251209,93027290,0,717905,A,B,77000,200,
600011.SH,600011,20251209,93027400,0,437915,D,S,78200,100,
600011.SH,600011,20251209,93027530,0,551108,D,S,78500,10000,
600011.SH,600011,20251209,93027580,0,720802,A,S,78300,6000,
600011.SH,600011,20251209,93027940,0,723916,A,S,78200,1000,
600011.SH,600011,20251209,93027940,0,724250,A,B,77800,2000,
600011.SH,600011,20251209,93027940,0,724625,A,B,78000,400,
600011.SH,600011,20251209,93028080,0,725931,A,B,76800,300,
600011.SH,600011,20251209,93028220,0,399185,D,S,78200,2000,
600011.SH,600011,20251209,93028380,0,728553,A,B,77600,200,
600011.SH,600011,20251209,93028440,0,729848,A,S,78200,2700,
600011.SH,600011,20251209,93028540,0,730204,A,S,78900,1000,
600011.SH,600011,20251209,93028540,0,730491,A,S,78100,100,
600011.SH,600011,20251209,93028540,0,730691,A,S,78600,1600,
600011.SH,600011,20251209,93028540,0,731035,A,S,79200,68200,
600011.SH,600011,20251209,93028780,0,733437,A,S,80000,10000,
600011.SH,600011,20251209,93028780,0,733855,A,S,78100,11700,
600011.SH,600011,20251209,93028970,0,734534,A,S,78800,100,
600011.SH,600011,20251209,93028970,0,734928,A,S,78100,2000,
600011.SH,600011,20251209,93028970,0,735365,A,B,78000,300,
600011.SH,600011,20251209,93028970,0,735581,A,S,78700,4700,
600011.SH,600011,20251209,93029100,0,735826,A,S,81900,1000,
600011.SH,600011,20251209,93029100,0,278760,D,B,77100,400,
600011.SH,600011,20251209,93029220,0,737043,A,B,78000,500,
600011.SH,600011,20251209,93029220,0,737346,A,S,78300,10000,
600011.SH,600011,20251209,93029380,0,738430,A,S,78100,100,
600011.SH,600011,20251209,93029380,0,738981,A,B,78000,100,
600011.SH,600011,20251209,93029380,0,739077,A,B,78000,300,
600011.SH,600011,20251209,93029380,0,739192,A,S,84400,800,
600011.SH,600011,20251209,93029380,0,739378,A,S,78400,1400,
600011.SH,600011,20251209,93029380,0,739442,A,S,79600,100,
600011.SH,600011,20251209,93029380,0,739481,A,B,78000,200,
600011.SH,600011,20251209,93029380,0,739486,A,B,78000,100,
600011.SH,600011,20251209,93029640,0,742616,A,S,78500,2000,
600011.SH,600011,20251209,93029920,0,745293,A,S,80800,7900,
600011.SH,600011,20251209,93030060,0,746793,A,S,78100,2700,
600011.SH,600011,20251209,93030200,0,748052,A,B,78000,600,
600011.SH,600011,20251209,93030480,0,750740,A,B,78000,100,
600011.SH,600011,20251209,93030480,0,750838,A,B,78000,300,
600011.SH,600011,20251209,93030480,0,750888,A,S,78800,3900,
600011.SH,600011,20251209,93030800,0,753623,A,B,77200,5000,
600011.SH,600011,20251209,93030890,0,754775,A,B,77300,1000,
600011.SH,600011,20251209,93031000,0,755254,A,S,78700,3900,
600011.SH,600011,20251209,93031130,0,757538,A,B,78000,100,
600011.SH,600011,20251209,93031130,0,757898,A,B,77300,1500,
600011.SH,600011,20251209,93031270,0,758965,A,S,78800,41300,
600011.SH,600011,20251209,93031270,0,730491,D,S,78100,100,
600011.SH,600011,20251209,93031420,0,415673,D,B,78000,9600,
600011.SH,600011,20251209,93031420,0,760629,A,S,80300,300,
600011.SH,600011,20251209,93031420,0,761072,A,B,75700,300,
600011.SH,600011,20251209,93031600,0,762909,A,S,85800,1000,
600011.SH,600011,20251209,93031790,0,764017,A,S,85800,1100,
600011.SH,600011,20251209,93031790,0,764274,A,S,79500,300,
600011.SH,600011,20251209,93031980,0,765497,A,S,78100,100,
600011.SH,600011,20251209,93031980,0,765690,A,S,79200,6000,
600011.SH,600011,20251209,93031980,0,512516,D,S,79000,5000,
600011.SH,600011,20251209,93031980,0,765864,A,B,78000,600,
600011.SH,600011,20251209,93032120,0,767400,A,B,77700,1000,
600011.SH,600011,20251209,93032120,0,767596,A,B,78000,100,
600011.SH,600011,20251209,93032260,0,768457,A,S,78100,8300,
600011.SH,600011,20251209,93032260,0,768477,A,S,78200,800,
600011.SH,600011,20251209,93032460,0,770725,A,B,78000,100,
600011.SH,600011,20251209,93032460,0,770821,A,B,78000,100,
600011.SH,600011,20251209,93032460,0,770963,A,B,78000,100,
600011.SH,600011,20251209,93032740,0,774105,A,S,78200,100,
600011.SH,600011,20251209,93032890,0,775359,A,S,79000,6000,
600011.SH,600011,20251209,93033160,0,777436,A,B,78000,200,
600011.SH,600011,20251209,93033160,0,777438,A,S,78100,3600,
600011.SH,600011,20251209,93033160,0,778013,A,S,83900,1000,
600011.SH,600011,20251209,93033160,0,778030,A,B,78000,500,
600011.SH,600011,20251209,93033290,0,778775,A,B,78000,100,
600011.SH,600011,20251209,93033290,0,779071,A,B,78000,400,
600011.SH,600011,20251209,93033440,0,780435,A,S,85800,500,
600011.SH,600011,20251209,93033580,0,781905,A,S,78100,1000,
600011.SH,600011,20251209,93033580,0,782210,A,B,78000,100,
600011.SH,600011,20251209,93033580,0,782288,A,S,79100,300,
600011.SH,600011,20251209,93033580,0,782496,A,B,78000,200,
600011.SH,600011,20251209,93033710,0,783474,A,S,78400,6000,
600011.SH,600011,20251209,93033990,0,786653,A,B,78000,300,
600011.SH,600011,20251209,93034130,0,787234,A,B,78000,1300,
600011.SH,600011,20251209,93034130,0,787450,A,S,78400,3000,
600011.SH,600011,20251209,93034200,0,787918,A,B,78000,500,
600011.SH,600011,20251209,93034200,0,788457,A,S,81000,2200,
600011.SH,600011,20251209,93034200,0,788742,A,S,78300,22200,
600011.SH,600011,20251209,93034350,0,789383,A,B,78000,1900,
600011.SH,600011,20251209,93034350,0,789715,A,B,78000,100,
600011.SH,600011,20251209,93034480,0,791944,A,S,78600,7000,
600011.SH,600011,20251209,93034610,0,792270,A,S,78300,2000,
600011.SH,600011,20251209,93034610,0,792473,A,B,78000,1700,
600011.SH,600011,20251209,93034750,0,640618,D,S,78100,100,
600011.SH,600011,20251209,93034750,0,794596,A,B,78000,500,
600011.SH,600011,20251209,93034890,0,795041,A,S,78700,15000,
600011.SH,600011,20251209,93034890,0,795708,A,S,78100,14000,
600011.SH,600011,20251209,93034890,0,442193,D,S,78200,100,
600011.SH,600011,20251209,93034890,0,796060,A,S,78100,9200,
600011.SH,600011,20251209,93035020,0,796722,A,S,78100,100,
600011.SH,600011,20251209,93035160,0,799066,A,S,78100,100,
600011.SH,600011,20251209,93035290,0,799735,A,S,78100,800,
600011.SH,600011,20251209,93035430,0,801017,A,B,78000,300,
600011.SH,600011,20251209,93035560,0,714215,D,S,79100,3700,
600011.SH,600011,20251209,93035560,0,802423,A,S,85700,100,
600011.SH,600011,20251209,93035560,0,802424,A,S,85800,100,
600011.SH,600011,20251209,93035560,0,803014,A,B,77700,900,
600011.SH,600011,20251209,93035560,0,803121,A,S,79500,4700,
600011.SH,600011,20251209,93035560,0,803220,A,B,77200,1000,
600011.SH,600011,20251209,93035560,0,803347,A,B,78000,300,
600011.SH,600011,20251209,93035700,0,804135,A,B,77000,3000,
600011.SH,600011,20251209,93035960,0,806333,A,B,78000,300,
600011.SH,600011,20251209,93035960,0,806747,A,S,78500,10000,
600011.SH,600011,20251209,93036100,0,808414,A,B,78000,1700,
600011.SH,600011,20251209,93036100,0,808466,A,S,78100,300,
600011.SH,600011,20251209,93036280,0,809719,A,S,78900,7800,
600011.SH,600011,20251209,93036420,0,811120,A,S,78200,200,
600011.SH,600011,20251209,93036710,0,813792,A,S,78100,1800,
600011.SH,600011,20251209,93036710,0,814394,A,S,78400,1000,
600011.SH,600011,20251209,93036710,0,768457,D,S,78100,8300,
600011.SH,600011,20251209,93036840,0,815394,A,S,78100,2200,
600011.SH,600011,20251209,93036840,0,815681,A,B,77900,100,
600011.SH,600011,20251209,93036960,0,816747,A,S,78500,100,
600011.SH,600011,20251209,93036960,0,817586,A,B,78000,100,
600011.SH,600011,20251209,93037080,0,555448,D,S,78200,2400,
600011.SH,600011,20251209,93037080,0,818249,A,B,78000,500,
600011.SH,600011,20251209,93037200,0,819155,A,B,78000,400,
600011.SH,600011,20251209,93037200,0,819257,A,S,78500,6100,
