万得代码,交易所代码,自然日,时间,委托编号,交易所委托号,委托类型,委托代码,委托价格,委托数量,
600032.SH,600032,20251209,91400510,0,0,S,I,0,0,
600032.SH,600032,20251209,91500360,0,2056,A,S,80900,100,
600032.SH,600032,20251209,91501220,0,4074,A,B,72500,10000,
600032.SH,600032,20251209,91501760,0,8122,A,B,72400,1000,
600032.SH,600032,20251209,91501850,0,9531,A,S,74100,5800,
600032.SH,600032,20251209,91501850,0,10251,A,S,78000,700,
600032.SH,600032,20251209,91501960,0,11292,A,S,78800,100,
600032.SH,600032,20251209,91501960,0,11306,A,S,76800,100,
600032.SH,600032,20251209,91501960,0,11314,A,S,77800,100,
600032.SH,600032,20251209,91501960,0,11797,A,S,74700,1000,
600032.SH,600032,20251209,91501960,0,12556,A,B,66900,100,
600032.SH,600032,20251209,91501960,0,12934,A,S,80700,100,
600032.SH,600032,20251209,91501960,0,13234,A,S,80800,6400,
600032.SH,600032,20251209,91502140,0,14350,A,S,80900,200,
600032.SH,600032,20251209,91502420,0,15654,A,S,75000,200,
600032.SH,600032,20251209,91502490,0,16897,A,B,72100,9700,
600032.SH,600032,20251209,91502490,0,16913,A,B,72800,4000,
600032.SH,600032,20251209,91502490,0,18204,A,S,80900,1400,
600032.SH,600032,20251209,91502620,0,18863,A,B,68600,2000,
600032.SH,600032,20251209,91502620,0,18880,A,S,74900,6000,
600032.SH,600032,20251209,91502620,0,19750,A,B,73100,1200,
600032.SH,600032,20251209,91502620,0,20338,A,B,69900,900,
600032.SH,600032,20251209,91502620,0,20467,A,S,80800,100,
600032.SH,600032,20251209,91502620,0,20481,A,S,77200,100,
600032.SH,600032,20251209,91502730,0,21109,A,S,76800,1000,
600032.SH,600032,20251209,91502730,0,21111,A,S,79800,1000,
600032.SH,600032,20251209,91502730,0,21399,A,S,76800,1300,
600032.SH,600032,20251209,91502860,0,23650,A,B,73000,900,
600032.SH,600032,20251209,91502860,0,24320,A,S,77400,35500,
600032.SH,600032,20251209,91503020,0,24834,A,S,77500,2200,
600032.SH,600032,20251209,91503020,0,25967,A,S,80500,100,
600032.SH,600032,20251209,91503160,0,27336,A,S,75000,600,
600032.SH,600032,20251209,91503160,0,27861,A,S,73700,15000,
600032.SH,600032,20251209,91503420,0,31377,A,S,74500,1500,
600032.SH,600032,20251209,91503420,0,32322,A,S,74900,11700,
600032.SH,600032,20251209,91503570,0,32441,A,S,80800,10000,
600032.SH,600032,20251209,91503570,0,33676,A,S,74800,1200,
600032.SH,600032,20251209,91503570,0,33697,A,B,72500,1300,
600032.SH,600032,20251209,91503570,0,33709,A,S,76100,1200,
600032.SH,600032,20251209,91503730,0,34369,A,S,73500,15000,
600032.SH,600032,20251209,91503730,0,34551,A,S,80900,5000,
600032.SH,600032,20251209,91503730,0,34566,A,S,78600,5000,
600032.SH,600032,20251209,91503730,0,34582,A,S,77600,5000,
600032.SH,600032,20251209,91503730,0,34598,A,S,74200,5000,
600032.SH,600032,20251209,91503730,0,34599,A,S,74400,5000,
600032.SH,600032,20251209,91503730,0,34619,A,S,75000,5000,
600032.SH,600032,20251209,91503730,0,34638,A,S,75200,5000,
600032.SH,600032,20251209,91503730,0,34639,A,S,75600,5000,
600032.SH,600032,20251209,91503730,0,34670,A,S,76000,5000,
600032.SH,600032,20251209,91503730,0,34671,A,S,76200,5000,
600032.SH,600032,20251209,91503730,0,34678,A,S,76800,5000,
600032.SH,600032,20251209,91503730,0,34694,A,S,77400,121400,
600032.SH,600032,20251209,91503730,0,35121,A,S,77400,90000,
600032.SH,600032,20251209,91503730,0,35122,A,S,77800,10000,
600032.SH,600032,20251209,91503730,0,35123,A,S,78000,10000,
600032.SH,600032,20251209,91503730,0,35128,A,S,78200,10000,
600032.SH,600032,20251209,91503730,0,35129,A,S,78400,10000,
600032.SH,600032,20251209,91503730,0,35130,A,S,78500,10000,
600032.SH,600032,20251209,91503730,0,35131,A,S,79200,10000,
600032.SH,600032,20251209,91503730,0,35138,A,S,79400,10000,
600032.SH,600032,20251209,91503730,0,35145,A,S,79700,10000,
600032.SH,600032,20251209,91503730,0,35166,A,S,79800,10000,
600032.SH,600032,20251209,91503730,0,35177,A,B,72700,5000,
600032.SH,600032,20251209,91503730,0,35178,A,B,72300,5000,
600032.SH,600032,20251209,91503730,0,35210,A,B,73000,300,
600032.SH,600032,20251209,91503730,0,36007,A,S,74400,1000,
600032.SH,600032,20251209,91503730,0,36240,A,B,68600,2000,
600032.SH,600032,20251209,91503870,0,37241,A,S,80800,1300,
600032.SH,600032,20251209,91503870,0,37685,A,S,75300,100,
600032.SH,600032,20251209,91503870,0,37686,A,S,77100,100,
600032.SH,600032,20251209,91503870,0,37687,A,S,79000,100,
600032.SH,600032,20251209,91503870,0,37700,A,B,68800,1500,
600032.SH,600032,20251209,91503870,0,37709,A,S,80900,200,
600032.SH,600032,20251209,91503870,0,37730,A,B,71700,100,
600032.SH,600032,20251209,91503870,0,37758,A,B,71900,1400,
600032.SH,600032,20251209,91504000,0,38592,A,S,78800,3500,
600032.SH,600032,20251209,91504000,0,38779,A,S,76500,1600,
600032.SH,600032,20251209,91504000,0,38792,A,S,78000,1700,
600032.SH,600032,20251209,91504000,0,39114,A,B,66200,1000,
600032.SH,600032,20251209,91504140,0,41303,A,S,80900,5000,
600032.SH,600032,20251209,91504140,0,41524,A,S,75500,5200,
600032.SH,600032,20251209,91504310,0,43028,A,B,73400,400,
600032.SH,600032,20251209,91504310,0,43575,A,B,73100,1300,
600032.SH,600032,20251209,91504310,0,44026,A,S,75800,300,
600032.SH,600032,20251209,91504460,0,45403,A,S,74700,800,
600032.SH,600032,20251209,91504460,0,45890,A,B,72000,100,
600032.SH,600032,20251209,91504750,0,48950,A,S,80900,600,
600032.SH,600032,20251209,91504750,0,50129,A,S,80800,100,
600032.SH,600032,20251209,91504750,0,50644,A,S,80900,600,
600032.SH,600032,20251209,91504750,0,50671,A,B,66500,100,
600032.SH,600032,20251209,91504900,0,50860,A,S,78900,600,
600032.SH,600032,20251209,91504900,0,51357,A,S,79000,100,
600032.SH,600032,20251209,91505050,0,53168,A,B,72800,100,
600032.SH,600032,20251209,91505050,0,53177,A,S,77200,1300,
600032.SH,600032,20251209,91505050,0,54010,A,B,71000,100,
600032.SH,600032,20251209,91505190,0,55333,A,B,66900,100,
600032.SH,600032,20251209,91505190,0,55996,A,S,77800,4500,
600032.SH,600032,20251209,91505190,0,56656,A,S,75700,600,
600032.SH,600032,20251209,91505190,0,56677,A,S,74100,400,
600032.SH,600032,20251209,91505320,0,56856,A,S,80900,2500,
600032.SH,600032,20251209,91505320,0,56915,A,S,73500,1000,
600032.SH,600032,20251209,91505320,0,56939,A,S,73400,2000,
600032.SH,600032,20251209,91505320,0,56964,A,S,73300,1100,
600032.SH,600032,20251209,91505400,0,58774,A,S,76500,4500,
600032.SH,600032,20251209,91505400,0,59707,A,S,73900,17800,
600032.SH,600032,20251209,91505570,0,60072,A,S,74000,5000,
600032.SH,600032,20251209,91505570,0,61413,A,B,67200,800,
600032.SH,600032,20251209,91505710,0,63182,A,S,75000,5200,
600032.SH,600032,20251209,91505860,0,64120,A,B,70000,100,
600032.SH,600032,20251209,91505860,0,64363,A,B,70500,1500,
600032.SH,600032,20251209,91505860,0,64364,A,S,75000,900,
600032.SH,600032,20251209,91505860,0,64526,A,S,76800,4000,
600032.SH,600032,20251209,91505860,0,64856,A,S,75500,400,
600032.SH,600032,20251209,91505860,0,64868,A,S,76300,20000,
600032.SH,600032,20251209,91505860,0,64877,A,S,75800,10000,
600032.SH,600032,20251209,91505860,0,64992,A,B,70300,20000,
600032.SH,600032,20251209,91505860,0,65117,A,S,74800,3000,
600032.SH,600032,20251209,91505860,0,65161,A,S,74700,3000,
600032.SH,600032,20251209,91505860,0,65370,A,S,74300,3000,
600032.SH,600032,20251209,91505860,0,65403,A,S,80800,3800,
600032.SH,600032,20251209,91505990,0,65978,A,B,70200,500,
600032.SH,600032,20251209,91505990,0,66187,A,S,79800,300,
600032.SH,600032,20251209,91506130,0,69459,A,S,74700,3700,
600032.SH,600032,20251209,91506130,0,69478,A,S,80900,2500,
600032.SH,600032,20251209,91506130,0,69804,A,S,75500,1100,
600032.SH,600032,20251209,91506130,0,69807,A,S,76500,1000,
600032.SH,600032,20251209,91506260,0,70290,A,B,70000,500,
600032.SH,600032,20251209,91506260,0,71605,A,S,74700,900,
600032.SH,600032,20251209,91506420,0,71845,A,S,78800,11000,
600032.SH,600032,20251209,91506420,0,71878,A,S,73500,1000,
600032.SH,600032,20251209,91506420,0,71904,A,B,70300,500,
600032.SH,600032,20251209,91506420,0,72630,A,S,80900,1700,
600032.SH,600032,20251209,91506420,0,72768,A,S,79600,5000,
600032.SH,600032,20251209,91506420,0,72770,A,S,74000,5000,
600032.SH,600032,20251209,91506420,0,72774,A,S,74600,5000,
600032.SH,600032,20251209,91506420,0,72776,A,S,74800,5000,
600032.SH,600032,20251209,91506420,0,72789,A,S,75400,5000,
600032.SH,600032,20251209,91506420,0,72790,A,S,75800,5000,
600032.SH,600032,20251209,91506420,0,72794,A,S,76400,5000,
600032.SH,600032,20251209,91506420,0,72796,A,S,76600,5000,
600032.SH,600032,20251209,91506420,0,72797,A,S,77000,5000,
600032.SH,600032,20251209,91506420,0,72803,A,S,80900,3400,
600032.SH,600032,20251209,91506420,0,72812,A,S,77200,5000,
600032.SH,600032,20251209,91506420,0,72817,A,S,77400,110000,
600032.SH,600032,20251209,91506420,0,72818,A,S,77400,80000,
600032.SH,600032,20251209,91506420,0,72819,A,S,77900,10000,
600032.SH,600032,20251209,91506420,0,72821,A,S,78100,10000,
600032.SH,600032,20251209,91506420,0,72822,A,S,78300,10000,
600032.SH,600032,20251209,91506420,0,72841,A,S,79100,10000,
600032.SH,600032,20251209,91506420,0,72842,A,S,79300,10000,
600032.SH,600032,20251209,91506420,0,72843,A,S,79500,10000,
600032.SH,600032,20251209,91506420,0,72846,A,S,79600,10000,
600032.SH,600032,20251209,91506420,0,72848,A,B,73300,5000,
600032.SH,600032,20251209,91506420,0,72849,A,B,73100,5000,
600032.SH,600032,20251209,91506420,0,72850,A,B,72900,5000,
600032.SH,600032,20251209,91506420,0,72870,A,B,72500,5000,
600032.SH,600032,20251209,91506420,0,72871,A,B,72100,5000,
600032.SH,600032,20251209,91506420,0,72872,A,B,71900,3000,
600032.SH,600032,20251209,91506420,0,73401,A,S,77000,2300,
600032.SH,600032,20251209,91506420,0,73442,A,S,76500,600,
600032.SH,600032,20251209,91506570,0,74040,A,S,80300,3600,
600032.SH,600032,20251209,91506570,0,74356,A,B,73300,1500,
600032.SH,600032,20251209,91506570,0,75612,A,S,78500,300,
600032.SH,600032,20251209,91506720,0,76671,A,B,71200,4100,
600032.SH,600032,20251209,91506720,0,76672,A,S,78800,3900,
600032.SH,600032,20251209,91506720,0,77303,A,S,78800,3300,
600032.SH,600032,20251209,91506720,0,77588,A,S,79300,500,
600032.SH,600032,20251209,91506860,0,77765,A,B,72400,2000,
600032.SH,600032,20251209,91506860,0,77770,A,B,71100,2000,
600032.SH,600032,20251209,91506860,0,77771,A,S,75000,2000,
600032.SH,600032,20251209,91506860,0,77772,A,S,76300,2000,
600032.SH,600032,20251209,91506860,0,79395,A,S,74500,700,
600032.SH,600032,20251209,91507010,0,81618,A,S,75000,1000,
600032.SH,600032,20251209,91507150,0,82922,A,S,80000,4000,
600032.SH,600032,20251209,91507150,0,82924,A,S,72700,1100,
600032.SH,600032,20251209,91507150,0,82997,A,S,79600,3000,
600032.SH,600032,20251209,91507300,0,84157,A,S,80800,200,
600032.SH,600032,20251209,91507300,0,84161,A,B,66500,100,
600032.SH,600032,20251209,91507300,0,84165,A,S,79000,200,
600032.SH,600032,20251209,91507300,0,84777,A,B,72000,100,
600032.SH,600032,20251209,91507300,0,85516,A,B,71600,1000,
600032.SH,600032,20251209,91507300,0,85518,A,S,75100,500,
600032.SH,600032,20251209,91507300,0,85547,A,S,77700,5000,
600032.SH,600032,20251209,91507450,0,86092,A,S,74800,1000,
600032.SH,600032,20251209,91507450,0,86103,A,S,76000,1000,
600032.SH,600032,20251209,91507450,0,86111,A,S,78000,2000,
600032.SH,600032,20251209,91507450,0,86171,A,B,73000,1000,
600032.SH,600032,20251209,91507450,0,86175,A,B,72000,1000,
600032.SH,600032,20251209,91507450,0,86231,A,S,75700,2000,
600032.SH,600032,20251209,91507450,0,86232,A,S,80000,2000,
600032.SH,600032,20251209,91507450,0,87242,A,S,80800,300,
600032.SH,600032,20251209,91507600,0,89443,A,S,74300,1200,
600032.SH,600032,20251209,91507800,0,90700,A,S,79200,1600,
600032.SH,600032,20251209,91507800,0,90937,A,S,74500,1000,
600032.SH,600032,20251209,91507860,0,91467,A,S,78900,600,
600032.SH,600032,20251209,91508020,0,93728,A,S,76400,600,
600032.SH,600032,20251209,91508180,0,95101,A,B,72800,400,
600032.SH,600032,20251209,91508180,0,95290,A,S,74100,2000,
600032.SH,600032,20251209,91508330,0,97741,A,B,72700,3000,
600032.SH,600032,20251209,91508330,0,98133,A,S,80000,1000,
600032.SH,600032,20251209,91508490,0,99291,A,S,76400,1000,
600032.SH,600032,20251209,91508490,0,99422,A,S,76500,3800,
600032.SH,600032,20251209,91508490,0,99423,A,S,77000,1900,
600032.SH,600032,20251209,91508490,0,99425,A,S,77500,1900,
600032.SH,600032,20251209,91508490,0,99433,A,S,80000,100,
600032.SH,600032,20251209,91508490,0,99435,A,B,70000,100,
600032.SH,600032,20251209,91508490,0,99477,A,B,72000,1000,
600032.SH,600032,20251209,91508490,0,99667,A,B,72700,200,
600032.SH,600032,20251209,91508650,0,101750,A,S,80900,300,
600032.SH,600032,20251209,91508820,0,103868,A,S,74600,3000,
600032.SH,600032,20251209,91508820,0,103938,A,S,74500,3000,
600032.SH,600032,20251209,91508820,0,103941,A,S,74400,3000,
600032.SH,600032,20251209,91508820,0,103942,A,S,74200,3000,
600032.SH,600032,20251209,91508820,0,103943,A,S,74100,3000,
600032.SH,600032,20251209,91508820,0,103946,A,S,74000,3000,
600032.SH,600032,20251209,91508820,0,104158,A,B,72700,100,
600032.SH,600032,20251209,91508980,0,105308,A,S,76300,600,
600032.SH,600032,20251209,91508980,0,106090,A,B,73700,5000,
600032.SH,600032,20251209,91509130,0,106955,A,S,80900,1400,
600032.SH,600032,20251209,91509270,0,109618,A,B,72000,300,
600032.SH,600032,20251209,91509430,0,112312,A,S,80900,400,
600032.SH,600032,20251209,91509600,0,112807,A,S,78800,3000,
600032.SH,600032,20251209,91509600,0,113092,A,S,77700,2000,
600032.SH,600032,20251209,91509600,0,113141,A,S,76500,900,
600032.SH,600032,20251209,91509600,0,113142,A,S,77500,500,
600032.SH,600032,20251209,91509650,0,114140,A,B,66300,500,
600032.SH,600032,20251209,91509650,0,114150,A,S,77800,300,
600032.SH,600032,20251209,91509650,0,114154,A,S,74300,300,
600032.SH,600032,20251209,91509650,0,114648,A,B,70200,200,
600032.SH,600032,20251209,91509650,0,114652,A,B,67200,500,
600032.SH,600032,20251209,91509810,0,115204,A,S,79000,3100,
600032.SH,600032,20251209,91509810,0,115216,A,S,80900,3000,
600032.SH,600032,20251209,91509810,0,115687,A,B,73000,4000,
600032.SH,600032,20251209,91509810,0,115698,A,B,72700,7000,
600032.SH,600032,20251209,91509810,0,115792,A,S,80900,800,
600032.SH,600032,20251209,91509810,0,115793,A,S,79500,800,
600032.SH,600032,20251209,91509810,0,115794,A,S,78000,800,
600032.SH,600032,20251209,91509810,0,115795,A,S,76800,800,
600032.SH,600032,20251209,91509810,0,115796,A,S,75600,800,
600032.SH,600032,20251209,91509810,0,115797,A,S,74500,800,
600032.SH,600032,20251209,91509810,0,116947,A,B,72400,10000,
600032.SH,600032,20251209,91509810,0,116954,A,B,72200,12000,
600032.SH,600032,20251209,91509810,0,117062,A,S,73900,1000,
600032.SH,600032,20251209,91509970,0,117674,A,B,73600,2400,
600032.SH,600032,20251209,91509970,0,118672,A,B,71400,300,
600032.SH,600032,20251209,91510140,0,119295,A,S,74000,11850,
600032.SH,600032,20251209,91510140,0,119297,A,S,74000,7900,
600032.SH,600032,20251209,91510180,0,119667,A,S,74200,8000,
600032.SH,600032,20251209,91510180,0,120043,A,S,80900,400,
600032.SH,600032,20251209,91510180,0,121187,A,S,73500,600,
600032.SH,600032,20251209,91510350,0,121487,A,B,71400,300,
600032.SH,600032,20251209,91510350,0,121668,A,S,80800,300,
600032.SH,600032,20251209,91510350,0,121953,A,S,77400,3900,
600032.SH,600032,20251209,91510350,0,122041,A,S,77000,500,
600032.SH,600032,20251209,91510510,0,123932,A,S,80800,1500,
600032.SH,600032,20251209,91510510,0,124321,A,B,72100,2100,
600032.SH,600032,20251209,91510840,0,128164,A,S,76700,100,
600032.SH,600032,20251209,91510840,0,128203,A,S,76500,1400,
600032.SH,600032,20251209,91510840,0,128236,A,S,77000,700,
600032.SH,600032,20251209,91510840,0,128263,A,S,77500,800,
600032.SH,600032,20251209,91510840,0,128347,A,S,77000,500,
600032.SH,600032,20251209,91511010,0,130022,A,S,76500,3300,
600032.SH,600032,20251209,91511010,0,130045,A,S,77000,1700,
600032.SH,600032,20251209,91511010,0,130046,A,S,77500,1700,
600032.SH,600032,20251209,91511010,0,130229,A,S,76500,400,
600032.SH,600032,20251209,91511010,0,130290,A,S,76500,3400,
600032.SH,600032,20251209,91511010,0,130295,A,S,77000,1700,
600032.SH,600032,20251209,91511010,0,130322,A,S,77500,1700,
600032.SH,600032,20251209,91511010,0,130580,A,B,70000,200,
600032.SH,600032,20251209,91511170,0,131214,A,S,74500,3100,
600032.SH,600032,20251209,91511170,0,131332,A,B,73300,1000,
600032.SH,600032,20251209,91511170,0,131333,A,B,73200,2000,
600032.SH,600032,20251209,91511170,0,131342,A,B,73100,3000,
600032.SH,600032,20251209,91511170,0,131343,A,B,72900,5000,
600032.SH,600032,20251209,91511170,0,131835,A,B,72800,6000,
600032.SH,600032,20251209,91511170,0,131839,A,B,72600,8000,
600032.SH,600032,20251209,91511170,0,131840,A,B,72500,9000,
600032.SH,600032,20251209,91511170,0,131841,A,B,72300,11000,
600032.SH,600032,20251209,91511170,0,131846,A,S,73600,1000,
600032.SH,600032,20251209,91511170,0,131850,A,S,73700,1000,
600032.SH,600032,20251209,91511170,0,131851,A,S,73800,1000,
600032.SH,600032,20251209,91511240,0,132020,A,B,72000,1500,
600032.SH,600032,20251209,91511240,0,132075,A,S,74000,1000,
600032.SH,600032,20251209,91511240,0,132083,A,S,74100,1000,
600032.SH,600032,20251209,91511240,0,132113,A,S,80900,15300,
600032.SH,600032,20251209,91511240,0,133689,A,S,80900,100,
600032.SH,600032,20251209,91511410,0,134542,A,B,71600,1500,
600032.SH,600032,20251209,91511410,0,135677,A,S,74200,200,
600032.SH,600032,20251209,91511570,0,136096,A,S,74200,15000,
600032.SH,600032,20251209,91511570,0,136506,A,B,70100,1200,
600032.SH,600032,20251209,91511570,0,136956,A,B,72000,1000,
600032.SH,600032,20251209,91511740,0,139010,A,S,76200,2000,
600032.SH,600032,20251209,91511740,0,139338,A,S,80900,100,
600032.SH,600032,20251209,91511910,0,140045,A,B,73600,500,
600032.SH,600032,20251209,91511910,0,140430,A,S,80600,10000,
600032.SH,600032,20251209,91511910,0,140431,A,S,75300,1000,
600032.SH,600032,20251209,91511910,0,140746,A,S,80800,10000,
600032.SH,600032,20251209,91511910,0,141559,A,S,74300,3000,
600032.SH,600032,20251209,91511910,0,141562,A,S,74200,3000,
600032.SH,600032,20251209,91512300,0,145256,A,S,74000,2000,
600032.SH,600032,20251209,91512460,0,147169,A,B,73000,500,
600032.SH,600032,20251209,91512460,0,147170,A,B,72800,600,
600032.SH,600032,20251209,91512460,0,147202,A,S,80900,3100,
600032.SH,600032,20251209,91512460,0,147414,A,S,75200,400,
600032.SH,600032,20251209,91512460,0,147735,A,S,74700,4800,
600032.SH,600032,20251209,91512460,0,148023,A,S,75500,700,
600032.SH,600032,20251209,91512460,0,148026,A,B,72700,800,
600032.SH,600032,20251209,91512630,0,148567,A,S,80900,2000,
600032.SH,600032,20251209,91512630,0,150014,A,B,72000,200,
600032.SH,600032,20251209,91512790,0,150563,A,S,80900,15000,
600032.SH,600032,20251209,91512870,0,150967,A,B,73500,1400,
600032.SH,600032,20251209,91512870,0,151568,A,S,74500,1000,
600032.SH,600032,20251209,91512870,0,151947,A,S,69700,200,
600032.SH,600032,20251209,91513040,0,153068,A,B,73100,600,
600032.SH,600032,20251209,91513040,0,153692,A,B,73400,1000,
600032.SH,600032,20251209,91513210,0,154894,A,S,80300,25000,
600032.SH,600032,20251209,91513210,0,155177,A,B,72600,700,
600032.SH,600032,20251209,91513210,0,155302,A,S,74000,2700,
600032.SH,600032,20251209,91513300,0,155677,A,B,72400,800,
600032.SH,600032,20251209,91513300,0,157446,A,S,74900,3000,
600032.SH,600032,20251209,91513300,0,157458,A,S,74100,4000,
600032.SH,600032,20251209,91513470,0,157842,A,S,80000,100,
600032.SH,600032,20251209,91513530,0,158829,A,B,73500,600,
600032.SH,600032,20251209,91513530,0,158943,A,S,76500,5200,
600032.SH,600032,20251209,91513530,0,159412,A,S,80900,100,
600032.SH,600032,20251209,91513530,0,159427,A,S,76000,100,
600032.SH,600032,20251209,91513530,0,159445,A,S,80000,100,
600032.SH,600032,20251209,91513530,0,159670,A,B,73400,100,
600032.SH,600032,20251209,91513720,0,160340,A,S,75000,700,
600032.SH,600032,20251209,91513870,0,162318,A,B,71600,100,
600032.SH,600032,20251209,91513870,0,162561,A,S,73300,5200,
600032.SH,600032,20251209,91513990,0,163720,A,S,74700,10000,
600032.SH,600032,20251209,91514140,0,165880,A,S,76500,4700,
600032.SH,600032,20251209,91514140,0,165881,A,S,77000,2400,
600032.SH,600032,20251209,91514140,0,165884,A,S,77500,2400,
600032.SH,600032,20251209,91514140,0,166609,A,S,74600,1000,
600032.SH,600032,20251209,91514460,0,168958,A,S,75800,300,
600032.SH,600032,20251209,91514460,0,169519,A,S,79900,200,
600032.SH,600032,20251209,91514460,0,170226,A,B,66400,500,
600032.SH,600032,20251209,91514460,0,170271,A,S,73300,200,
600032.SH,600032,20251209,91514620,0,171480,A,S,80900,600,
600032.SH,600032,20251209,91514620,0,172205,A,S,80900,1000,
600032.SH,600032,20251209,91514620,0,172349,A,S,74100,500,
600032.SH,600032,20251209,91514620,0,172350,A,S,74300,600,
600032.SH,600032,20251209,91514620,0,172417,A,S,80900,700,
600032.SH,600032,20251209,91514790,0,173417,A,B,71000,800,
600032.SH,600032,20251209,91514790,0,174275,A,B,72300,900,
600032.SH,600032,20251209,91514960,0,175749,A,S,76500,4500,
600032.SH,600032,20251209,91515140,0,177304,A,B,72500,2200,
600032.SH,600032,20251209,91515140,0,177457,A,S,74900,2200,
600032.SH,600032,20251209,91515140,0,177502,A,S,80900,1000,
600032.SH,600032,20251209,91515330,0,178745,A,S,75300,7700,
600032.SH,600032,20251209,91515520,0,180697,A,B,71900,1000,
600032.SH,600032,20251209,91515520,0,181104,A,B,72200,100,
600032.SH,600032,20251209,91515520,0,181368,A,S,80900,2000,
600032.SH,600032,20251209,91515520,0,181373,A,S,80900,2000,
600032.SH,600032,20251209,91515690,0,182500,A,S,80900,3400,
600032.SH,600032,20251209,91515690,0,182601,A,S,77900,300,
600032.SH,600032,20251209,91515690,0,182602,A,S,80800,300,
600032.SH,600032,20251209,91515690,0,182680,A,S,76500,4000,
600032.SH,600032,20251209,91515690,0,182718,A,S,77000,2000,
600032.SH,600032,20251209,91515690,0,182840,A,S,76500,1900,
600032.SH,600032,20251209,91515690,0,182841,A,S,77000,1900,
600032.SH,600032,20251209,91515690,0,183259,A,B,68300,200,
600032.SH,600032,20251209,91515690,0,183536,A,S,77500,2000,
600032.SH,600032,20251209,91515690,0,183795,A,S,80000,800,
600032.SH,600032,20251209,91515690,0,183910,A,S,74100,200,
600032.SH,600032,20251209,91515910,0,184504,A,S,75900,600,
600032.SH,600032,20251209,91515910,0,185683,A,S,74000,2000,
600032.SH,600032,20251209,91515910,0,186194,A,B,72000,800,
600032.SH,600032,20251209,91516090,0,187165,A,B,68300,200,
600032.SH,600032,20251209,91516090,0,187872,A,B,72100,100,
600032.SH,600032,20251209,91516260,0,188412,A,S,74500,1400,
600032.SH,600032,20251209,91516420,0,191019,A,S,77500,400,
600032.SH,600032,20251209,91516680,0,193835,A,B,72300,1000,
600032.SH,600032,20251209,91516960,0,195285,A,S,80000,500,
600032.SH,600032,20251209,91516960,0,195390,A,B,73200,2000,
600032.SH,600032,20251209,91517050,0,195901,A,S,74200,56600,
600032.SH,600032,20251209,91517050,0,196516,A,B,72200,3000,
600032.SH,600032,20251209,91517050,0,196626,A,B,68000,5000,
600032.SH,600032,20251209,91517320,0,198685,A,S,73500,1000,
600032.SH,600032,20251209,91517440,0,199872,A,B,72500,400,
600032.SH,600032,20251209,91517440,0,200639,A,S,80800,1500,
600032.SH,600032,20251209,91517620,0,202641,A,B,69400,300,
600032.SH,600032,20251209,91518000,0,205537,A,B,72800,2500,
600032.SH,600032,20251209,91518000,0,205557,A,S,74100,2900,
600032.SH,600032,20251209,91518000,0,205775,A,S,77000,1000,
600032.SH,600032,20251209,91518000,0,205826,A,B,70600,12400,
600032.SH,600032,20251209,91518100,0,207016,A,S,74400,5500,
600032.SH,600032,20251209,91518170,0,207199,A,B,66200,2000,
600032.SH,600032,20251209,91518270,0,208046,A,B,73400,100,
600032.SH,600032,20251209,91518270,0,209002,A,S,74500,500,
600032.SH,600032,20251209,91518270,0,209132,A,S,75600,5100,
600032.SH,600032,20251209,91518270,0,209251,A,S,75500,800,
600032.SH,600032,20251209,91518270,0,209300,A,S,80900,2000,
600032.SH,600032,20251209,91518450,0,210165,A,B,72000,500,
600032.SH,600032,20251209,91518900,0,215572,A,B,72800,100,
600032.SH,600032,20251209,91519140,0,216696,A,S,74200,1000,
600032.SH,600032,20251209,91519210,0,217052,A,B,72500,10000,
600032.SH,600032,20251209,91519210,0,217273,A,B,69300,400,
600032.SH,600032,20251209,91519360,0,217862,A,B,72500,100,
600032.SH,600032,20251209,91519810,0,219950,A,B,72800,20700,
600032.SH,600032,20251209,91520150,0,221800,A,S,80900,500,
600032.SH,600032,20251209,91520400,0,223062,A,B,70100,5000,
600032.SH,600032,20251209,91520490,0,223443,A,B,72100,1000,
600032.SH,600032,20251209,91520570,0,223924,A,S,75700,5000,
600032.SH,600032,20251209,91520570,0,223925,A,B,71700,5000,
600032.SH,600032,20251209,91520570,0,223926,A,B,69700,5000,
600032.SH,600032,20251209,91520730,0,224727,A,S,80900,400,
600032.SH,600032,20251209,91521070,0,226255,A,S,73500,13000,
600032.SH,600032,20251209,91521150,0,226566,A,S,80800,1500,
600032.SH,600032,20251209,91521460,0,228379,A,B,70100,1700,
600032.SH,600032,20251209,91521620,0,228859,A,S,74700,1000,
600032.SH,600032,20251209,91521660,0,228965,A,B,71900,1000,
600032.SH,600032,20251209,91521740,0,229290,A,S,76300,400,
600032.SH,600032,20251209,91521970,0,230014,A,B,71900,100,
600032.SH,600032,20251209,91521970,0,230020,A,S,74700,100,
600032.SH,600032,20251209,91523140,0,233570,A,B,71000,500,
600032.SH,600032,20251209,91523510,0,234590,A,S,69700,300,
600032.SH,600032,20251209,91535690,0,238183,A,S,78800,5000,
600032.SH,600032,20251209,91548940,0,241856,A,S,76500,200,
600032.SH,600032,20251209,91548940,0,241857,A,B,70700,200,
600032.SH,600032,20251209,91550980,0,242464,A,S,74400,100,
600032.SH,600032,20251209,91550980,0,242465,A,B,72400,100,
600032.SH,600032,20251209,91552000,0,242744,A,S,74900,100,
600032.SH,600032,20251209,91552000,0,242745,A,B,72900,100,
600032.SH,600032,20251209,91553900,0,243314,A,B,69500,2000,
600032.SH,600032,20251209,91553900,0,243315,A,S,78500,2000,
600032.SH,600032,20251209,91553930,0,243320,A,B,66500,2000,
600032.SH,600032,20251209,91631510,0,251066,A,B,80900,100,
600032.SH,600032,20251209,91631800,0,251168,A,B,80900,100,
600032.SH,600032,20251209,91635010,0,251637,A,S,74500,100,
600032.SH,600032,20251209,91642170,0,252678,A,S,80900,1000,
600032.SH,600032,20251209,91644650,0,226255,D,S,73500,13000,
600032.SH,600032,20251209,91645400,0,253156,A,S,74000,2000,
600032.SH,600032,20251209,91655770,0,254732,A,B,73300,343000,
600032.SH,600032,20251209,91700650,0,255566,A,B,73400,3400,
600032.SH,600032,20251209,91701880,0,255812,A,S,66200,280000,
600032.SH,600032,20251209,91716110,0,258062,A,B,73100,4000,
600032.SH,600032,20251209,91720530,0,258826,A,S,76800,600,
600032.SH,600032,20251209,91721240,0,255812,D,S,66200,280000,
600032.SH,600032,20251209,91723140,0,157458,D,S,74100,4000,
600032.SH,600032,20251209,91730000,0,260465,A,S,79600,500,
600032.SH,600032,20251209,91733150,0,261037,A,S,74900,15000,
600032.SH,600032,20251209,91737530,0,261785,A,S,74800,4000,
600032.SH,600032,20251209,91742030,0,262543,A,B,73100,1800,
600032.SH,600032,20251209,91747050,0,263339,A,B,71200,400,
600032.SH,600032,20251209,91747570,0,263441,A,B,73400,2600,
600032.SH,600032,20251209,91747720,0,71878,D,S,73500,1000,
600032.SH,600032,20251209,91749730,0,263823,A,S,74200,4000,
600032.SH,600032,20251209,91750040,0,263876,A,S,74800,300,
600032.SH,600032,20251209,91751960,0,264227,A,B,72200,1300,
600032.SH,600032,20251209,91753430,0,264492,A,S,73400,1000,
600032.SH,600032,20251209,91753530,0,264518,A,B,73300,500,
600032.SH,600032,20251209,91822350,0,269505,A,B,71800,2000,
600032.SH,600032,20251209,91836460,0,272011,A,S,74000,1100,
600032.SH,600032,20251209,91840530,0,272715,A,B,73100,6000,
600032.SH,600032,20251209,91854360,0,275177,A,S,80900,1000,
600032.SH,600032,20251209,91854840,0,275257,A,B,72600,2000,
600032.SH,600032,20251209,91913360,0,278753,A,B,73500,1800,
600032.SH,600032,20251209,91926210,0,281120,A,B,72700,8700,
600032.SH,600032,20251209,91927050,0,281274,A,B,73500,3200,
600032.SH,600032,20251209,91930250,0,255566,D,B,73400,3400,
600032.SH,600032,20251209,91932350,0,282266,A,S,74500,30000,
600032.SH,600032,20251209,91947600,0,284991,A,B,73000,1000,
600032.SH,600032,20251209,91955660,0,286559,A,B,73400,3000,
600032.SH,600032,20251209,91955930,0,264492,D,S,73400,1000,
600032.SH,600032,20251209,92000310,0,287461,A,S,80800,2000,
600032.SH,600032,20251209,92002010,0,287955,A,B,72000,10000,
600032.SH,600032,20251209,92002490,0,288142,A,B,80900,100,
600032.SH,600032,20251209,92002960,0,288248,A,B,80900,600,
600032.SH,600032,20251209,92006030,0,289155,A,B,74900,400,
600032.SH,600032,20251209,92010910,0,290135,A,S,75800,700,
600032.SH,600032,20251209,92011890,0,290337,A,S,66200,100,
600032.SH,600032,20251209,92013460,0,290625,A,B,73300,300,
600032.SH,600032,20251209,92016990,0,291265,A,B,71100,4200,
600032.SH,600032,20251209,92021050,0,292049,A,S,67600,100,
600032.SH,600032,20251209,92021850,0,292205,A,S,75300,17300,
600032.SH,600032,20251209,92031420,0,294087,A,B,72800,1000,
600032.SH,600032,20251209,92032310,0,294264,A,S,79000,800,
600032.SH,600032,20251209,92033510,0,294512,A,S,73500,13000,
600032.SH,600032,20251209,92112870,0,302556,A,B,73000,500,
600032.SH,600032,20251209,92136760,0,307734,A,S,74100,1000,
600032.SH,600032,20251209,92142080,0,308996,A,B,66500,400,
600032.SH,600032,20251209,92143330,0,309250,A,S,73700,1000,
600032.SH,600032,20251209,92144820,0,309598,A,S,73800,400,
600032.SH,600032,20251209,92149390,0,310603,A,S,76200,30000,
600032.SH,600032,20251209,92149500,0,310630,A,S,73800,1000,
600032.SH,600032,20251209,92152480,0,311360,A,S,80500,1200,
600032.SH,600032,20251209,92200420,0,313188,A,B,72000,200,
600032.SH,600032,20251209,92201680,0,313657,A,S,79900,4200,
600032.SH,600032,20251209,92202130,0,313767,A,B,80800,100,
600032.SH,600032,20251209,92215480,0,317138,A,S,74100,6000,
600032.SH,600032,20251209,92216490,0,317425,A,S,73500,500,
600032.SH,600032,20251209,92219310,0,318116,A,S,73900,1000,
600032.SH,600032,20251209,92227680,0,320163,A,S,76500,5000,
600032.SH,600032,20251209,92232570,0,321463,A,S,80900,2500,
600032.SH,600032,20251209,92245500,0,324846,A,B,71300,1000,
600032.SH,600032,20251209,92300550,0,328857,A,B,72000,5000,
600032.SH,600032,20251209,92305810,0,330384,A,B,73500,400,
600032.SH,600032,20251209,92314010,0,332698,A,B,73200,1000,
600032.SH,600032,20251209,92319150,0,334199,A,S,76500,500,
600032.SH,600032,20251209,92323780,0,335574,A,B,73100,8000,
600032.SH,600032,20251209,92325490,0,336029,A,S,77700,3000,
600032.SH,600032,20251209,92331680,0,337842,A,S,80900,3200,
600032.SH,600032,20251209,92333230,0,338331,A,S,80800,200,
600032.SH,600032,20251209,92338730,0,340004,A,B,73200,2700,
600032.SH,600032,20251209,92338890,0,340052,A,B,73000,2000,
600032.SH,600032,20251209,92341120,0,340706,A,S,80000,100,
600032.SH,600032,20251209,92343170,0,341277,A,S,74400,400,
600032.SH,600032,20251209,92357220,0,345767,A,S,80900,1000,
600032.SH,600032,20251209,92359750,0,346567,A,S,80900,100,
600032.SH,600032,20251209,92404090,0,348220,A,S,80900,15000,
600032.SH,600032,20251209,92405560,0,348777,A,S,73800,113200,
600032.SH,600032,20251209,92408090,0,349699,A,S,80900,1000,
600032.SH,600032,20251209,92417920,0,353605,A,S,76100,3000,
600032.SH,600032,20251209,92436440,0,362043,A,S,80900,300,
600032.SH,600032,20251209,92437350,0,362485,A,S,74200,5000,
600032.SH,600032,20251209,92438680,0,363143,A,S,80900,2000,
600032.SH,600032,20251209,92439420,0,363836,A,S,66200,200,
600032.SH,600032,20251209,92446120,0,367392,A,S,74500,700,
600032.SH,600032,20251209,92450950,0,370936,A,S,72200,4100,
600032.SH,600032,20251209,92452820,0,372350,A,S,74700,10000,
600032.SH,600032,20251209,92455090,0,374412,A,B,73100,5100,
600032.SH,600032,20251209,92455090,0,374436,A,B,73500,100,
600032.SH,600032,20251209,92455120,0,374468,A,B,73700,200,
600032.SH,600032,20251209,92455410,0,374861,A,B,73500,3200,
600032.SH,600032,20251209,92456100,0,375617,A,B,73500,600,
600032.SH,600032,20251209,92456380,0,376059,A,S,73500,400,
600032.SH,600032,20251209,92456680,0,376517,A,B,73500,100,
600032.SH,600032,20251209,92458980,0,380770,A,B,72500,2000,
600032.SH,600032,20251209,92459150,0,381279,A,S,73400,2200,
600032.SH,600032,20251209,92459610,0,382416,A,S,73400,2300,
600032.SH,600032,20251209,92459690,0,382638,A,S,73400,1700,
600032.SH,600032,20251209,92501030,0,0,S,O,0,0,
600032.SH,600032,20251209,93000170,0,384239,A,S,74100,1000,
600032.SH,600032,20251209,93000350,0,385274,A,B,73400,3000,
600032.SH,600032,20251209,93000490,0,386579,A,S,74100,1400,
600032.SH,600032,20251209,93001330,0,387278,A,B,72800,15000,
600032.SH,600032,20251209,93001360,0,387304,A,B,72000,15000,
600032.SH,600032,20251209,93001620,0,387955,A,S,73700,49400,
600032.SH,600032,20251209,93001620,0,387974,A,S,74300,2000,
600032.SH,600032,20251209,93001860,0,389215,A,S,80900,100,
600032.SH,600032,20251209,93003420,0,404294,A,B,73400,600,
600032.SH,600032,20251209,93003420,0,404935,A,B,73400,100,
600032.SH,600032,20251209,93003570,0,405395,A,B,70000,2000,
600032.SH,600032,20251209,93003870,0,408908,A,B,73000,1000,
600032.SH,600032,20251209,93003870,0,409729,A,S,80900,3500,
600032.SH,600032,20251209,93003870,0,410043,A,S,80900,300,
600032.SH,600032,20251209,93004170,0,413017,A,B,72700,400,
600032.SH,600032,20251209,93004330,0,415549,A,B,72600,20000,
600032.SH,600032,20251209,93004480,0,416991,A,B,73400,1400,
600032.SH,600032,20251209,93004780,0,421260,A,S,74300,10000,
600032.SH,600032,20251209,93004930,0,422653,A,S,74200,3500,
600032.SH,600032,20251209,93005080,0,423697,A,S,75500,30000,
600032.SH,600032,20251209,93005080,0,424691,A,S,74000,1500,
600032.SH,600032,20251209,93005990,0,434591,A,B,72900,2000,
600032.SH,600032,20251209,93006280,0,437621,A,S,79900,1500,
600032.SH,600032,20251209,93006280,0,438008,A,B,73100,2000,
600032.SH,600032,20251209,93006440,0,440086,A,S,80900,1600,
600032.SH,600032,20251209,93006720,0,443166,A,S,73700,1500,
600032.SH,600032,20251209,93007330,0,90700,D,S,79200,1600,
600032.SH,600032,20251209,93007330,0,451357,A,B,73400,8000,
600032.SH,600032,20251209,93007460,0,453200,A,S,73500,700,
600032.SH,600032,20251209,93007610,0,454634,A,S,74500,3000,
600032.SH,600032,20251209,93007610,0,455053,A,S,75600,2300,
600032.SH,600032,20251209,93007610,0,455097,A,S,74000,500,
600032.SH,600032,20251209,93008070,0,460291,A,S,76600,1500,
600032.SH,600032,20251209,93008070,0,460673,A,B,72200,3000,
600032.SH,600032,20251209,93008520,0,464385,A,B,73400,100,
600032.SH,600032,20251209,93008520,0,465253,A,B,73400,600,
600032.SH,600032,20251209,93008670,0,467756,A,S,73900,6800,
600032.SH,600032,20251209,93008970,0,470263,A,B,73400,200,
600032.SH,600032,20251209,93009260,0,474577,A,S,80900,1000,
600032.SH,600032,20251209,93009260,0,474947,A,B,73400,100,
600032.SH,600032,20251209,93009430,0,476127,A,S,80900,32400,
600032.SH,600032,20251209,93009430,0,476538,A,B,73400,5000,
600032.SH,600032,20251209,93009560,0,478524,A,B,72600,1400,
600032.SH,600032,20251209,93009730,0,479678,A,B,73400,300,
600032.SH,600032,20251209,93009730,0,480060,A,B,73000,2000,
600032.SH,600032,20251209,93009730,0,480297,A,S,79900,1400,
600032.SH,600032,20251209,93009890,0,482099,A,S,74200,400,
600032.SH,600032,20251209,93010050,0,483385,A,B,73400,100,
600032.SH,600032,20251209,93010050,0,484066,A,S,74000,3000,
600032.SH,600032,20251209,93010260,0,485250,A,S,73500,100,
600032.SH,600032,20251209,93010260,0,485430,A,S,73500,100,
600032.SH,600032,20251209,93010410,0,488720,A,B,73400,100,
600032.SH,600032,20251209,93010560,0,488993,A,B,72500,1000,
600032.SH,600032,20251209,93010560,0,489913,A,B,73400,14100,
600032.SH,600032,20251209,93010750,0,491554,A,S,75800,800,
600032.SH,600032,20251209,93010910,0,493566,A,B,72000,3000,
600032.SH,600032,20251209,93011240,0,496481,A,B,72200,3500,
600032.SH,600032,20251209,93011240,0,496635,A,S,73900,4900,
600032.SH,600032,20251209,93011380,0,498669,A,B,73100,1200,
600032.SH,600032,20251209,93011380,0,498769,A,B,73400,100,
600032.SH,600032,20251209,93011580,0,500824,A,S,77700,1000,
600032.SH,600032,20251209,93011710,0,501973,A,S,80900,5000,
600032.SH,600032,20251209,93011930,0,504081,A,S,74000,1000,
600032.SH,600032,20251209,93011930,0,504933,A,B,72200,4200,
600032.SH,600032,20251209,93012420,0,510869,A,B,73400,100,
600032.SH,600032,20251209,93012580,0,512363,A,B,72800,2000,
600032.SH,600032,20251209,93012580,0,512480,A,B,72800,2000,
600032.SH,600032,20251209,93012730,0,513882,A,S,74600,2000,
600032.SH,600032,20251209,93012730,0,514671,A,S,75900,1200,
600032.SH,600032,20251209,93012890,0,515616,A,S,73500,100,
600032.SH,600032,20251209,93012890,0,515623,A,S,73500,100,
600032.SH,600032,20251209,93012890,0,515643,A,S,74100,2600,
600032.SH,600032,20251209,93013040,0,517871,A,B,73300,500,
600032.SH,600032,20251209,93013040,0,518152,A,B,73400,200,
600032.SH,600032,20251209,93013190,0,518453,A,B,66700,200,
600032.SH,600032,20251209,93013190,0,518532,A,S,80900,3000,
600032.SH,600032,20251209,93013330,0,520990,A,B,73400,100,
600032.SH,600032,20251209,93013820,0,526489,A,S,73500,100,
600032.SH,600032,20251209,93013980,0,528814,A,B,73100,300,
600032.SH,600032,20251209,93014140,0,529943,A,S,73700,3000,
600032.SH,600032,20251209,93014450,0,533233,A,S,74900,1400,
600032.SH,600032,20251209,93014750,0,535994,A,B,73400,300,
600032.SH,600032,20251209,93014750,0,536034,A,S,73700,15000,
600032.SH,600032,20251209,93014800,0,537907,A,S,74800,1500,
600032.SH,600032,20251209,93015090,0,540563,A,B,73100,500,
600032.SH,600032,20251209,93015430,0,542982,A,S,73500,200,
600032.SH,600032,20251209,93015770,0,546990,A,B,73400,1000,
600032.SH,600032,20251209,93015850,0,547854,A,S,73500,300,
600032.SH,600032,20251209,93015850,0,548837,A,B,73300,400,
600032.SH,600032,20251209,93016210,0,551581,A,S,74700,10000,
600032.SH,600032,20251209,93016330,0,553428,A,B,73300,600,
600032.SH,600032,20251209,93016330,0,553432,A,B,73300,700,
600032.SH,600032,20251209,93016330,0,553433,A,B,73300,500,
600032.SH,600032,20251209,93016330,0,554364,A,S,80900,200,
600032.SH,600032,20251209,93016330,0,554543,A,B,72800,400,
600032.SH,600032,20251209,93016480,0,555530,A,S,73500,100,
600032.SH,600032,20251209,93016740,0,558497,A,S,80900,1000,
600032.SH,600032,20251209,93016740,0,489913,D,B,73400,14100,
600032.SH,600032,20251209,93016740,0,559052,A,S,73500,100,
600032.SH,600032,20251209,93016740,0,559053,A,S,73500,300,
600032.SH,600032,20251209,93016740,0,559054,A,S,73500,300,
600032.SH,600032,20251209,93017360,0,565256,A,B,73200,1000,
600032.SH,600032,20251209,93017620,0,568730,A,B,72900,1500,
600032.SH,600032,20251209,93017620,0,569095,A,B,72400,3000,
600032.SH,600032,20251209,93017920,0,571343,A,B,72300,500,
600032.SH,600032,20251209,93018210,0,574975,A,B,73300,500,
600032.SH,600032,20251209,93018280,0,576348,A,S,73500,300,
600032.SH,600032,20251209,93018580,0,579583,A,S,76500,300,
600032.SH,600032,20251209,93018580,0,579775,A,S,73500,100,
600032.SH,600032,20251209,93018740,0,581366,A,B,73400,2700,
600032.SH,600032,20251209,93019060,0,583507,A,B,73400,2000,
600032.SH,600032,20251209,93019210,0,504933,D,B,72200,4200,
600032.SH,600032,20251209,93019210,0,585794,A,B,73300,2000,
600032.SH,600032,20251209,93019290,0,586021,A,S,74100,900,
600032.SH,600032,20251209,93019290,0,587137,A,S,74900,3000,
600032.SH,600032,20251209,93019290,0,587164,A,S,79900,3000,
600032.SH,600032,20251209,93019550,0,589390,A,S,80900,2000,
600032.SH,600032,20251209,93019550,0,590076,A,S,76800,300,
600032.SH,600032,20251209,93019550,0,590458,A,B,72000,1000,
600032.SH,600032,20251209,93019880,0,592899,A,B,73400,100,
600032.SH,600032,20251209,93020090,0,595421,A,S,74300,500,
600032.SH,600032,20251209,93020250,0,596652,A,S,73500,100,
600032.SH,600032,20251209,93020400,0,598262,A,B,72500,300,
600032.SH,600032,20251209,93020400,0,599110,A,S,74000,2600,
600032.SH,600032,20251209,93020540,0,599917,A,S,73500,100,
600032.SH,600032,20251209,93020540,0,600039,A,S,73500,100,
600032.SH,600032,20251209,93020540,0,600791,A,B,72800,1000,
600032.SH,600032,20251209,93020680,0,601077,A,B,67900,1500,
600032.SH,600032,20251209,93020680,0,601709,A,S,73500,100,
600032.SH,600032,20251209,93020830,0,603123,A,S,74500,5000,
600032.SH,600032,20251209,93020990,0,604703,A,B,73400,100,
600032.SH,600032,20251209,93021190,0,607937,A,S,80900,2400,
600032.SH,600032,20251209,93021520,0,610305,A,S,73500,100,
600032.SH,600032,20251209,93021660,0,612438,A,S,80900,500,
600032.SH,600032,20251209,93021660,0,612680,A,B,73300,3000,
600032.SH,600032,20251209,93022050,0,616568,A,S,73700,7900,
600032.SH,600032,20251209,93022140,0,617878,A,S,73500,100,
600032.SH,600032,20251209,93022770,0,623823,A,B,73400,400,
600032.SH,600032,20251209,93022930,0,625645,A,S,73700,4300,
600032.SH,600032,20251209,93023130,0,626268,A,S,73500,1500,
600032.SH,600032,20251209,93023410,0,630105,A,B,73000,6900,
600032.SH,600032,20251209,93023570,0,632377,A,S,74800,300,
600032.SH,600032,20251209,93023720,0,632517,A,S,73500,400,
600032.SH,600032,20251209,93023720,0,632594,A,S,73500,800,
600032.SH,600032,20251209,93023720,0,632862,A,S,73500,300,
600032.SH,600032,20251209,93024340,0,639166,A,B,73400,100,
600032.SH,600032,20251209,93024880,0,643170,A,S,73500,100,
600032.SH,600032,20251209,93025240,0,387955,D,S,73700,49400,
600032.SH,600032,20251209,93025320,0,645883,A,S,76300,1500,
600032.SH,600032,20251209,93025490,0,646916,A,B,72500,1500,
600032.SH,600032,20251209,93025570,0,647459,A,S,73500,300,
600032.SH,600032,20251209,93025680,0,648097,A,B,66200,10000,
600032.SH,600032,20251209,93026160,0,650864,A,S,74400,100,
600032.SH,600032,20251209,93026720,0,654335,A,S,73500,100,
600032.SH,600032,20251209,93026890,0,655226,A,S,73400,1500,
600032.SH,600032,20251209,93027210,0,657133,A,B,73200,2800,
600032.SH,600032,20251209,93027530,0,658874,A,S,73500,100,
600032.SH,600032,20251209,93028060,0,662262,A,S,73500,100,
600032.SH,600032,20251209,93028510,0,318116,D,S,73900,1000,
600032.SH,600032,20251209,93028540,0,665303,A,S,73400,500,
600032.SH,600032,20251209,93028720,0,666498,A,S,74200,1000,
600032.SH,600032,20251209,93029000,0,668364,A,B,72800,1000,
600032.SH,600032,20251209,93029160,0,669424,A,S,73400,300,
600032.SH,600032,20251209,93029180,0,376059,D,S,73500,400,
600032.SH,600032,20251209,93029230,0,669665,A,S,73400,1200,
600032.SH,600032,20251209,93029670,0,453200,D,S,73500,700,
600032.SH,600032,20251209,93029670,0,600039,D,S,73500,100,
600032.SH,600032,20251209,93029940,0,674925,A,S,73500,800,
600032.SH,600032,20251209,93030000,0,626268,D,S,73500,1500,
600032.SH,600032,20251209,93030070,0,610305,D,S,73500,100,
600032.SH,600032,20251209,93030090,0,617878,D,S,73500,100,
600032.SH,600032,20251209,93031750,0,687455,A,S,73500,100,
600032.SH,600032,20251209,93031860,0,124321,D,B,72100,2100,
600032.SH,600032,20251209,93031990,0,688903,A,S,73500,300,
600032.SH,600032,20251209,93032100,0,689852,A,S,73500,100,
600032.SH,600032,20251209,93032180,0,690286,A,B,73400,800,
600032.SH,600032,20251209,93032180,0,690304,A,S,73500,100,
600032.SH,600032,20251209,93032200,0,690455,A,B,73400,800,
600032.SH,600032,20251209,93032200,0,690536,A,B,73400,500,
600032.SH,600032,20251209,93032220,0,690624,A,S,80800,100,
600032.SH,600032,20251209,93032220,0,690625,A,S,80900,100,
600032.SH,600032,20251209,93032760,0,694218,A,B,73400,100,
600032.SH,600032,20251209,93033530,0,699132,A,B,73400,500,
600032.SH,600032,20251209,93033560,0,699190,A,B,73400,400,
600032.SH,600032,20251209,93033600,0,699482,A,S,73500,1100,
600032.SH,600032,20251209,93034040,0,702432,A,B,73400,300,
600032.SH,600032,20251209,93034090,0,702635,A,B,73400,100,
600032.SH,600032,20251209,93034890,0,707513,A,B,73400,200,
600032.SH,600032,20251209,93035200,0,690304,D,S,73500,100,
600032.SH,600032,20251209,93035200,0,709392,A,S,73400,1600,
600032.SH,600032,20251209,93035200,0,709554,A,S,73400,200,
600032.SH,600032,20251209,93035200,0,709558,A,S,73400,400,
600032.SH,600032,20251209,93035220,0,709612,A,S,73400,400,
600032.SH,600032,20251209,93035220,0,709659,A,S,73400,100,
600032.SH,600032,20251209,93035220,0,709660,A,S,73400,100,
600032.SH,600032,20251209,93035260,0,709953,A,S,73500,300,
600032.SH,600032,20251209,93035540,0,711652,A,S,73400,3100,
600032.SH,600032,20251209,93035660,0,712450,A,S,73400,200,
600032.SH,600032,20251209,93035800,0,713384,A,S,73400,500,
600032.SH,600032,20251209,93035920,0,714025,A,S,73400,100,
600032.SH,600032,20251209,93036090,0,715122,A,B,72100,500,
600032.SH,600032,20251209,93036520,0,717860,A,S,73400,100,
600032.SH,600032,20251209,93036860,0,720101,A,S,73500,900,
600032.SH,600032,20251209,93036930,0,720520,A,S,73400,100,
600032.SH,600032,20251209,93036970,0,720584,A,S,73400,300,
600032.SH,600032,20251209,93037070,0,721380,A,S,73400,100,
600032.SH,600032,20251209,93037130,0,721760,A,S,73400,200,
600032.SH,600032,20251209,93037620,0,724891,A,S,73400,600,
600032.SH,600032,20251209,93037910,0,726413,A,S,73500,200,
600032.SH,600032,20251209,93038140,0,709554,D,S,73400,200,
600032.SH,600032,20251209,93038140,0,720520,D,S,73400,100,
600032.SH,600032,20251209,93038140,0,709558,D,S,73400,400,
600032.SH,600032,20251209,93038180,0,709660,D,S,73400,100,
600032.SH,600032,20251209,93038180,0,709659,D,S,73400,100,
600032.SH,600032,20251209,93038210,0,709612,D,S,73400,400,
600032.SH,600032,20251209,93038210,0,727910,A,S,73400,300,
600032.SH,600032,20251209,93038240,0,717860,D,S,73400,100,
600032.SH,600032,20251209,93038890,0,731856,A,S,73400,1600,
600032.SH,600032,20251209,93038910,0,731909,A,S,73400,300,
600032.SH,600032,20251209,93039400,0,734626,A,S,73500,1100,
600032.SH,600032,20251209,93039430,0,735135,A,S,73400,700,
600032.SH,600032,20251209,93039550,0,735735,A,S,73400,100,
600032.SH,600032,20251209,93039580,0,735819,A,S,73500,800,
600032.SH,600032,20251209,93039820,0,737229,A,S,73400,900,
600032.SH,600032,20251209,93039880,0,737581,A,S,73500,100,
600032.SH,600032,20251209,93039880,0,737582,A,S,73500,300,
600032.SH,600032,20251209,93039880,0,737678,A,S,73400,300,
600032.SH,600032,20251209,93039950,0,720584,D,S,73400,300,
600032.SH,600032,20251209,93040020,0,738643,A,S,73400,1900,
600032.SH,600032,20251209,93040070,0,738943,A,S,73400,800,
600032.SH,600032,20251209,93040070,0,738949,A,S,73400,700,
600032.SH,600032,20251209,93040740,0,742542,A,B,73300,100,
600032.SH,600032,20251209,93045240,0,763793,A,S,73400,400,
600032.SH,600032,20251209,93045330,0,764323,A,S,73500,200,
600032.SH,600032,20251209,93045630,0,765706,A,B,72900,700,
600032.SH,600032,20251209,93045740,0,766313,A,S,73400,1600,
600032.SH,600032,20251209,93045870,0,766774,A,S,73400,2400,
600032.SH,600032,20251209,93045940,0,767082,A,S,73400,16900,
600032.SH,600032,20251209,93046150,0,768245,A,S,73500,700,
600032.SH,600032,20251209,93046280,0,768843,A,B,73300,7900,
600032.SH,600032,20251209,93046280,0,768848,A,S,73500,200,
600032.SH,600032,20251209,93046760,0,770922,A,S,73500,100,
600032.SH,600032,20251209,93046870,0,771597,A,S,73400,3100,
600032.SH,600032,20251209,93047240,0,773223,A,S,73400,200,
600032.SH,600032,20251209,93047960,0,737678,D,S,73400,300,
600032.SH,600032,20251209,93048170,0,777659,A,B,73300,600,
600032.SH,600032,20251209,93048340,0,767082,D,S,73400,16900,
600032.SH,600032,20251209,93048500,0,766774,D,S,73400,2400,
600032.SH,600032,20251209,93049450,0,783189,A,B,73400,36600,
600032.SH,600032,20251209,93050160,0,785563,A,B,73400,500,
600032.SH,600032,20251209,93050630,0,787332,A,B,73400,400,
600032.SH,600032,20251209,93050630,0,787410,A,B,73400,200,
600032.SH,600032,20251209,93050630,0,787508,A,B,73400,100,
600032.SH,600032,20251209,93051000,0,788711,A,S,73500,700,
600032.SH,600032,20251209,93051000,0,788719,A,S,73500,1300,
600032.SH,600032,20251209,93052060,0,792392,A,B,73400,100,
600032.SH,600032,20251209,93052600,0,794113,A,S,73500,100,
600032.SH,600032,20251209,93053220,0,796343,A,S,73500,800,
600032.SH,600032,20251209,93053480,0,797263,A,B,73400,1300,
600032.SH,600032,20251209,93054760,0,801605,A,B,73300,10000,
600032.SH,600032,20251209,93055290,0,803515,A,S,73500,700,
600032.SH,600032,20251209,93055290,0,803535,A,S,73500,500,
600032.SH,600032,20251209,93055330,0,803698,A,S,73500,200,
600032.SH,600032,20251209,93055360,0,803786,A,S,73500,400,
600032.SH,600032,20251209,93055360,0,27861,D,S,73700,15000,
600032.SH,600032,20251209,93055710,0,805294,A,B,73400,200,
600032.SH,600032,20251209,93056300,0,807240,A,S,73500,200,
600032.SH,600032,20251209,93057010,0,809698,A,B,70000,300,
600032.SH,600032,20251209,93058690,0,815992,A,B,73400,100,
600032.SH,600032,20251209,93059140,0,817592,A,B,73400,100,
600032.SH,600032,20251209,93059140,0,817650,A,B,73400,100,
600032.SH,600032,20251209,93059370,0,777659,D,B,73300,600,
600032.SH,600032,20251209,93059470,0,818728,A,B,73400,700,
600032.SH,600032,20251209,93059700,0,819454,A,S,73500,1200,
600032.SH,600032,20251209,93059780,0,819671,A,B,73400,600,
600032.SH,600032,20251209,93100170,0,821350,A,B,73400,300,
600032.SH,600032,20251209,93100250,0,821878,A,B,73400,100,
600032.SH,600032,20251209,93101140,0,826725,A,S,80800,600,
600032.SH,600032,20251209,93101280,0,827367,A,B,73400,200,
600032.SH,600032,20251209,93102340,0,831844,A,S,73500,200,
600032.SH,600032,20251209,93102410,0,832086,A,S,73600,15000,
600032.SH,600032,20251209,93102520,0,832579,A,S,73500,2200,
600032.SH,600032,20251209,93102720,0,833389,A,B,73200,500,
600032.SH,600032,20251209,93102890,0,834141,A,B,73300,400,
600032.SH,600032,20251209,93104890,0,842416,A,B,73200,400,
600032.SH,600032,20251209,93105160,0,843696,A,S,73500,3100,
600032.SH,600032,20251209,93105160,0,737582,D,S,73500,300,
600032.SH,600032,20251209,93105230,0,844024,A,B,73400,600,
600032.SH,600032,20251209,93105270,0,844124,A,S,73500,200,
600032.SH,600032,20251209,93105360,0,844642,A,S,73500,700,
600032.SH,600032,20251209,93105510,0,599917,D,S,73500,100,
600032.SH,600032,20251209,93106430,0,849115,A,S,73500,1000,
600032.SH,600032,20251209,93107730,0,854259,A,B,73400,100,
600032.SH,600032,20251209,93108220,0,856237,A,B,73400,600,
600032.SH,600032,20251209,93108560,0,857501,A,S,80800,200,
600032.SH,600032,20251209,93109910,0,862967,A,S,73400,100,
600032.SH,600032,20251209,93110490,0,865217,A,S,73400,4800,
600032.SH,600032,20251209,93111170,0,867685,A,S,73500,1300,
600032.SH,600032,20251209,93111170,0,867694,A,B,73300,300,
600032.SH,600032,20251209,93111170,0,867720,A,S,73500,900,
600032.SH,600032,20251209,93111170,0,867721,A,S,73500,1300,
600032.SH,600032,20251209,93111170,0,867722,A,S,73500,1900,
600032.SH,600032,20251209,93111170,0,867724,A,S,73500,700,
600032.SH,600032,20251209,93111170,0,867725,A,S,73500,700,
600032.SH,600032,20251209,93111200,0,867749,A,S,73500,800,
600032.SH,600032,20251209,93111370,0,844642,D,S,73500,700,
600032.SH,600032,20251209,93111490,0,868837,A,S,73400,700,
600032.SH,600032,20251209,93111600,0,768848,D,S,73500,200,
600032.SH,600032,20251209,93111630,0,869434,A,S,73400,100,
600032.SH,600032,20251209,93111690,0,865217,D,S,73400,4800,
600032.SH,600032,20251209,93111810,0,870101,A,B,72800,1000,
600032.SH,600032,20251209,93111900,0,870428,A,S,73400,900,
600032.SH,600032,20251209,93112010,0,870856,A,S,73400,100,
600032.SH,600032,20251209,93112010,0,870879,A,S,73400,1200,
600032.SH,600032,20251209,93112010,0,870902,A,S,73400,1300,
600032.SH,600032,20251209,93112610,0,873428,A,S,73400,200,
600032.SH,600032,20251209,93112790,0,874153,A,S,73400,1000,
600032.SH,600032,20251209,93115230,0,882798,A,B,73000,100,
600032.SH,600032,20251209,93117160,0,889846,A,B,73300,2200,
600032.SH,600032,20251209,93118820,0,896157,A,B,72300,8000,
600032.SH,600032,20251209,93118910,0,896517,A,B,73000,1900,
600032.SH,600032,20251209,93119720,0,899959,A,B,73300,100,
600032.SH,600032,20251209,93120180,0,832579,D,S,73500,2200,
600032.SH,600032,20251209,93120990,0,317425,D,S,73500,500,
600032.SH,600032,20251209,93121140,0,576348,D,S,73500,300,
600032.SH,600032,20251209,93121270,0,867724,D,S,73500,700,
600032.SH,600032,20251209,93121270,0,867720,D,S,73500,900,
600032.SH,600032,20251209,93121270,0,867721,D,S,73500,1300,
600032.SH,600032,20251209,93121270,0,867725,D,S,73500,700,
600032.SH,600032,20251209,93121270,0,867722,D,S,73500,1900,
600032.SH,600032,20251209,93121270,0,867749,D,S,73500,800,
600032.SH,600032,20251209,93121270,0,867685,D,S,73500,1300,
600032.SH,600032,20251209,93121800,0,907539,A,S,73400,500,
600032.SH,600032,20251209,93121950,0,908128,A,S,73800,5000,
600032.SH,600032,20251209,93122120,0,908764,A,S,73400,100,
600032.SH,600032,20251209,93123740,0,914578,A,B,73300,100,
600032.SH,600032,20251209,93124840,0,918757,A,S,73400,200,
600032.SH,600032,20251209,93125680,0,921823,A,B,73300,100,
600032.SH,600032,20251209,93125800,0,922260,A,B,73400,8900,
600032.SH,600032,20251209,93126150,0,867694,D,B,73300,300,
600032.SH,600032,20251209,93126680,0,921823,D,B,73300,100,
600032.SH,600032,20251209,93126750,0,914578,D,B,73300,100,
600032.SH,600032,20251209,93126750,0,926045,A,S,73700,10800,
600032.SH,600032,20251209,93127270,0,927781,A,B,73400,100,
600032.SH,600032,20251209,93127270,0,927784,A,B,73400,200,
600032.SH,600032,20251209,93127270,0,927787,A,B,73400,200,
600032.SH,600032,20251209,93127270,0,927807,A,B,73400,100,
600032.SH,600032,20251209,93127270,0,927830,A,B,73400,100,
600032.SH,600032,20251209,93127450,0,928500,A,B,73400,100,
600032.SH,600032,20251209,93128400,0,931949,A,S,76500,1600,
600032.SH,600032,20251209,93129250,0,934935,A,B,73400,100,
600032.SH,600032,20251209,93129250,0,934956,A,B,73400,100,
600032.SH,600032,20251209,93129300,0,935058,A,B,73400,100,
600032.SH,600032,20251209,93129300,0,935126,A,B,73400,200,
600032.SH,600032,20251209,93129330,0,935242,A,B,73400,100,
600032.SH,600032,20251209,93129400,0,935516,A,B,73000,10000,
600032.SH,600032,20251209,93129870,0,937244,A,B,73400,100,
600032.SH,600032,20251209,93130900,0,940690,A,B,73400,500,
600032.SH,600032,20251209,93131560,0,943132,A,B,73000,3000,
600032.SH,600032,20251209,93131700,0,943632,A,B,73400,1000,
600032.SH,600032,20251209,93132140,0,945337,A,B,73400,300,
600032.SH,600032,20251209,93133320,0,949394,A,B,72300,3000,
600032.SH,600032,20251209,93134920,0,954904,A,S,74100,19600,
600032.SH,600032,20251209,93134920,0,954951,A,S,73900,2000,
600032.SH,600032,20251209,93135220,0,955884,A,B,72000,3300,
600032.SH,600032,20251209,93136440,0,770922,D,S,73500,100,
600032.SH,600032,20251209,93136440,0,959962,A,S,73500,700,
600032.SH,600032,20251209,93137050,0,962550,A,B,68000,2100,
600032.SH,600032,20251209,93137630,0,964627,A,B,73400,500,
600032.SH,600032,20251209,93141140,0,979263,A,B,73400,300,
600032.SH,600032,20251209,93141140,0,979266,A,B,73400,100,
600032.SH,600032,20251209,93141170,0,979335,A,B,73400,300,
600032.SH,600032,20251209,93141170,0,979349,A,S,73500,300,
600032.SH,600032,20251209,93141170,0,979364,A,B,73400,100,
600032.SH,600032,20251209,93141230,0,979637,A,B,73400,300,
600032.SH,600032,20251209,93141750,0,981868,A,B,72800,1000,
600032.SH,600032,20251209,93144130,0,991355,A,B,73400,300,
600032.SH,600032,20251209,93144130,0,991362,A,B,73400,200,
600032.SH,600032,20251209,93144130,0,991363,A,B,73400,300,
600032.SH,600032,20251209,93144130,0,991373,A,B,73400,100,
600032.SH,600032,20251209,93144130,0,991388,A,B,73400,100,
600032.SH,600032,20251209,93144130,0,991390,A,B,73400,300,
600032.SH,600032,20251209,93144130,0,991391,A,B,73400,100,
600032.SH,600032,20251209,93144130,0,991392,A,B,73400,100,
600032.SH,600032,20251209,93144130,0,991393,A,B,73400,200,
600032.SH,600032,20251209,93144130,0,991394,A,B,73400,300,
600032.SH,600032,20251209,93144130,0,991397,A,B,73400,200,
600032.SH,600032,20251209,93144130,0,991398,A,B,73400,300,
600032.SH,600032,20251209,93144130,0,991404,A,B,73400,300,
600032.SH,600032,20251209,93144130,0,991406,A,B,73400,300,
600032.SH,600032,20251209,93144130,0,991410,A,B,73400,200,
600032.SH,600032,20251209,93144140,0,991494,A,B,73400,100,
600032.SH,600032,20251209,93144180,0,991546,A,B,73400,100,
600032.SH,600032,20251209,93144180,0,991632,A,B,73400,100,
600032.SH,600032,20251209,93144180,0,991634,A,B,73400,300,
600032.SH,600032,20251209,93144210,0,991676,A,B,73400,200,
600032.SH,600032,20251209,93144210,0,991678,A,B,73400,100,
600032.SH,600032,20251209,93144310,0,992040,A,B,73400,100,
600032.SH,600032,20251209,93144820,0,994364,A,B,73400,100,
600032.SH,600032,20251209,93146490,0,132113,D,S,80900,15300,
600032.SH,600032,20251209,93147300,0,1004175,A,B,73400,4000,
600032.SH,600032,20251209,93148790,0,1010036,A,S,78000,300,
600032.SH,600032,20251209,93150290,0,1015596,A,S,73500,800,
600032.SH,600032,20251209,93150290,0,1015597,A,S,73500,1600,
600032.SH,600032,20251209,93150290,0,1015606,A,S,73500,800,
600032.SH,600032,20251209,93150290,0,1015608,A,S,73500,500,
600032.SH,600032,20251209,93150290,0,1015640,A,B,73400,700,
600032.SH,600032,20251209,93152050,0,1022054,A,B,73100,1000,
600032.SH,600032,20251209,93152890,0,1024863,A,B,73400,3500,
600032.SH,600032,20251209,93153290,0,1026194,A,B,73400,700,
600032.SH,600032,20251209,93154390,0,981868,D,B,72800,1000,
600032.SH,600032,20251209,93154840,0,258062,D,B,73100,4000,
600032.SH,600032,20251209,93154890,0,1031412,A,S,74100,1300,
600032.SH,600032,20251209,93156150,0,1036016,A,B,73400,1600,
600032.SH,600032,20251209,93157580,0,1040704,A,B,72500,300,
600032.SH,600032,20251209,93158650,0,1044072,A,B,73400,1000,
600032.SH,600032,20251209,93159660,0,1047178,A,B,72800,37300,
600032.SH,600032,20251209,93200660,0,553432,D,B,73300,700,
600032.SH,600032,20251209,93200740,0,1051287,A,B,73300,600,
600032.SH,600032,20251209,93200900,0,1052067,A,B,73000,1800,
600032.SH,600032,20251209,93201250,0,1053674,A,B,73400,20000,
600032.SH,600032,20251209,93202090,0,1056737,A,B,72200,1000,
600032.SH,600032,20251209,93202240,0,1057507,A,S,73600,4600,
600032.SH,600032,20251209,93202690,0,1059034,A,B,72800,700,
600032.SH,600032,20251209,93203060,0,1060394,A,B,66200,100,
600032.SH,600032,20251209,93203060,0,1060395,A,B,66200,100,
600032.SH,600032,20251209,93203060,0,1060396,A,B,66200,100,
600032.SH,600032,20251209,93203060,0,1060397,A,B,66200,100,
600032.SH,600032,20251209,93203060,0,1060398,A,B,66200,100,
600032.SH,600032,20251209,93203060,0,1060399,A,B,66200,100,
600032.SH,600032,20251209,93203290,0,803786,D,S,73500,400,
600032.SH,600032,20251209,93203290,0,632594,D,S,73500,800,
600032.SH,600032,20251209,93203290,0,632517,D,S,73500,400,
600032.SH,600032,20251209,93203290,0,803515,D,S,73500,700,
600032.SH,600032,20251209,93203290,0,803698,D,S,73500,200,
600032.SH,600032,20251209,93203290,0,764323,D,S,73500,200,
600032.SH,600032,20251209,93203290,0,726413,D,S,73500,200,
600032.SH,600032,20251209,93203330,0,803535,D,S,73500,500,
600032.SH,600032,20251209,93203330,0,632862,D,S,73500,300,
600032.SH,600032,20251209,93204010,0,1064262,A,B,72800,1000,
600032.SH,600032,20251209,93204260,0,1065328,A,S,73500,300,
600032.SH,600032,20251209,93204750,0,1067058,A,B,73000,500,
600032.SH,600032,20251209,93205070,0,1060396,D,B,66200,100,
600032.SH,600032,20251209,93205070,0,1060395,D,B,66200,100,
600032.SH,600032,20251209,93205070,0,1060399,D,B,66200,100,
600032.SH,600032,20251209,93205070,0,1060397,D,B,66200,100,
600032.SH,600032,20251209,93205070,0,1060394,D,B,66200,100,
600032.SH,600032,20251209,93205070,0,1060398,D,B,66200,100,
600032.SH,600032,20251209,93205620,0,1070697,A,B,73200,2000,
600032.SH,600032,20251209,93205780,0,1071358,A,B,73400,2000,
600032.SH,600032,20251209,93207740,0,1078936,A,S,78700,2700,
600032.SH,600032,20251209,93210190,0,832086,D,S,73600,15000,
600032.SH,600032,20251209,93213290,0,1100505,A,S,80900,1000,
600032.SH,600032,20251209,93213920,0,1104050,A,B,73400,100,
600032.SH,600032,20251209,93214080,0,1105137,A,B,73400,1900,
600032.SH,600032,20251209,93214810,0,1109152,A,B,73000,1000,
600032.SH,600032,20251209,93216550,0,1116832,A,S,75800,2000,
600032.SH,600032,20251209,93216700,0,1117508,A,S,73500,100,
600032.SH,600032,20251209,93216720,0,1117544,A,B,72500,400,
600032.SH,600032,20251209,93216880,0,1118202,A,B,72900,1300,
600032.SH,600032,20251209,93219150,0,1126506,A,S,73500,100,
600032.SH,600032,20251209,93219150,0,1126510,A,S,73500,100,
600032.SH,600032,20251209,93219150,0,1126537,A,S,73500,100,
600032.SH,600032,20251209,93220700,0,1131988,A,B,73400,1000,
600032.SH,600032,20251209,93221300,0,1134027,A,S,80000,1000,
600032.SH,600032,20251209,93221470,0,1134687,A,S,73500,200,
600032.SH,600032,20251209,93221490,0,1134712,A,S,73500,2500,
600032.SH,600032,20251209,93222180,0,1137115,A,S,73400,3400,
600032.SH,600032,20251209,93222230,0,959962,D,S,73500,700,
600032.SH,600032,20251209,93222370,0,1137770,A,S,73400,1000,
600032.SH,600032,20251209,93222370,0,1137771,A,S,73400,2000,
600032.SH,600032,20251209,93222370,0,1137798,A,S,73400,1400,
600032.SH,600032,20251209,93222400,0,1137985,A,S,73400,700,
600032.SH,600032,20251209,93222430,0,1138031,A,S,73400,200,
600032.SH,600032,20251209,93222430,0,1138032,A,S,73400,200,
600032.SH,600032,20251209,93222460,0,1138140,A,S,73400,100,
600032.SH,600032,20251209,93222500,0,1138261,A,S,73400,1300,
600032.SH,600032,20251209,93222500,0,1138296,A,S,73400,800,
600032.SH,600032,20251209,93223160,0,796343,D,S,73500,800,
600032.SH,600032,20251209,93223400,0,1137115,D,S,73400,3000,
600032.SH,600032,20251209,93223550,0,1134687,D,S,73500,200,
600032.SH,600032,20251209,93223590,0,1141874,A,S,73400,200,
600032.SH,600032,20251209,93223750,0,1138032,D,S,73400,200,
600032.SH,600032,20251209,93223750,0,1065328,D,S,73500,300,
600032.SH,600032,20251209,93223780,0,1142387,A,S,77000,5000,
600032.SH,600032,20251209,93223830,0,1142586,A,S,73400,300,
600032.SH,600032,20251209,93224490,0,1138031,D,S,73400,200,
600032.SH,600032,20251209,93224600,0,1144813,A,S,73400,300,
600032.SH,600032,20251209,93224900,0,1145849,A,B,73200,10000,
600032.SH,600032,20251209,93224970,0,542982,D,S,73500,200,
600032.SH,600032,20251209,93225060,0,1146322,A,S,73400,100,
600032.SH,600032,20251209,93225220,0,1134712,D,S,73500,2500,
600032.SH,600032,20251209,93225360,0,1137770,D,S,73400,1000,
600032.SH,600032,20251209,93225360,0,1137771,D,S,73400,2000,
600032.SH,600032,20251209,93225460,0,1147645,A,B,73000,2000,
600032.SH,600032,20251209,93226020,0,1149427,A,B,73200,1900,
600032.SH,600032,20251209,93227370,0,1153531,A,S,73400,4000,
600032.SH,600032,20251209,93227420,0,1153684,A,S,76900,2000,
600032.SH,600032,20251209,93227450,0,1153814,A,B,73300,400,
600032.SH,600032,20251209,93227560,0,1154141,A,S,73900,8000,
600032.SH,600032,20251209,93227670,0,1154634,A,B,73300,100,
600032.SH,600032,20251209,93227740,0,1154830,A,B,73300,100,
600032.SH,600032,20251209,93228070,0,1155780,A,B,73300,100,
600032.SH,600032,20251209,93228340,0,1156543,A,S,73400,15000,
600032.SH,600032,20251209,93229140,0,1158761,A,S,73400,400,
600032.SH,600032,20251209,93230310,0,1162709,A,S,77300,2000,
600032.SH,600032,20251209,93230360,0,1162872,A,B,72900,100,
600032.SH,600032,20251209,93231200,0,1165800,A,S,74700,2400,
600032.SH,600032,20251209,93232120,0,1168503,A,S,78000,1000,
600032.SH,600032,20251209,93232170,0,709953,D,S,73500,300,
600032.SH,600032,20251209,93233850,0,1174248,A,B,73000,2000,
600032.SH,600032,20251209,93234690,0,1176847,A,B,73300,100,
600032.SH,600032,20251209,93234690,0,1176887,A,S,74100,100,
600032.SH,600032,20251209,93234830,0,1177292,A,S,77300,800,
600032.SH,600032,20251209,93237040,0,1183982,A,B,72800,2000,
600032.SH,600032,20251209,93237860,0,1186621,A,B,70000,1000,
600032.SH,600032,20251209,93238390,0,1188128,A,B,73100,2800,
600032.SH,600032,20251209,93239600,0,1191816,A,S,77500,1000,
600032.SH,600032,20251209,93240750,0,284991,D,B,73000,1000,
600032.SH,600032,20251209,93241120,0,1196387,A,S,73400,200,
600032.SH,600032,20251209,93241910,0,1198757,A,S,73400,4900,
600032.SH,600032,20251209,93242390,0,1200419,A,B,73300,5000,
600032.SH,600032,20251209,93243030,0,1202387,A,B,73300,1000,
600032.SH,600032,20251209,93243190,0,1203100,A,B,73300,200,
600032.SH,600032,20251209,93243210,0,1203193,A,B,73300,100,
600032.SH,600032,20251209,93244280,0,1206196,A,B,73300,100,
600032.SH,600032,20251209,93244360,0,1206383,A,B,73400,3300,
600032.SH,600032,20251209,93244360,0,1206385,A,B,73400,1400,
600032.SH,600032,20251209,93244380,0,1206456,A,B,73400,3900,
600032.SH,600032,20251209,93244380,0,1206459,A,B,73400,2300,
600032.SH,600032,20251209,93244970,0,1208151,A,B,73400,100,
600032.SH,600032,20251209,93245490,0,1209944,A,B,73300,2700,
600032.SH,600032,20251209,93246670,0,1213489,A,B,73300,600,
600032.SH,600032,20251209,93247220,0,1203193,D,B,73300,100,
600032.SH,600032,20251209,93247380,0,1153814,D,B,73300,400,
600032.SH,600032,20251209,93247680,0,1176847,D,B,73300,100,
600032.SH,600032,20251209,93247680,0,1154634,D,B,73300,100,
600032.SH,600032,20251209,93247740,0,1154830,D,B,73300,100,
600032.SH,600032,20251209,93247990,0,1217931,A,B,73400,1400,
600032.SH,600032,20251209,93248080,0,1155780,D,B,73300,100,
600032.SH,600032,20251209,93248190,0,1203100,D,B,73300,200,
600032.SH,600032,20251209,93248410,0,1219418,A,B,73400,400,
600032.SH,600032,20251209,93248880,0,1220806,A,B,73400,100,
600032.SH,600032,20251209,93248930,0,1220935,A,B,73400,100,
600032.SH,600032,20251209,93249400,0,1222499,A,B,72900,10000,
600032.SH,600032,20251209,93249920,0,1223925,A,B,73400,100,
600032.SH,600032,20251209,93251090,0,1227652,A,B,72000,300,
600032.SH,600032,20251209,93251590,0,55996,D,S,77800,4500,
600032.SH,600032,20251209,93251670,0,1229523,A,B,73400,100,
600032.SH,600032,20251209,93251670,0,1229524,A,B,73400,100,
600032.SH,600032,20251209,93251770,0,1229788,A,B,73200,500,
600032.SH,600032,20251209,93252750,0,1232617,A,B,73400,100,
600032.SH,600032,20251209,93254730,0,1238672,A,B,73400,100,
600032.SH,600032,20251209,93255330,0,1240405,A,B,73400,100,
600032.SH,600032,20251209,93256520,0,1244619,A,B,73400,100,
600032.SH,600032,20251209,93257180,0,1246486,A,B,73400,1500,
600032.SH,600032,20251209,93257950,0,1249183,A,B,73400,900,
600032.SH,600032,20251209,93259000,0,1252373,A,B,73400,700,
600032.SH,600032,20251209,93300080,0,1255764,A,B,73400,100,
600032.SH,600032,20251209,93302490,0,1264397,A,S,73700,4500,
600032.SH,600032,20251209,93302700,0,1265039,A,B,73400,1600,
600032.SH,600032,20251209,93302730,0,1265125,A,B,73400,3600,
600032.SH,600032,20251209,93302730,0,1265144,A,B,73400,1300,
600032.SH,600032,20251209,93303790,0,1268745,A,B,73400,300,
600032.SH,600032,20251209,93304170,0,1269956,A,B,72600,1000,
600032.SH,600032,20251209,93304710,0,1271732,A,B,72100,7100,
600032.SH,600032,20251209,93305090,0,1272831,A,B,69800,500,
600032.SH,600032,20251209,93306450,0,1277284,A,B,73500,700,
600032.SH,600032,20251209,93306700,0,1278168,A,B,73500,1300,
600032.SH,600032,20251209,93307320,0,1280198,A,B,72900,10000,
600032.SH,600032,20251209,93308360,0,1283725,A,B,73500,100,
600032.SH,600032,20251209,93308360,0,1219418,D,B,73400,400,
600032.SH,600032,20251209,93308670,0,1229523,D,B,73400,100,
600032.SH,600032,20251209,93308670,0,1229524,D,B,73400,100,
600032.SH,600032,20251209,93308750,0,1232617,D,B,73400,100,
600032.SH,600032,20251209,93308750,0,1284928,A,B,73500,100,
600032.SH,600032,20251209,93309060,0,1255764,D,B,73400,100,
600032.SH,600032,20251209,93309850,0,1288674,A,S,74500,1400,
600032.SH,600032,20251209,93309990,0,443166,D,S,73700,1500,
600032.SH,600032,20251209,93309990,0,1289107,A,B,73500,100,
600032.SH,600032,20251209,93310530,0,1290916,A,S,73600,100,
600032.SH,600032,20251209,93310700,0,262543,D,B,73100,1800,
600032.SH,600032,20251209,93311150,0,1292861,A,S,79900,1800,
600032.SH,600032,20251209,93311440,0,1277284,D,B,73500,400,
600032.SH,600032,20251209,93312350,0,1296554,A,B,73500,1900,
600032.SH,600032,20251209,93312860,0,742542,D,B,73300,100,
600032.SH,600032,20251209,93314360,0,1206385,D,B,73400,1400,
600032.SH,600032,20251209,93314440,0,1206456,D,B,73400,3900,
600032.SH,600032,20251209,93314440,0,1206459,D,B,73400,2300,
600032.SH,600032,20251209,93315600,0,1229788,D,B,73200,500,
600032.SH,600032,20251209,93315600,0,833389,D,B,73200,500,
600032.SH,600032,20251209,93315650,0,1306896,A,B,73400,600,
600032.SH,600032,20251209,93315650,0,1306897,A,B,73400,600,
600032.SH,600032,20251209,93316290,0,1308786,A,B,73500,500,
600032.SH,600032,20251209,93316680,0,1309983,A,B,73500,800,
600032.SH,600032,20251209,93316840,0,348777,D,S,73800,113200,
600032.SH,600032,20251209,93318850,0,1316445,A,B,73500,100,
600032.SH,600032,20251209,93319970,0,1252373,D,B,73400,700,
600032.SH,600032,20251209,93320070,0,1320284,A,B,73500,600,
600032.SH,600032,20251209,93320460,0,1321581,A,B,73500,1200,
600032.SH,600032,20251209,93320610,0,1321919,A,B,73400,1800,
600032.SH,600032,20251209,93322270,0,926045,D,S,73700,10800,
600032.SH,600032,20251209,93322780,0,1328392,A,B,73400,2600,
600032.SH,600032,20251209,93323160,0,1329507,A,B,73400,500,
600032.SH,600032,20251209,93323970,0,1332239,A,B,73400,1000,
600032.SH,600032,20251209,93324270,0,1333087,A,B,73200,800,
600032.SH,600032,20251209,93324450,0,1333687,A,B,73500,400,
600032.SH,600032,20251209,93325540,0,1337078,A,S,73900,1000,
600032.SH,600032,20251209,93326450,0,1339794,A,B,73500,700,
600032.SH,600032,20251209,93328160,0,1344960,A,B,73400,1500,
600032.SH,600032,20251209,93328430,0,1345809,A,B,73500,100,
600032.SH,600032,20251209,93328430,0,1345818,A,B,73500,100,
600032.SH,600032,20251209,93328670,0,1346587,A,B,73500,100,
600032.SH,600032,20251209,93328720,0,1346739,A,B,73500,100,
600032.SH,600032,20251209,93328740,0,1346789,A,B,73500,100,
600032.SH,600032,20251209,93328930,0,1347374,A,S,73800,10800,
600032.SH,600032,20251209,93329060,0,1347775,A,B,73500,500,
600032.SH,600032,20251209,93330070,0,1350730,A,B,73500,500,
600032.SH,600032,20251209,93330250,0,1351257,A,B,73400,4000,
600032.SH,600032,20251209,93331920,0,1356060,A,B,73400,1500,
600032.SH,600032,20251209,93332360,0,1357353,A,S,74500,1600,
600032.SH,600032,20251209,93333070,0,1359404,A,B,73500,600,
600032.SH,600032,20251209,93334480,0,1363304,A,B,73500,100,
600032.SH,600032,20251209,93334630,0,1363677,A,B,73500,100,
600032.SH,600032,20251209,93334690,0,1363837,A,B,73500,100,
600032.SH,600032,20251209,93336080,0,1367718,A,B,73500,600,
600032.SH,600032,20251209,93336720,0,1369687,A,B,73500,100,
600032.SH,600032,20251209,93336740,0,1369751,A,B,73500,100,
600032.SH,600032,20251209,93337140,0,1370903,A,S,73700,2200,
600032.SH,600032,20251209,93337970,0,1208151,D,B,73400,100,
600032.SH,600032,20251209,93338290,0,1374592,A,B,73500,3900,
600032.SH,600032,20251209,93340060,0,585794,D,B,73300,2000,
600032.SH,600032,20251209,93340450,0,1381117,A,B,73100,6000,
600032.SH,600032,20251209,93340800,0,1382105,A,B,73400,500,
600032.SH,600032,20251209,93340870,0,1382309,A,S,73600,6400,
600032.SH,600032,20251209,93341560,0,1384229,A,B,73500,100,
600032.SH,600032,20251209,93341620,0,1370903,D,S,73700,2200,
600032.SH,600032,20251209,93342130,0,1385780,A,S,73600,2200,
600032.SH,600032,20251209,93342420,0,1386700,A,B,73500,800,
600032.SH,600032,20251209,93342530,0,1387123,A,S,74100,100,
600032.SH,600032,20251209,93343110,0,1388690,A,S,73700,300,
600032.SH,600032,20251209,93343480,0,1389932,A,S,74000,5000,
600032.SH,600032,20251209,93344470,0,1392848,A,B,73500,1200,
600032.SH,600032,20251209,93344490,0,1392937,A,B,73500,1400,
600032.SH,600032,20251209,93344620,0,1206383,D,B,73400,2100,
600032.SH,600032,20251209,93344620,0,1393289,A,S,73600,1100,
600032.SH,600032,20251209,93344780,0,1393777,A,B,73500,2700,
600032.SH,600032,20251209,93345710,0,1396425,A,B,73600,71900,
600032.SH,600032,20251209,93345930,0,1397083,A,B,73500,600,
600032.SH,600032,20251209,93347240,0,1401481,A,S,73800,16300,
600032.SH,600032,20251209,93347240,0,1401508,A,B,73500,1000,
600032.SH,600032,20251209,93347840,0,1223925,D,B,73400,100,
600032.SH,600032,20251209,93348770,0,1406123,A,B,73600,2400,
600032.SH,600032,20251209,93350390,0,553428,D,B,73300,600,
600032.SH,600032,20251209,93350390,0,1051287,D,B,73300,600,
600032.SH,600032,20251209,93350390,0,553433,D,B,73300,500,
600032.SH,600032,20251209,93350390,0,1306896,D,B,73400,600,
600032.SH,600032,20251209,93350420,0,1411315,A,B,73400,2500,
600032.SH,600032,20251209,93350470,0,1411423,A,B,73500,600,
600032.SH,600032,20251209,93350470,0,1411424,A,B,73600,700,
600032.SH,600032,20251209,93350470,0,1411426,A,B,73500,600,
600032.SH,600032,20251209,93350470,0,1411427,A,B,73500,500,
600032.SH,600032,20251209,93350660,0,1244619,D,B,73400,100,
600032.SH,600032,20251209,93350870,0,1412605,A,S,74000,1000,
600032.SH,600032,20251209,93353860,0,1421826,A,B,73600,100,
600032.SH,600032,20251209,93354900,0,1424910,A,B,73300,4100,
600032.SH,600032,20251209,93355630,0,1426948,A,B,73600,800,
600032.SH,600032,20251209,93357040,0,1430723,A,S,74200,3000,
600032.SH,600032,20251209,93357910,0,1433399,A,S,80900,100,
600032.SH,600032,20251209,93358650,0,1435421,A,B,73500,3500,
600032.SH,600032,20251209,93359010,0,1154141,D,S,73900,8000,
600032.SH,600032,20251209,93359150,0,1436803,A,S,73700,200,
600032.SH,600032,20251209,93400450,0,1440674,A,B,73400,700,
600032.SH,600032,20251209,93400500,0,1440789,A,B,73600,700,
600032.SH,600032,20251209,93401300,0,1443577,A,B,73600,800,
600032.SH,600032,20251209,93401390,0,1443805,A,B,73500,7900,
600032.SH,600032,20251209,93401960,0,1445609,A,B,73000,5000,
600032.SH,600032,20251209,93402170,0,1446304,A,S,80900,200,
600032.SH,600032,20251209,93402570,0,1447522,A,S,74100,1000,
600032.SH,600032,20251209,93402620,0,1411315,D,B,73400,2500,
600032.SH,600032,20251209,93402790,0,1448252,A,S,74100,8000,
600032.SH,600032,20251209,93402880,0,1448470,A,B,73600,100,
600032.SH,600032,20251209,93403020,0,1265039,D,B,73400,1600,
600032.SH,600032,20251209,93403410,0,1450195,A,B,73700,700,
600032.SH,600032,20251209,93404760,0,1454419,A,B,73700,100,
600032.SH,600032,20251209,93405470,0,1392848,D,B,73500,1200,
600032.SH,600032,20251209,93405580,0,1457032,A,B,73700,100,
600032.SH,600032,20251209,93405580,0,1457033,A,B,73700,100,
600032.SH,600032,20251209,93406020,0,1458304,A,B,73700,200,
600032.SH,600032,20251209,93406450,0,1459558,A,B,73700,1200,
600032.SH,600032,20251209,93406610,0,1460157,A,B,73700,1500,
600032.SH,600032,20251209,93406830,0,548837,D,B,73300,400,
600032.SH,600032,20251209,93407310,0,1462300,A,B,73600,200,
600032.SH,600032,20251209,93407490,0,1443577,D,B,73600,800,
600032.SH,600032,20251209,93407920,0,1464593,A,B,73500,7600,
600032.SH,600032,20251209,93408630,0,1467001,A,S,75500,400,
600032.SH,600032,20251209,93409240,0,1468841,A,S,73700,2200,
600032.SH,600032,20251209,93409460,0,1469501,A,B,73700,300,
600032.SH,600032,20251209,93409460,0,1469502,A,B,73700,400,
600032.SH,600032,20251209,93409460,0,1469505,A,B,73700,100,
600032.SH,600032,20251209,93409460,0,1469510,A,B,73700,100,
600032.SH,600032,20251209,93409460,0,1469512,A,B,73700,200,
600032.SH,600032,20251209,93409460,0,1469550,A,B,73700,500,
600032.SH,600032,20251209,93409500,0,1469628,A,B,73700,600,
600032.SH,600032,20251209,93409670,0,1470258,A,B,73700,100,
600032.SH,600032,20251209,93409670,0,1470259,A,B,73700,100,
600032.SH,600032,20251209,93409690,0,1470399,A,B,73700,100,
600032.SH,600032,20251209,93410380,0,1472478,A,S,76600,1500,
600032.SH,600032,20251209,93410620,0,1469502,D,B,73700,400,
600032.SH,600032,20251209,93410620,0,1469512,D,B,73700,200,
600032.SH,600032,20251209,93410680,0,1469505,D,B,73700,100,
600032.SH,600032,20251209,93410700,0,1469501,D,B,73700,300,
600032.SH,600032,20251209,93410810,0,1469510,D,B,73700,100,
600032.SH,600032,20251209,93410810,0,1470258,D,B,73700,100,
600032.SH,600032,20251209,93410810,0,1470259,D,B,73700,100,
600032.SH,600032,20251209,93411440,0,1475793,A,B,73400,100,
600032.SH,600032,20251209,93411440,0,1475797,A,B,73400,100,
600032.SH,600032,20251209,93411440,0,1475804,A,B,73400,200,
600032.SH,600032,20251209,93411440,0,1475827,A,B,73400,100,
600032.SH,600032,20251209,93411440,0,1475828,A,B,73400,100,
600032.SH,600032,20251209,93411440,0,1475850,A,B,73400,100,
600032.SH,600032,20251209,93411440,0,1475856,A,B,73400,100,
600032.SH,600032,20251209,93411530,0,1476082,A,B,73700,900,
600032.SH,600032,20251209,93412100,0,1477722,A,S,76500,1000,
600032.SH,600032,20251209,93412440,0,1478468,A,B,73700,400,
600032.SH,600032,20251209,93412570,0,1479116,A,S,73800,100,
600032.SH,600032,20251209,93413480,0,1481775,A,B,73400,1000,
600032.SH,600032,20251209,93413840,0,801605,D,B,73300,10000,
600032.SH,600032,20251209,93414110,0,1483456,A,B,73700,500,
600032.SH,600032,20251209,93414360,0,1440789,D,B,73600,700,
600032.SH,600032,20251209,93414360,0,1484121,A,B,73700,800,
600032.SH,600032,20251209,93414470,0,1484428,A,B,73700,800,
600032.SH,600032,20251209,93414470,0,1484446,A,S,73800,5000,
600032.SH,600032,20251209,93414640,0,1484960,A,S,73800,5900,
600032.SH,600032,20251209,93414700,0,1485182,A,B,73700,1000,
600032.SH,600032,20251209,93415180,0,1486455,A,S,73800,3500,
600032.SH,600032,20251209,93415180,0,1486510,A,S,73900,16300,
600032.SH,600032,20251209,93415310,0,1486793,A,B,73000,10000,
600032.SH,600032,20251209,93415900,0,1488406,A,B,73700,100,
600032.SH,600032,20251209,93415960,0,1488564,A,B,73700,100,
600032.SH,600032,20251209,93415960,0,1488566,A,B,73700,100,
600032.SH,600032,20251209,93416170,0,1489156,A,B,73700,4000,
600032.SH,600032,20251209,93416450,0,1489948,A,B,73700,100,
600032.SH,600032,20251209,93416570,0,1490269,A,S,73800,4500,
600032.SH,600032,20251209,93416570,0,1490270,A,S,73800,1900,
600032.SH,600032,20251209,93416570,0,1490271,A,S,73800,1400,
600032.SH,600032,20251209,93416570,0,1490272,A,S,73800,100,
600032.SH,600032,20251209,93416570,0,1490273,A,S,73800,2200,
600032.SH,600032,20251209,93416570,0,1490276,A,S,73800,6100,
600032.SH,600032,20251209,93416570,0,1490284,A,S,73800,1300,
600032.SH,600032,20251209,93417120,0,1491784,A,S,73800,1100,
600032.SH,600032,20251209,93417620,0,1493206,A,S,73800,500,
600032.SH,600032,20251209,93417750,0,1493681,A,S,73800,500,
600032.SH,600032,20251209,93418020,0,1494350,A,S,73800,600,
600032.SH,600032,20251209,93418110,0,1412605,D,S,74000,1000,
600032.SH,600032,20251209,93418340,0,1435421,D,B,73500,3500,
600032.SH,600032,20251209,93418430,0,1495585,A,B,73700,300,
600032.SH,600032,20251209,93418500,0,1495804,A,B,73700,2200,
600032.SH,600032,20251209,93418820,0,467756,D,S,73900,6800,
600032.SH,600032,20251209,93419090,0,1306897,D,B,73400,600,
600032.SH,600032,20251209,93419140,0,1497769,A,B,73600,500,
600032.SH,600032,20251209,93420350,0,1329507,D,B,73400,500,
600032.SH,600032,20251209,93421400,0,1504341,A,S,80000,2000,
600032.SH,600032,20251209,93421450,0,272715,D,B,73100,6000,
600032.SH,600032,20251209,93421950,0,1505885,A,S,74900,3900,
600032.SH,600032,20251209,93422110,0,1506265,A,B,73500,500,
600032.SH,600032,20251209,93422680,0,1507930,A,B,73400,2500,
600032.SH,600032,20251209,93422930,0,1508566,A,S,73900,1000,
600032.SH,600032,20251209,93423900,0,1511042,A,S,74100,19400,
600032.SH,600032,20251209,93424400,0,1512366,A,S,74000,3000,
600032.SH,600032,20251209,93424820,0,1421826,D,B,73600,100,
600032.SH,600032,20251209,93424820,0,1513397,A,S,74100,113200,
600032.SH,600032,20251209,93426280,0,1517383,A,B,73600,2500,
600032.SH,600032,20251209,93426770,0,1518566,A,S,73800,200,
600032.SH,600032,20251209,93427250,0,1519686,A,B,73700,1500,
600032.SH,600032,20251209,93427350,0,1519920,A,S,74500,4600,
600032.SH,600032,20251209,93427810,0,1521089,A,B,73500,400,
600032.SH,600032,20251209,93427950,0,1521476,A,S,73900,800,
600032.SH,600032,20251209,93428000,0,1521588,A,B,73700,200,
600032.SH,600032,20251209,93428240,0,1522286,A,B,73300,5000,
600032.SH,600032,20251209,93428630,0,1523199,A,S,80800,4000,
600032.SH,600032,20251209,93428720,0,1523556,A,S,79000,1000,
600032.SH,600032,20251209,93429430,0,1525355,A,S,74300,400,
600032.SH,600032,20251209,93429570,0,1525679,A,B,73900,43400,
600032.SH,600032,20251209,93429860,0,1526464,A,S,73900,2400,
600032.SH,600032,20251209,93429860,0,1526469,A,S,73900,900,
600032.SH,600032,20251209,93429860,0,1526471,A,S,73900,900,
600032.SH,600032,20251209,93429860,0,1526474,A,S,73900,800,
600032.SH,600032,20251209,93429860,0,1526475,A,S,73900,700,
600032.SH,600032,20251209,93429860,0,1526476,A,S,73900,1000,
600032.SH,600032,20251209,93429860,0,1526477,A,S,73900,1100,
600032.SH,600032,20251209,93429860,0,1526479,A,S,73900,1300,
600032.SH,600032,20251209,93429860,0,1526485,A,S,73900,11900,
600032.SH,600032,20251209,93429860,0,1526488,A,S,73900,200,
600032.SH,600032,20251209,93429880,0,1526527,A,S,73900,1400,
600032.SH,600032,20251209,93429880,0,1526528,A,S,73900,1200,
600032.SH,600032,20251209,93429880,0,1526529,A,S,73900,1200,
600032.SH,600032,20251209,93429880,0,1526570,A,S,73900,5800,
600032.SH,600032,20251209,93429900,0,1526587,A,S,73900,400,
600032.SH,600032,20251209,93429900,0,1526589,A,S,73900,700,
600032.SH,600032,20251209,93429900,0,1526593,A,S,73900,4800,
600032.SH,600032,20251209,93429920,0,1526650,A,S,73900,300,
600032.SH,600032,20251209,93429920,0,1526666,A,S,73900,3100,
600032.SH,600032,20251209,93430050,0,1527006,A,S,73900,3200,
600032.SH,600032,20251209,93430110,0,1527172,A,S,73900,100,
600032.SH,600032,20251209,93430110,0,1527174,A,S,73900,1600,
600032.SH,600032,20251209,93430110,0,1527175,A,S,73900,1600,
600032.SH,600032,20251209,93430110,0,1527184,A,S,73800,6000,
600032.SH,600032,20251209,93430110,0,1527188,A,S,73900,2700,
600032.SH,600032,20251209,93430110,0,1527190,A,S,73900,13600,
600032.SH,600032,20251209,93430110,0,1527195,A,S,73900,12400,
600032.SH,600032,20251209,93430110,0,1527198,A,S,73900,4500,
600032.SH,600032,20251209,93430130,0,1527209,A,S,74100,100,
600032.SH,600032,20251209,93430130,0,1527219,A,S,73900,4600,
600032.SH,600032,20251209,93430130,0,1527248,A,B,73700,100,
600032.SH,600032,20251209,93430150,0,1527324,A,S,73900,100,
600032.SH,600032,20251209,93430200,0,1527415,A,S,73900,100,
600032.SH,600032,20251209,93430200,0,1527423,A,S,73900,900,
600032.SH,600032,20251209,93430320,0,1527751,A,S,73800,6100,
600032.SH,600032,20251209,93430320,0,1396425,D,B,73600,71200,
600032.SH,600032,20251209,93430990,0,1526485,D,S,73900,11900,
600032.SH,600032,20251209,93431180,0,1527006,D,S,73900,3200,
600032.SH,600032,20251209,93431260,0,1530516,A,S,73900,200,
600032.SH,600032,20251209,93431260,0,1530519,A,S,73900,300,
600032.SH,600032,20251209,93431260,0,1530521,A,S,73900,1100,
600032.SH,600032,20251209,93431260,0,1530524,A,S,73900,400,
600032.SH,600032,20251209,93431260,0,1530525,A,S,73900,200,
600032.SH,600032,20251209,93431260,0,1530526,A,S,73900,400,
600032.SH,600032,20251209,93431260,0,1530527,A,S,73900,1300,
600032.SH,600032,20251209,93431260,0,1530528,A,S,73900,1500,
600032.SH,600032,20251209,93431260,0,1530534,A,S,73900,400,
600032.SH,600032,20251209,93431260,0,1530537,A,S,73900,300,
600032.SH,600032,20251209,93431280,0,1530539,A,S,73900,300,
600032.SH,600032,20251209,93431310,0,1530589,A,S,73900,400,
600032.SH,600032,20251209,93431310,0,1530622,A,S,73900,200,
600032.SH,600032,20251209,93431370,0,1527219,D,S,73900,4600,
600032.SH,600032,20251209,93431460,0,1527172,D,S,73900,100,
600032.SH,600032,20251209,93431530,0,1527415,D,S,73900,100,
600032.SH,600032,20251209,93431550,0,1531354,A,B,73600,500,
600032.SH,600032,20251209,93431670,0,1531689,A,S,73800,200,
600032.SH,600032,20251209,93431700,0,1531764,A,S,73800,200,
600032.SH,600032,20251209,93431860,0,1526527,D,S,73900,1400,
600032.SH,600032,20251209,93431860,0,1526528,D,S,73900,1200,
600032.SH,600032,20251209,93431860,0,1526471,D,S,73900,900,
600032.SH,600032,20251209,93431860,0,1526529,D,S,73900,1200,
600032.SH,600032,20251209,93431860,0,1526479,D,S,73900,1300,
600032.SH,600032,20251209,93431860,0,1526469,D,S,73900,900,
600032.SH,600032,20251209,93431860,0,1526476,D,S,73900,1000,
600032.SH,600032,20251209,93431860,0,1526474,D,S,73900,800,
600032.SH,600032,20251209,93431860,0,1526475,D,S,73900,700,
600032.SH,600032,20251209,93431860,0,1526477,D,S,73900,1100,
600032.SH,600032,20251209,93431860,0,1526488,D,S,73900,200,
600032.SH,600032,20251209,93432480,0,1530528,D,S,73900,1500,
600032.SH,600032,20251209,93432480,0,1530525,D,S,73900,200,
600032.SH,600032,20251209,93432480,0,1530534,D,S,73900,400,
600032.SH,600032,20251209,93432480,0,1530516,D,S,73900,200,
600032.SH,600032,20251209,93432480,0,1530521,D,S,73900,1100,
600032.SH,600032,20251209,93432480,0,1530519,D,S,73900,300,
600032.SH,600032,20251209,93432480,0,1530524,D,S,73900,400,
600032.SH,600032,20251209,93432480,0,1530527,D,S,73900,1300,
600032.SH,600032,20251209,93432480,0,1530526,D,S,73900,400,
600032.SH,600032,20251209,93432480,0,1530539,D,S,73900,300,
600032.SH,600032,20251209,93432510,0,1530537,D,S,73900,300,
600032.SH,600032,20251209,93432510,0,1530589,D,S,73900,400,
600032.SH,600032,20251209,93432700,0,1392937,D,B,73500,1400,
600032.SH,600032,20251209,93433110,0,1475828,D,B,73400,100,
600032.SH,600032,20251209,93433110,0,1475804,D,B,73400,200,
600032.SH,600032,20251209,93433110,0,1475850,D,B,73400,100,
600032.SH,600032,20251209,93433110,0,1475827,D,B,73400,100,
600032.SH,600032,20251209,93433110,0,1527190,D,S,73900,13600,
600032.SH,600032,20251209,93433110,0,1527195,D,S,73900,12400,
600032.SH,600032,20251209,93433110,0,1527198,D,S,73900,4500,
600032.SH,600032,20251209,93433140,0,1475793,D,B,73400,100,
600032.SH,600032,20251209,93433140,0,1475797,D,B,73400,100,
600032.SH,600032,20251209,93433140,0,1475856,D,B,73400,100,
600032.SH,600032,20251209,93433760,0,1537600,A,B,73700,8900,
600032.SH,600032,20251209,93433890,0,1537906,A,B,73400,2000,
600032.SH,600032,20251209,93434110,0,1527174,D,S,73900,1600,
600032.SH,600032,20251209,93434110,0,1527175,D,S,73900,1600,
600032.SH,600032,20251209,93434280,0,1530622,D,S,73900,200,
600032.SH,600032,20251209,93434880,0,1526570,D,S,73900,5800,
600032.SH,600032,20251209,93434910,0,1526593,D,S,73900,4800,
600032.SH,600032,20251209,93435080,0,1541106,A,B,73400,2000,
600032.SH,600032,20251209,93435450,0,1542321,A,S,74000,400,
600032.SH,600032,20251209,93435620,0,1542719,A,S,73900,1000,
600032.SH,600032,20251209,93435750,0,1543159,A,S,73900,600,
600032.SH,600032,20251209,93436120,0,1544102,A,B,73700,300,
600032.SH,600032,20251209,93436170,0,1527324,D,S,73900,100,
600032.SH,600032,20251209,93438100,0,1220806,D,B,73400,100,
600032.SH,600032,20251209,93439060,0,1551786,A,S,74100,1600,
600032.SH,600032,20251209,93439310,0,99667,D,B,72700,200,
600032.SH,600032,20251209,93440810,0,151568,D,S,74500,1000,
600032.SH,600032,20251209,93440860,0,1556393,A,B,73300,600,
600032.SH,600032,20251209,93441060,0,1556938,A,S,73900,20000,
600032.SH,600032,20251209,93441980,0,1559144,A,S,74300,2800,
600032.SH,600032,20251209,93443220,0,1393777,D,B,73500,2700,
600032.SH,600032,20251209,93443220,0,1527188,D,S,73900,300,
600032.SH,600032,20251209,93444380,0,1565144,A,S,74200,5000,
600032.SH,600032,20251209,93444650,0,1565751,A,S,74000,5000,
600032.SH,600032,20251209,93446420,0,1570050,A,S,78500,2000,
600032.SH,600032,20251209,93447780,0,1573409,A,B,73600,100,
600032.SH,600032,20251209,93447780,0,1573412,A,B,73600,100,
600032.SH,600032,20251209,93447780,0,1573418,A,B,73600,100,
600032.SH,600032,20251209,93447780,0,1573422,A,B,73600,100,
600032.SH,600032,20251209,93447800,0,1573435,A,B,73600,100,
600032.SH,600032,20251209,93447800,0,1573455,A,B,73600,100,
600032.SH,600032,20251209,93447830,0,1573508,A,B,73600,200,
600032.SH,600032,20251209,93447870,0,1573596,A,S,74000,2500,
600032.SH,600032,20251209,93448230,0,1481775,D,B,73400,1000,
600032.SH,600032,20251209,93449260,0,1577053,A,B,73800,2000,
600032.SH,600032,20251209,93449290,0,1577140,A,B,73000,1000,
600032.SH,600032,20251209,93449310,0,1577236,A,B,73900,48900,
600032.SH,600032,20251209,93449660,0,1578100,A,S,73900,7200,
600032.SH,600032,20251209,93450150,0,1579314,A,S,74300,5000,
600032.SH,600032,20251209,93450210,0,1579445,A,B,73800,100,
600032.SH,600032,20251209,93450750,0,1578100,D,S,73900,6200,
600032.SH,600032,20251209,93450890,0,1581033,A,S,74000,900,
600032.SH,600032,20251209,93451770,0,1583407,A,B,73900,30000,
600032.SH,600032,20251209,93451960,0,1583906,A,S,74500,6000,
600032.SH,600032,20251209,93452330,0,1584747,A,S,73900,5000,
600032.SH,600032,20251209,93452390,0,1585006,A,B,73400,17900,
600032.SH,600032,20251209,93452440,0,1585124,A,B,73400,2000,
600032.SH,600032,20251209,93453120,0,1586728,A,S,73900,400,
600032.SH,600032,20251209,93454010,0,1589137,A,S,74500,500,
600032.SH,600032,20251209,93454170,0,1589498,A,B,73200,1200,
600032.SH,600032,20251209,93454170,0,1589521,A,B,73800,600,
600032.SH,600032,20251209,93454190,0,1589550,A,S,74400,50000,
600032.SH,600032,20251209,93454660,0,1590680,A,S,74300,13700,
600032.SH,600032,20251209,93454730,0,1590882,A,B,72000,10000,
600032.SH,600032,20251209,93455190,0,205537,D,B,72800,2500,
600032.SH,600032,20251209,93455330,0,1592390,A,S,73900,33700,
600032.SH,600032,20251209,93456130,0,1586728,D,S,73900,400,
600032.SH,600032,20251209,93456270,0,1594729,A,S,74000,5600,
600032.SH,600032,20251209,93456630,0,1595580,A,B,73700,1000,
600032.SH,600032,20251209,93457360,0,1597240,A,S,73900,4000,
600032.SH,600032,20251209,93500610,0,1606555,A,S,73900,100,
600032.SH,600032,20251209,93500740,0,1430723,D,S,74200,3000,
600032.SH,600032,20251209,93500980,0,1607987,A,S,75000,5000,
600032.SH,600032,20251209,93501010,0,1608074,A,B,72000,1000,
600032.SH,600032,20251209,93501070,0,1389932,D,S,74000,5000,
600032.SH,600032,20251209,93501760,0,1610611,A,S,74000,2800,
600032.SH,600032,20251209,93502080,0,1611740,A,S,73900,4000,
600032.SH,600032,20251209,93502470,0,1612940,A,S,75200,6000,
600032.SH,600032,20251209,93502720,0,415549,D,B,72600,20000,
600032.SH,600032,20251209,93502750,0,1613701,A,S,80600,1000,
600032.SH,600032,20251209,93503310,0,1615638,A,S,73800,700,
600032.SH,600032,20251209,93503370,0,1615802,A,B,73700,1700,
600032.SH,600032,20251209,93503370,0,1615865,A,S,73900,900,
600032.SH,600032,20251209,93503830,0,1617341,A,S,74000,500,
600032.SH,600032,20251209,93505000,0,1621573,A,B,73700,300,
600032.SH,600032,20251209,93505590,0,1623991,A,S,74200,1500,
600032.SH,600032,20251209,93506970,0,1629265,A,S,74000,500,
600032.SH,600032,20251209,93507170,0,1629910,A,S,75000,6000,
600032.SH,600032,20251209,93507660,0,1631519,A,B,73700,500,
600032.SH,600032,20251209,93507880,0,1632280,A,S,74000,1800,
600032.SH,600032,20251209,93507920,0,1632356,A,S,74000,2000,
600032.SH,600032,20251209,93508110,0,1632933,A,B,73700,1700,
600032.SH,600032,20251209,93508430,0,1634122,A,B,73500,10000,
600032.SH,600032,20251209,93508730,0,1537906,D,B,73400,2000,
600032.SH,600032,20251209,93508730,0,1635032,A,S,73900,2000,
600032.SH,600032,20251209,93508970,0,1635841,A,S,73900,1000,
600032.SH,600032,20251209,93509090,0,1636245,A,B,71000,1000,
600032.SH,600032,20251209,93510090,0,1640065,A,B,66500,800,
600032.SH,600032,20251209,93510150,0,1640299,A,B,73800,600,
600032.SH,600032,20251209,93510510,0,1641600,A,S,73900,500,
600032.SH,600032,20251209,93511090,0,1643684,A,S,75000,600,
600032.SH,600032,20251209,93511230,0,1644166,A,S,73900,300,
600032.SH,600032,20251209,93511230,0,1644172,A,S,73900,600,
600032.SH,600032,20251209,93511230,0,1644225,A,S,73900,1000,
600032.SH,600032,20251209,93511740,0,1646133,A,S,74100,500,
600032.SH,600032,20251209,93512130,0,1647441,A,S,74700,5000,
600032.SH,600032,20251209,93512390,0,1648384,A,S,73900,6800,
600032.SH,600032,20251209,93512640,0,1649068,A,S,74000,1000,
600032.SH,600032,20251209,93512960,0,1631519,D,B,73700,500,
600032.SH,600032,20251209,93513350,0,1651655,A,B,73800,500,
600032.SH,600032,20251209,93514300,0,1655932,A,S,74100,400,
600032.SH,600032,20251209,93515920,0,1663412,A,B,72600,300,
600032.SH,600032,20251209,93516660,0,1665982,A,S,74800,600,
600032.SH,600032,20251209,93517310,0,1667841,A,S,74200,5000,
600032.SH,600032,20251209,93518090,0,1669840,A,S,73900,100,
600032.SH,600032,20251209,93518600,0,1671457,A,B,73600,500,
600032.SH,600032,20251209,93518620,0,1671564,A,S,74000,300,
600032.SH,600032,20251209,93519420,0,1673683,A,B,73700,1600,
600032.SH,600032,20251209,93519500,0,1673869,A,S,74000,55600,
600032.SH,600032,20251209,93519950,0,1426948,D,B,73600,800,
600032.SH,600032,20251209,93520100,0,1675383,A,B,73800,100,
600032.SH,600032,20251209,93520200,0,1675732,A,B,73700,6200,
600032.SH,600032,20251209,93522330,0,1682067,A,S,74000,1700,
600032.SH,600032,20251209,93522540,0,1682735,A,S,74000,2000,
600032.SH,600032,20251209,93522620,0,517871,D,B,73300,500,
600032.SH,600032,20251209,93524350,0,1687582,A,S,73800,24800,
600032.SH,600032,20251209,93524580,0,1688247,A,S,73900,1000,
600032.SH,600032,20251209,93524650,0,1688465,A,B,73000,20000,
600032.SH,600032,20251209,93524700,0,1688602,A,S,74500,2600,
600032.SH,600032,20251209,93524720,0,1688661,A,S,74000,4000,
600032.SH,600032,20251209,93524840,0,1688961,A,S,74100,1500,
600032.SH,600032,20251209,93525200,0,540563,D,B,73100,500,
600032.SH,600032,20251209,93525740,0,1691423,A,B,73400,2000,
600032.SH,600032,20251209,93526180,0,1692459,A,B,73700,100,
600032.SH,600032,20251209,93527010,0,1694768,A,B,73700,200,
600032.SH,600032,20251209,93527220,0,1695322,A,B,73400,10000,
600032.SH,600032,20251209,93527310,0,1695586,A,S,74100,600,
600032.SH,600032,20251209,93528270,0,1531354,D,B,73600,500,
600032.SH,600032,20251209,93528310,0,1573455,D,B,73600,100,
600032.SH,600032,20251209,93528310,0,1573418,D,B,73600,100,
600032.SH,600032,20251209,93528310,0,1573412,D,B,73600,100,
600032.SH,600032,20251209,93528310,0,1573409,D,B,73600,100,
600032.SH,600032,20251209,93528310,0,1573435,D,B,73600,100,
600032.SH,600032,20251209,93528310,0,1573422,D,B,73600,100,
600032.SH,600032,20251209,93528330,0,1573508,D,B,73600,200,
600032.SH,600032,20251209,93528510,0,1698650,A,S,74600,300,
600032.SH,600032,20251209,93530210,0,1052067,D,B,73000,1800,
600032.SH,600032,20251209,93531930,0,1708253,A,S,74200,300,
600032.SH,600032,20251209,93533470,0,1712682,A,S,73900,10000,
600032.SH,600032,20251209,93533700,0,1713345,A,S,73900,3400,
600032.SH,600032,20251209,93534040,0,1714520,A,B,73300,20000,
600032.SH,600032,20251209,93534160,0,1714753,A,S,73900,2300,
600032.SH,600032,20251209,93534350,0,1556393,D,B,73300,600,
600032.SH,600032,20251209,93534440,0,1715804,A,B,73600,500,
600032.SH,600032,20251209,93536240,0,1397083,D,B,73500,600,
600032.SH,600032,20251209,93536320,0,1720833,A,B,73700,300,
600032.SH,600032,20251209,93536470,0,1721343,A,B,73600,2100,
600032.SH,600032,20251209,93536730,0,1722177,A,S,73900,3000,
600032.SH,600032,20251209,93536910,0,1722671,A,S,73900,2000,
600032.SH,600032,20251209,93537540,0,1724542,A,S,80800,1000,
600032.SH,600032,20251209,93537720,0,1725097,A,B,73700,800,
600032.SH,600032,20251209,93537980,0,1725852,A,S,74000,900,
600032.SH,600032,20251209,93538680,0,842416,D,B,73200,400,
600032.SH,600032,20251209,93540700,0,1735926,A,B,73700,1400,
600032.SH,600032,20251209,93543080,0,1744718,A,S,74000,800,
600032.SH,600032,20251209,93543290,0,1745460,A,B,73700,700,
600032.SH,600032,20251209,93543390,0,1745939,A,B,73700,100,
600032.SH,600032,20251209,93544420,0,1748729,A,S,74000,7000,
600032.SH,600032,20251209,93544630,0,1749456,A,S,74100,2000,
600032.SH,600032,20251209,93544810,0,1749895,A,S,75700,300,
600032.SH,600032,20251209,93544960,0,1750377,A,S,74200,900,
600032.SH,600032,20251209,93547030,0,1756822,A,B,73200,1000,
600032.SH,600032,20251209,93548350,0,1760340,A,B,73500,200,
600032.SH,600032,20251209,93548380,0,1760472,A,B,73800,12400,
600032.SH,600032,20251209,93550810,0,1769465,A,B,73700,500,
600032.SH,600032,20251209,93550970,0,1770127,A,S,76800,500,
600032.SH,600032,20251209,93551010,0,1694768,D,B,73700,200,
600032.SH,600032,20251209,93551550,0,1411424,D,B,73600,700,
600032.SH,600032,20251209,93551550,0,1411426,D,B,73500,600,
600032.SH,600032,20251209,93551550,0,1411423,D,B,73500,600,
600032.SH,600032,20251209,93551550,0,1411427,D,B,73500,500,
600032.SH,600032,20251209,93551610,0,1771742,A,B,73800,700,
600032.SH,600032,20251209,93551610,0,1771745,A,B,73700,600,
600032.SH,600032,20251209,93551610,0,1771746,A,B,73700,600,
600032.SH,600032,20251209,93551610,0,1771747,A,B,73700,500,
600032.SH,600032,20251209,93551820,0,1772336,A,B,73200,1800,
600032.SH,600032,20251209,93552860,0,1688247,D,S,73900,1000,
600032.SH,600032,20251209,93553110,0,1776316,A,B,73800,900,
600032.SH,600032,20251209,93553800,0,1778366,A,B,73300,1000,
600032.SH,600032,20251209,93555720,0,1784116,A,B,73800,1000,
600032.SH,600032,20251209,93556820,0,1786943,A,B,73500,1300,
600032.SH,600032,20251209,93558020,0,1790376,A,B,73800,200,
600032.SH,600032,20251209,93558350,0,1725097,D,B,73700,800,
600032.SH,600032,20251209,93558410,0,1791680,A,B,73500,5000,
600032.SH,600032,20251209,93558490,0,1791880,A,B,73400,4200,
600032.SH,600032,20251209,93559330,0,1793960,A,B,73800,100,
600032.SH,600032,20251209,93559480,0,1794396,A,S,74000,2000,
600032.SH,600032,20251209,93559630,0,1794802,A,B,73800,100,
600032.SH,600032,20251209,93559920,0,1795559,A,B,73500,10000,
600032.SH,600032,20251209,93559960,0,1795622,A,S,74100,1200,
600032.SH,600032,20251209,93600270,0,1374592,D,B,73500,2100,
600032.SH,600032,20251209,93601650,0,1801356,A,S,73900,1100,
600032.SH,600032,20251209,93602890,0,1805798,A,S,74000,1500,
600032.SH,600032,20251209,93603320,0,1807134,A,S,74100,4400,
600032.SH,600032,20251209,93603360,0,1807294,A,S,74400,500,
600032.SH,600032,20251209,93605860,0,1149427,D,B,73200,1900,
600032.SH,600032,20251209,93606600,0,1816642,A,B,73500,200,
600032.SH,600032,20251209,93607970,0,1820424,A,B,73800,800,
600032.SH,600032,20251209,93608290,0,1821233,A,B,73800,1900,
600032.SH,600032,20251209,93608980,0,1823230,A,S,74300,22900,
600032.SH,600032,20251209,93609680,0,1825447,A,S,76000,3100,
600032.SH,600032,20251209,93609800,0,1825776,A,S,73900,1000,
600032.SH,600032,20251209,93610590,0,1829096,A,S,76000,800,
600032.SH,600032,20251209,93611010,0,1831000,A,B,73800,1000,
600032.SH,600032,20251209,93611080,0,1831213,A,S,73900,1200,
600032.SH,600032,20251209,93611450,0,1595580,D,B,73700,1000,
600032.SH,600032,20251209,93612030,0,1834839,A,S,73900,200,
600032.SH,600032,20251209,93612650,0,1836992,A,S,74000,2000,
600032.SH,600032,20251209,93612960,0,254732,D,B,73300,276500,
600032.SH,600032,20251209,93615250,0,1844947,A,B,73800,4400,
600032.SH,600032,20251209,93617460,0,1722671,D,S,73900,2000,
600032.SH,600032,20251209,93619260,0,1857291,A,S,73900,1500,
600032.SH,600032,20251209,93619870,0,1858910,A,B,73800,1300,
600032.SH,600032,20251209,93620190,0,1860041,A,B,73400,2700,
600032.SH,600032,20251209,93620340,0,1860462,A,B,73600,1200,
600032.SH,600032,20251209,93620400,0,1735926,D,B,73700,1400,
600032.SH,600032,20251209,93620640,0,1801356,D,S,73900,1100,
600032.SH,600032,20251209,93620710,0,1861542,A,S,74400,2000,
600032.SH,600032,20251209,93620800,0,1861750,A,S,74000,1300,
600032.SH,600032,20251209,93621620,0,1864414,A,S,73900,100,
600032.SH,600032,20251209,93622920,0,1868245,A,S,73900,300,
600032.SH,600032,20251209,93624810,0,1873918,A,S,73900,37900,
600032.SH,600032,20251209,93624830,0,1873954,A,B,73800,800,
600032.SH,600032,20251209,93625210,0,1875152,A,B,73700,2000,
600032.SH,600032,20251209,93625630,0,1876365,A,S,73900,1100,
600032.SH,600032,20251209,93625950,0,380770,D,B,72500,2000,
600032.SH,600032,20251209,93626880,0,1857291,D,S,73900,1500,
600032.SH,600032,20251209,93627700,0,1882062,A,S,76800,10000,
600032.SH,600032,20251209,93627970,0,1882892,A,S,74800,1000,
600032.SH,600032,20251209,93628120,0,1883294,A,B,73200,4700,
600032.SH,600032,20251209,93628300,0,1883888,A,S,73900,1200,
600032.SH,600032,20251209,93628710,0,899959,D,B,73300,100,
600032.SH,600032,20251209,93628920,0,1885571,A,S,73900,400,
600032.SH,600032,20251209,93629210,0,1886261,A,B,73800,100,
600032.SH,600032,20251209,93629770,0,1887828,A,B,73800,100,
600032.SH,600032,20251209,93630840,0,263823,D,S,74200,4000,
600032.SH,600032,20251209,93631320,0,1883888,D,S,73900,1200,
600032.SH,600032,20251209,93631380,0,1786943,D,B,73500,1300,
600032.SH,600032,20251209,93631620,0,1795622,D,S,74100,1200,
600032.SH,600032,20251209,93632200,0,1894823,A,S,74100,24100,
600032.SH,600032,20251209,93633200,0,595421,D,S,74300,500,
600032.SH,600032,20251209,93634330,0,1900210,A,S,74300,5800,
600032.SH,600032,20251209,93635200,0,1902597,A,S,74000,3000,
600032.SH,600032,20251209,93635730,0,1904200,A,S,73900,1000,
600032.SH,600032,20251209,93636610,0,1748729,D,S,74000,7000,
600032.SH,600032,20251209,93637060,0,1907611,A,S,73900,900,
600032.SH,600032,20251209,93637100,0,1907666,A,S,74200,200,
600032.SH,600032,20251209,93637890,0,1909943,A,S,80700,2600,
600032.SH,600032,20251209,93637970,0,1910198,A,B,73800,100,
600032.SH,600032,20251209,93637970,0,1910199,A,B,73800,100,
600032.SH,600032,20251209,93637970,0,1910205,A,B,73800,100,
600032.SH,600032,20251209,93638000,0,1910215,A,B,73800,100,
600032.SH,600032,20251209,93638000,0,1910217,A,B,73800,100,
600032.SH,600032,20251209,93638000,0,1910237,A,B,73800,100,
600032.SH,600032,20251209,93638000,0,1910245,A,B,73800,200,
600032.SH,600032,20251209,93638200,0,1910811,A,B,73800,200,
600032.SH,600032,20251209,93638220,0,1910851,A,S,74100,4000,
600032.SH,600032,20251209,93638710,0,1912298,A,B,73700,10000,
600032.SH,600032,20251209,93639070,0,1913212,A,S,74000,1900,
