万得代码,交易所代码,自然日,时间,委托编号,交易所委托号,委托类型,委托代码,委托价格,委托数量,
000089.SZ,000089,20251209,91500050,0,1086,0,B,62500,100,
000089.SZ,000089,20251209,91500050,0,1088,0,S,71300,3000,
000089.SZ,000089,20251209,91500050,0,1090,0,S,73600,3500,
000089.SZ,000089,20251209,91500050,0,1099,0,B,68800,2500,
000089.SZ,000089,20251209,91500050,0,1168,0,S,75600,1000,
000089.SZ,000089,20251209,91500050,0,1298,0,B,69000,3000,
000089.SZ,000089,20251209,91500060,0,1982,0,B,67000,100,
000089.SZ,000089,20251209,91500060,0,2956,0,S,73500,400,
000089.SZ,000089,20251209,91500060,0,4823,0,B,68300,500,
000089.SZ,000089,20251209,91500060,0,4834,0,S,71300,500,
000089.SZ,000089,20251209,91500060,0,4835,0,S,71800,500,
000089.SZ,000089,20251209,91500060,0,4877,0,S,75200,1600,
000089.SZ,000089,20251209,91500060,0,4878,0,S,75600,1600,
000089.SZ,000089,20251209,91500060,0,4879,0,S,75800,1600,
000089.SZ,000089,20251209,91500060,0,4880,0,S,76000,1600,
000089.SZ,000089,20251209,91500060,0,4881,0,S,76300,1600,
000089.SZ,000089,20251209,91500060,0,4882,0,B,68300,1700,
000089.SZ,000089,20251209,91500060,0,4883,0,B,68100,1700,
000089.SZ,000089,20251209,91500060,0,4884,0,B,67900,1900,
000089.SZ,000089,20251209,91500060,0,4885,0,B,67700,1900,
000089.SZ,000089,20251209,91500060,0,4886,0,B,67500,1900,
000089.SZ,000089,20251209,91500060,0,4887,0,B,67300,1900,
000089.SZ,000089,20251209,91500060,0,4888,0,B,67100,1900,
000089.SZ,000089,20251209,91500060,0,4889,0,B,66900,1900,
000089.SZ,000089,20251209,91500060,0,4890,0,B,66700,2000,
000089.SZ,000089,20251209,91500060,0,4891,0,B,66500,2000,
000089.SZ,000089,20251209,91500060,0,4892,0,B,66300,2000,
000089.SZ,000089,20251209,91500060,0,4893,0,B,66100,2000,
000089.SZ,000089,20251209,91500060,0,4894,0,B,65900,2000,
000089.SZ,000089,20251209,91500060,0,4895,0,B,65700,2000,
000089.SZ,000089,20251209,91500060,0,4896,0,B,65500,2000,
000089.SZ,000089,20251209,91500060,0,4897,0,B,65300,2000,
000089.SZ,000089,20251209,91500060,0,4898,0,B,65100,2000,
000089.SZ,000089,20251209,91500060,0,4899,0,B,64900,2000,
000089.SZ,000089,20251209,91500060,0,4900,0,B,64700,2000,
000089.SZ,000089,20251209,91500060,0,4901,0,B,64400,2000,
000089.SZ,000089,20251209,91500060,0,4902,0,B,64200,2000,
000089.SZ,000089,20251209,91500060,0,4903,0,B,64000,2000,
000089.SZ,000089,20251209,91500060,0,4904,0,B,63800,2000,
000089.SZ,000089,20251209,91500060,0,4905,0,S,75500,1600,
000089.SZ,000089,20251209,91500060,0,4937,0,S,75400,1600,
000089.SZ,000089,20251209,91500060,0,4938,0,S,75700,1600,
000089.SZ,000089,20251209,91500060,0,4939,0,S,75900,1600,
000089.SZ,000089,20251209,91500060,0,4940,0,S,76100,1600,
000089.SZ,000089,20251209,91500060,0,4941,0,S,76200,1600,
000089.SZ,000089,20251209,91500060,0,4942,0,B,68200,1700,
000089.SZ,000089,20251209,91500060,0,4943,0,B,68000,1800,
000089.SZ,000089,20251209,91500060,0,4944,0,B,67800,1900,
000089.SZ,000089,20251209,91500060,0,4945,0,B,67600,1900,
000089.SZ,000089,20251209,91500060,0,4946,0,B,67400,1900,
000089.SZ,000089,20251209,91500060,0,4947,0,B,67200,1900,
000089.SZ,000089,20251209,91500060,0,4948,0,B,67000,1900,
000089.SZ,000089,20251209,91500060,0,4949,0,B,66800,1900,
000089.SZ,000089,20251209,91500060,0,4950,0,B,66600,2000,
000089.SZ,000089,20251209,91500060,0,4951,0,B,66400,2000,
000089.SZ,000089,20251209,91500060,0,4952,0,B,66200,2000,
000089.SZ,000089,20251209,91500060,0,4953,0,B,66000,2000,
000089.SZ,000089,20251209,91500060,0,4954,0,B,65800,2000,
000089.SZ,000089,20251209,91500060,0,4955,0,B,65600,2000,
000089.SZ,000089,20251209,91500060,0,4956,0,B,65400,2000,
000089.SZ,000089,20251209,91500060,0,4957,0,B,65200,2000,
000089.SZ,000089,20251209,91500060,0,4958,0,B,65000,2000,
000089.SZ,000089,20251209,91500060,0,4959,0,B,64800,2000,
000089.SZ,000089,20251209,91500060,0,4960,0,B,64600,2000,
000089.SZ,000089,20251209,91500060,0,4961,0,B,64300,2000,
000089.SZ,000089,20251209,91500060,0,4962,0,B,64100,2000,
000089.SZ,000089,20251209,91500060,0,4963,0,B,63900,2000,
000089.SZ,000089,20251209,91500060,0,4964,0,B,64500,2000,
000089.SZ,000089,20251209,91500070,0,5206,0,B,69000,2000,
000089.SZ,000089,20251209,91500070,0,5357,0,S,69800,6000,
000089.SZ,000089,20251209,91500070,0,5423,0,S,69700,5600,
000089.SZ,000089,20251209,91500070,0,5424,0,S,69600,5300,
000089.SZ,000089,20251209,91500070,0,5714,0,B,68800,2000,
000089.SZ,000089,20251209,91500070,0,5715,0,B,68100,10000,
000089.SZ,000089,20251209,91500070,0,6570,0,S,76000,100,
000089.SZ,000089,20251209,91500070,0,6958,0,S,76300,1000,
000089.SZ,000089,20251209,91500070,0,7656,0,S,74700,300,
000089.SZ,000089,20251209,91500070,0,7890,0,S,70800,200,
000089.SZ,000089,20251209,91500070,0,7961,0,B,68400,8000,
000089.SZ,000089,20251209,91500080,0,8876,0,S,73000,200,
000089.SZ,000089,20251209,91500080,0,9145,0,S,76000,400,
000089.SZ,000089,20251209,91500080,0,9148,0,B,67000,400,
000089.SZ,000089,20251209,91500080,0,9149,0,B,64000,400,
000089.SZ,000089,20251209,91500080,0,9375,0,S,69500,10000,
000089.SZ,000089,20251209,91500080,0,9493,0,S,70600,100,
000089.SZ,000089,20251209,91500080,0,9525,0,S,70100,100,
000089.SZ,000089,20251209,91500080,0,9526,0,S,69800,100,
000089.SZ,000089,20251209,91500080,0,10843,0,B,62500,1300,
000089.SZ,000089,20251209,91500080,0,10879,0,B,66500,700,
000089.SZ,000089,20251209,91500080,0,11019,0,S,70300,10100,
000089.SZ,000089,20251209,91500080,0,11064,0,S,70800,10100,
000089.SZ,000089,20251209,91500080,0,11077,0,S,71200,10100,
000089.SZ,000089,20251209,91500080,0,12425,0,B,69000,30000,
000089.SZ,000089,20251209,91500090,0,13183,0,S,70300,300,
000089.SZ,000089,20251209,91500090,0,14060,0,B,68800,1500,
000089.SZ,000089,20251209,91500090,0,15407,0,B,69600,700,
000089.SZ,000089,20251209,91500090,0,15575,0,S,72300,1800,
000089.SZ,000089,20251209,91500090,0,15576,0,S,72800,1800,
000089.SZ,000089,20251209,91500090,0,15618,0,B,68800,10000,
000089.SZ,000089,20251209,91500090,0,16307,0,B,69200,1400,
000089.SZ,000089,20251209,91500090,0,16377,0,S,72000,1000,
000089.SZ,000089,20251209,91500090,0,16396,0,S,73000,1000,
000089.SZ,000089,20251209,91500090,0,16452,0,S,74000,1000,
000089.SZ,000089,20251209,91500090,0,16454,0,S,75000,1000,
000089.SZ,000089,20251209,91500090,0,16456,0,S,76300,1000,
000089.SZ,000089,20251209,91500100,0,17146,0,S,74000,1600,
000089.SZ,000089,20251209,91500100,0,17345,0,B,68000,1000,
000089.SZ,000089,20251209,91500100,0,17347,0,B,67000,1000,
000089.SZ,000089,20251209,91500100,0,17349,0,B,66000,1000,
000089.SZ,000089,20251209,91500100,0,18104,0,S,72700,5000,
000089.SZ,000089,20251209,91500100,0,18932,0,B,69800,100,
000089.SZ,000089,20251209,91500100,0,19254,0,S,71500,9700,
000089.SZ,000089,20251209,91500110,0,20224,0,B,68200,7000,
000089.SZ,000089,20251209,91500110,0,20226,0,B,67200,8000,
000089.SZ,000089,20251209,91500110,0,20295,0,B,66200,9000,
000089.SZ,000089,20251209,91500110,0,20344,0,B,65200,2500,
000089.SZ,000089,20251209,91500110,0,20346,0,S,70900,2000,
000089.SZ,000089,20251209,91500110,0,20396,0,S,71900,3000,
000089.SZ,000089,20251209,91500110,0,20407,0,S,72900,4000,
000089.SZ,000089,20251209,91500110,0,20490,0,S,73900,5000,
000089.SZ,000089,20251209,91500110,0,20528,0,S,74900,6000,
000089.SZ,000089,20251209,91500110,0,20556,0,S,75900,7000,
000089.SZ,000089,20251209,91500110,0,20736,0,S,71800,1900,
000089.SZ,000089,20251209,91500110,0,20737,0,S,71900,1800,
000089.SZ,000089,20251209,91500110,0,21575,0,S,70800,3000,
000089.SZ,000089,20251209,91500110,0,21660,0,B,68000,1000,
000089.SZ,000089,20251209,91500120,0,22933,0,S,76300,61300,
000089.SZ,000089,20251209,91500120,0,22980,0,B,65800,3900,
000089.SZ,000089,20251209,91500120,0,23055,0,S,73400,2700,
000089.SZ,000089,20251209,91500120,0,23097,0,S,72700,3300,
000089.SZ,000089,20251209,91500120,0,23144,0,S,72200,2700,
000089.SZ,000089,20251209,91500120,0,23592,0,B,69000,5000,
000089.SZ,000089,20251209,91500120,0,23599,0,S,69700,1500,
000089.SZ,000089,20251209,91500130,0,25936,0,B,67700,1600,
000089.SZ,000089,20251209,91500130,0,25949,0,S,70700,1500,
000089.SZ,000089,20251209,91500130,0,26114,0,S,69900,1500,
000089.SZ,000089,20251209,91500130,0,26173,0,S,70100,1400,
000089.SZ,000089,20251209,91500130,0,26370,0,B,69000,100,
000089.SZ,000089,20251209,91500130,0,26715,0,B,68800,100,
000089.SZ,000089,20251209,91500130,0,27218,0,S,70300,400,
000089.SZ,000089,20251209,91500130,0,27499,0,B,68900,4800,
000089.SZ,000089,20251209,91500130,0,27507,0,S,70400,3700,
000089.SZ,000089,20251209,91500130,0,27850,0,S,72500,3800,
000089.SZ,000089,20251209,91500130,0,27854,0,S,71600,3000,
000089.SZ,000089,20251209,91500130,0,28389,0,B,65000,200,
000089.SZ,000089,20251209,91500130,0,28578,0,S,76300,200,
000089.SZ,000089,20251209,91500130,0,28631,0,S,75900,200,
000089.SZ,000089,20251209,91500130,0,29651,0,S,70300,16700,
000089.SZ,000089,20251209,91500140,0,30568,0,S,76300,100,
000089.SZ,000089,20251209,91500140,0,31013,0,S,75900,100,
000089.SZ,000089,20251209,91500140,0,31087,0,S,69300,100,
000089.SZ,000089,20251209,91500140,0,31402,0,S,71300,5000,
000089.SZ,000089,20251209,91500140,0,32102,0,S,76300,100,
000089.SZ,000089,20251209,91500140,0,32457,0,S,74000,100,
000089.SZ,000089,20251209,91500140,0,32458,0,S,76000,100,
000089.SZ,000089,20251209,91500140,0,32637,0,S,74500,200,
000089.SZ,000089,20251209,91500140,0,32790,0,S,70400,1000,
000089.SZ,000089,20251209,91500140,0,32791,0,S,70800,1000,
000089.SZ,000089,20251209,91500140,0,32792,0,S,71700,1000,
000089.SZ,000089,20251209,91500140,0,32793,0,S,72700,1000,
000089.SZ,000089,20251209,91500140,0,32794,0,S,73700,1000,
000089.SZ,000089,20251209,91500140,0,32795,0,S,74800,1000,
000089.SZ,000089,20251209,91500140,0,32796,0,S,76300,2000,
000089.SZ,000089,20251209,91500150,0,33479,0,S,70500,1500,
000089.SZ,000089,20251209,91500150,0,33480,0,S,70800,1500,
000089.SZ,000089,20251209,91500150,0,33481,0,S,71000,1500,
000089.SZ,000089,20251209,91500150,0,33482,0,B,69200,3000,
000089.SZ,000089,20251209,91500150,0,33485,0,B,69100,1500,
000089.SZ,000089,20251209,91500150,0,33552,0,B,68800,1500,
000089.SZ,000089,20251209,91500150,0,33641,0,B,68700,3000,
000089.SZ,000089,20251209,91500150,0,33642,0,B,68600,1500,
000089.SZ,000089,20251209,91500150,0,33677,0,S,76300,1900,
000089.SZ,000089,20251209,91500150,0,33742,0,B,67800,1500,
000089.SZ,000089,20251209,91500150,0,34808,0,B,69100,1600,
000089.SZ,000089,20251209,91500150,0,34963,0,S,73800,500,
000089.SZ,000089,20251209,91500150,0,35122,0,S,73000,100,
000089.SZ,000089,20251209,91500150,0,36248,0,S,70000,2000,
000089.SZ,000089,20251209,91500150,0,36276,0,B,68800,2000,
000089.SZ,000089,20251209,91500150,0,36406,0,S,70500,1500,
000089.SZ,000089,20251209,91500160,0,37276,0,S,71800,500,
000089.SZ,000089,20251209,91500160,0,37435,0,S,71300,500,
000089.SZ,000089,20251209,91500160,0,37438,0,S,71800,500,
000089.SZ,000089,20251209,91500160,0,37595,0,S,71800,500,
000089.SZ,000089,20251209,91500160,0,38647,0,S,69600,27900,
000089.SZ,000089,20251209,91500160,0,38667,0,S,71500,3000,
000089.SZ,000089,20251209,91500160,0,39019,0,S,71300,500,
000089.SZ,000089,20251209,91500170,0,39814,0,S,72500,3000,
000089.SZ,000089,20251209,91500170,0,40026,0,B,68300,500,
000089.SZ,000089,20251209,91500170,0,40027,0,S,71300,500,
000089.SZ,000089,20251209,91500170,0,40034,0,B,68300,500,
000089.SZ,000089,20251209,91500170,0,40035,0,S,71800,500,
000089.SZ,000089,20251209,91500170,0,40038,0,B,68300,500,
000089.SZ,000089,20251209,91500170,0,40039,0,S,71300,500,
000089.SZ,000089,20251209,91500170,0,40040,0,B,68300,500,
000089.SZ,000089,20251209,91500170,0,40041,0,S,71300,500,
000089.SZ,000089,20251209,91500170,0,40711,0,B,68300,500,
000089.SZ,000089,20251209,91500170,0,40712,0,S,71800,500,
000089.SZ,000089,20251209,91500170,0,41152,0,B,69000,1500,
000089.SZ,000089,20251209,91500170,0,41153,0,B,68600,1500,
000089.SZ,000089,20251209,91500170,0,41154,0,B,68200,3000,
000089.SZ,000089,20251209,91500170,0,41155,0,B,67800,6000,
000089.SZ,000089,20251209,91500170,0,41156,0,B,67400,12000,
000089.SZ,000089,20251209,91500170,0,41157,0,B,67000,24000,
000089.SZ,000089,20251209,91500170,0,41158,0,B,66600,48000,
000089.SZ,000089,20251209,91500170,0,41159,0,B,66200,96000,
000089.SZ,000089,20251209,91500180,0,43806,0,S,76300,500,
000089.SZ,000089,20251209,91500180,0,44518,0,S,73500,10000,
000089.SZ,000089,20251209,91500180,0,45347,0,S,70400,300,
000089.SZ,000089,20251209,91500180,0,45484,0,S,70500,1000,
000089.SZ,000089,20251209,91500180,0,45485,0,S,73500,1000,
000089.SZ,000089,20251209,91500180,0,45486,0,S,74500,1000,
000089.SZ,000089,20251209,91500180,0,45487,0,B,68300,1000,
000089.SZ,000089,20251209,91500180,0,45488,0,B,66300,1000,
000089.SZ,000089,20251209,91500180,0,45489,0,B,65300,1000,
000089.SZ,000089,20251209,91500180,0,45552,0,S,71800,5600,
000089.SZ,000089,20251209,91500190,0,47389,0,B,68100,100,
000089.SZ,000089,20251209,91500190,0,47548,0,S,70500,300,
000089.SZ,000089,20251209,91500200,0,50336,0,S,70000,1000,
000089.SZ,000089,20251209,91500200,0,50337,0,S,70400,1000,
000089.SZ,000089,20251209,91500200,0,50346,0,S,75100,500,
000089.SZ,000089,20251209,91500210,0,52410,0,B,69100,2900,
000089.SZ,000089,20251209,91500220,0,53363,0,B,69100,3800,
000089.SZ,000089,20251209,91500220,0,53369,0,B,68900,2000,
000089.SZ,000089,20251209,91500220,0,53372,0,S,70100,2000,
000089.SZ,000089,20251209,91500220,0,53373,0,S,70500,2000,
000089.SZ,000089,20251209,91500230,0,55301,0,S,72400,300,
000089.SZ,000089,20251209,91500230,0,55302,0,S,75000,300,
000089.SZ,000089,20251209,91500230,0,56598,0,S,69600,6000,
000089.SZ,000089,20251209,91500230,0,56723,0,S,71800,800,
000089.SZ,000089,20251209,91500230,0,56724,0,B,68800,800,
000089.SZ,000089,20251209,91500240,0,58383,0,B,69400,400,
000089.SZ,000089,20251209,91500240,0,58582,0,S,75700,800,
000089.SZ,000089,20251209,91500240,0,58583,0,B,68700,800,
000089.SZ,000089,20251209,91500250,0,59487,0,S,74700,500,
000089.SZ,000089,20251209,91500270,0,61882,0,B,66400,200,
000089.SZ,000089,20251209,91500270,0,63045,0,B,69000,1500,
000089.SZ,000089,20251209,91500280,0,64386,0,B,69100,1000,
000089.SZ,000089,20251209,91500290,0,65777,0,S,70500,10000,
000089.SZ,000089,20251209,91500290,0,65778,0,S,71500,10000,
000089.SZ,000089,20251209,91500290,0,65779,0,S,72300,11000,
000089.SZ,000089,20251209,91500300,0,66394,0,B,68300,1000,
000089.SZ,000089,20251209,91500300,0,67223,0,B,68800,7500,
000089.SZ,000089,20251209,91500300,0,67339,0,S,75800,300,
000089.SZ,000089,20251209,91500310,0,68664,0,S,69400,1200,
000089.SZ,000089,20251209,91500310,0,69607,0,S,69700,200,
000089.SZ,000089,20251209,91500330,0,72822,0,S,70100,8000,
000089.SZ,000089,20251209,91500350,0,74970,0,S,71800,1000,
000089.SZ,000089,20251209,91500350,0,75087,0,S,73800,1000,
000089.SZ,000089,20251209,91500350,0,75088,0,S,74800,1000,
000089.SZ,000089,20251209,91500350,0,75089,0,S,76300,1000,
000089.SZ,000089,20251209,91500350,0,75152,0,S,69900,1100,
000089.SZ,000089,20251209,91500350,0,75406,0,S,73700,4000,
000089.SZ,000089,20251209,91500350,0,75601,0,S,75800,1000,
000089.SZ,000089,20251209,91500360,0,76722,0,B,68600,4000,
000089.SZ,000089,20251209,91500360,0,77117,0,S,69600,100,
000089.SZ,000089,20251209,91500360,0,77118,0,S,69700,100,
000089.SZ,000089,20251209,91500370,0,77254,0,S,72800,1000,
000089.SZ,000089,20251209,91500370,0,77255,0,S,75800,1000,
000089.SZ,000089,20251209,91500370,0,77290,0,S,73300,1500,
000089.SZ,000089,20251209,91500380,0,78966,0,S,75500,700,
000089.SZ,000089,20251209,91500380,0,79062,0,B,68500,800,
000089.SZ,000089,20251209,91500380,0,79380,0,S,70200,200,
000089.SZ,000089,20251209,91500380,0,79491,0,B,69000,5000,
000089.SZ,000089,20251209,91500390,0,79770,0,B,68000,100,
000089.SZ,000089,20251209,91500390,0,79772,0,S,72300,1700,
000089.SZ,000089,20251209,91500400,0,81078,0,B,69000,2100,
000089.SZ,000089,20251209,91500400,0,81815,0,S,76000,2000,
000089.SZ,000089,20251209,91500400,0,81817,0,B,66600,4000,
000089.SZ,000089,20251209,91500410,0,82458,0,S,75000,900,
000089.SZ,000089,20251209,91500410,0,83189,0,S,74000,200,
000089.SZ,000089,20251209,91500410,0,83190,0,S,75000,100,
000089.SZ,000089,20251209,91500420,0,83969,0,B,69000,1100,
000089.SZ,000089,20251209,91500420,0,83970,0,B,68000,1100,
000089.SZ,000089,20251209,91500420,0,83986,0,S,71000,1000,
000089.SZ,000089,20251209,91500420,0,83987,0,S,72000,1000,
000089.SZ,000089,20251209,91500420,0,83991,0,B,69000,1100,
000089.SZ,000089,20251209,91500420,0,84034,0,S,71000,1000,
000089.SZ,000089,20251209,91500420,0,84035,0,S,72000,1000,
000089.SZ,000089,20251209,91500420,0,84036,0,B,69000,1100,
000089.SZ,000089,20251209,91500420,0,84038,0,S,71000,1000,
000089.SZ,000089,20251209,91500420,0,84039,0,S,72000,1000,
000089.SZ,000089,20251209,91500420,0,84052,0,B,69000,1100,
000089.SZ,000089,20251209,91500420,0,84406,0,S,73800,500,
000089.SZ,000089,20251209,91500420,0,84426,0,S,75500,500,
000089.SZ,000089,20251209,91500430,0,84805,0,S,71000,1000,
000089.SZ,000089,20251209,91500430,0,84806,0,S,72000,1000,
000089.SZ,000089,20251209,91500430,0,84807,0,B,69000,1100,
000089.SZ,000089,20251209,91500430,0,84809,0,S,71000,1000,
000089.SZ,000089,20251209,91500430,0,84810,0,S,72000,1000,
000089.SZ,000089,20251209,91500430,0,84824,0,B,69000,900,
000089.SZ,000089,20251209,91500430,0,84839,0,S,71000,800,
000089.SZ,000089,20251209,91500430,0,84840,0,S,72000,200,
000089.SZ,000089,20251209,91500430,0,85663,0,B,68000,500,
000089.SZ,000089,20251209,91500430,0,85726,0,B,66200,500,
000089.SZ,000089,20251209,91500430,0,85727,0,B,64800,500,
000089.SZ,000089,20251209,91500450,0,86891,0,B,64100,800,
000089.SZ,000089,20251209,91500450,0,87573,0,S,70500,5000,
000089.SZ,000089,20251209,91500460,0,88316,0,B,69000,900,
000089.SZ,000089,20251209,91500460,0,88319,0,B,69300,900,
000089.SZ,000089,20251209,91500460,0,88346,0,S,71000,800,
000089.SZ,000089,20251209,91500460,0,88347,0,S,72000,800,
000089.SZ,000089,20251209,91500460,0,88348,0,B,69000,900,
000089.SZ,000089,20251209,91500460,0,88351,0,S,71000,800,
000089.SZ,000089,20251209,91500460,0,88352,0,S,72000,800,
000089.SZ,000089,20251209,91500460,0,88364,0,B,69000,900,
000089.SZ,000089,20251209,91500460,0,88367,0,S,71000,800,
000089.SZ,000089,20251209,91500460,0,88368,0,S,72000,800,
000089.SZ,000089,20251209,91500460,0,88392,0,B,69000,900,
000089.SZ,000089,20251209,91500460,0,88398,0,S,71000,800,
000089.SZ,000089,20251209,91500460,0,88399,0,S,72000,800,
000089.SZ,000089,20251209,91500470,0,89300,0,S,76300,1000,
000089.SZ,000089,20251209,91500470,0,89597,0,B,69100,30300,
000089.SZ,000089,20251209,91500470,0,89599,0,B,69000,30300,
000089.SZ,000089,20251209,91500470,0,89600,0,B,68900,30300,
000089.SZ,000089,20251209,91500470,0,89737,0,B,68200,400,
000089.SZ,000089,20251209,91500480,0,90156,0,S,70800,1000,
000089.SZ,000089,20251209,91500480,0,90180,0,B,68800,1000,
000089.SZ,000089,20251209,91500480,0,90735,0,B,68000,200,
000089.SZ,000089,20251209,91500480,0,91018,0,S,70400,10000,
000089.SZ,000089,20251209,91500490,0,92232,0,S,76000,14100,
000089.SZ,000089,20251209,91500500,0,92917,0,S,69300,200,
000089.SZ,000089,20251209,91500500,0,93662,0,B,68600,100,
000089.SZ,000089,20251209,91500500,0,93700,0,S,70000,4400,
000089.SZ,000089,20251209,91500520,0,95128,0,B,69000,2000,
000089.SZ,000089,20251209,91500520,0,95129,0,B,68500,1000,
000089.SZ,000089,20251209,91500520,0,95219,0,S,76300,1000,
000089.SZ,000089,20251209,91500520,0,95675,0,S,71200,3100,
000089.SZ,000089,20251209,91500530,0,95890,0,S,75900,200,
000089.SZ,000089,20251209,91500560,0,99525,0,B,68900,4900,
000089.SZ,000089,20251209,91500560,0,99874,0,S,76300,1700,
000089.SZ,000089,20251209,91500560,0,99967,0,S,74800,5000,
000089.SZ,000089,20251209,91500580,0,101925,0,B,68700,300,
000089.SZ,000089,20251209,91500590,0,102528,0,B,69400,300,
000089.SZ,000089,20251209,91500600,0,103620,0,B,68800,4000,
000089.SZ,000089,20251209,91500610,0,104324,0,S,76300,7000,
000089.SZ,000089,20251209,91500630,0,106381,0,S,71100,300,
000089.SZ,000089,20251209,91500630,0,106611,0,S,73500,15000,
000089.SZ,000089,20251209,91500630,0,106612,0,S,74500,15000,
000089.SZ,000089,20251209,91500630,0,106936,0,B,68300,500,
000089.SZ,000089,20251209,91500630,0,106948,0,B,67300,500,
000089.SZ,000089,20251209,91500630,0,106949,0,S,71300,500,
000089.SZ,000089,20251209,91500630,0,106951,0,S,71800,500,
000089.SZ,000089,20251209,91500640,0,107146,0,B,68300,500,
000089.SZ,000089,20251209,91500640,0,107151,0,S,71300,500,
000089.SZ,000089,20251209,91500640,0,107152,0,S,71800,500,
000089.SZ,000089,20251209,91500640,0,107212,0,B,68300,500,
000089.SZ,000089,20251209,91500640,0,107213,0,B,67300,500,
000089.SZ,000089,20251209,91500640,0,107223,0,S,71300,500,
000089.SZ,000089,20251209,91500640,0,107225,0,S,71800,500,
000089.SZ,000089,20251209,91500650,0,108836,0,B,68500,1000,
000089.SZ,000089,20251209,91500660,0,109160,0,B,68200,2500,
000089.SZ,000089,20251209,91500660,0,109161,0,S,70200,2500,
000089.SZ,000089,20251209,91500660,0,109688,0,B,69800,300,
000089.SZ,000089,20251209,91500660,0,109885,0,S,72400,5800,
000089.SZ,000089,20251209,91500660,0,109913,0,S,70000,5000,
000089.SZ,000089,20251209,91500660,0,109914,0,S,71000,5000,
000089.SZ,000089,20251209,91500680,0,111427,0,S,74800,6000,
000089.SZ,000089,20251209,91500690,0,112186,0,S,76300,500,
000089.SZ,000089,20251209,91500690,0,112204,0,S,70000,5000,
000089.SZ,000089,20251209,91500690,0,112282,0,B,68300,500,
000089.SZ,000089,20251209,91500690,0,112283,0,B,67300,500,
000089.SZ,000089,20251209,91500690,0,112386,0,S,71300,500,
000089.SZ,000089,20251209,91500690,0,112389,0,S,71800,500,
000089.SZ,000089,20251209,91500690,0,112718,0,S,70400,2900,
000089.SZ,000089,20251209,91500710,0,114479,0,B,69200,200000,
000089.SZ,000089,20251209,91500720,0,115245,0,S,72300,2000,
000089.SZ,000089,20251209,91500750,0,117469,0,B,68300,500,
000089.SZ,000089,20251209,91500750,0,117675,0,S,74200,2000,
000089.SZ,000089,20251209,91500760,0,118015,0,B,68900,3000,
000089.SZ,000089,20251209,91500760,0,118019,0,B,68200,3000,
000089.SZ,000089,20251209,91500760,0,118258,0,B,68700,1000,
000089.SZ,000089,20251209,91500760,0,118259,0,B,68000,1000,
000089.SZ,000089,20251209,91500760,0,118367,0,S,75900,100,
000089.SZ,000089,20251209,91500770,0,119021,0,B,69000,500,
000089.SZ,000089,20251209,91500780,0,119698,0,S,70600,100,
000089.SZ,000089,20251209,91500780,0,119700,0,S,70100,100,
000089.SZ,000089,20251209,91500780,0,120139,0,B,64500,3200,
000089.SZ,000089,20251209,91500790,0,120401,0,B,68800,2000,
000089.SZ,000089,20251209,91500800,0,120970,0,B,62500,2000,
000089.SZ,000089,20251209,91500800,0,121136,0,S,71800,300,
000089.SZ,000089,20251209,91500800,0,121137,0,S,74000,300,
000089.SZ,000089,20251209,91500800,0,121138,0,S,76200,300,
000089.SZ,000089,20251209,91500800,0,121194,0,S,71300,500,
000089.SZ,000089,20251209,91500800,0,121195,0,S,71800,500,
000089.SZ,000089,20251209,91500800,0,121532,0,B,66900,2000,
000089.SZ,000089,20251209,91500820,0,122953,0,S,73200,1000,
000089.SZ,000089,20251209,91500820,0,122954,0,S,75000,1000,
000089.SZ,000089,20251209,91500820,0,122955,0,S,76300,1000,
000089.SZ,000089,20251209,91500820,0,122956,0,B,66800,1000,
000089.SZ,000089,20251209,91500820,0,122958,0,B,63200,1000,
000089.SZ,000089,20251209,91500820,0,122959,0,B,62500,1000,
000089.SZ,000089,20251209,91500830,0,123228,0,S,69600,5000,
000089.SZ,000089,20251209,91500830,0,123531,0,S,71500,1000,
000089.SZ,000089,20251209,91500840,0,124154,0,B,62500,600,
000089.SZ,000089,20251209,91500870,0,126209,0,S,72800,100,
000089.SZ,000089,20251209,91500880,0,126795,0,S,72500,1000,
000089.SZ,000089,20251209,91500880,0,126807,0,B,67300,1000,
000089.SZ,000089,20251209,91500880,0,126808,0,B,64300,1000,
000089.SZ,000089,20251209,91500900,0,128103,0,B,69000,2000,
000089.SZ,000089,20251209,91500900,0,128104,0,B,69000,1000,
000089.SZ,000089,20251209,91500900,0,128105,0,B,69000,1000,
000089.SZ,000089,20251209,91500920,0,129316,0,S,70700,3900,
000089.SZ,000089,20251209,91500920,0,129317,0,S,70900,3900,
000089.SZ,000089,20251209,91501010,0,135580,0,B,68800,4200,
000089.SZ,000089,20251209,91501050,0,138439,0,S,75700,200,
000089.SZ,000089,20251209,91501050,0,138441,0,B,64100,200,
000089.SZ,000089,20251209,91501070,0,139651,0,B,68500,10000,
000089.SZ,000089,20251209,91501070,0,139662,0,B,66300,30000,
000089.SZ,000089,20251209,91501090,0,140960,0,S,76000,100,
000089.SZ,000089,20251209,91501100,0,141666,0,S,71000,5000,
000089.SZ,000089,20251209,91501100,0,141673,0,S,71200,5000,
000089.SZ,000089,20251209,91501100,0,141989,0,S,62500,19000,
000089.SZ,000089,20251209,91501110,0,142293,0,B,69000,7200,
000089.SZ,000089,20251209,91501110,0,142695,0,B,69000,19300,
000089.SZ,000089,20251209,91501110,0,142848,0,S,76200,700,
000089.SZ,000089,20251209,91501150,0,145164,0,S,71100,3000,
000089.SZ,000089,20251209,91501160,0,145632,0,S,75500,700,
000089.SZ,000089,20251209,91501190,0,148588,0,S,70300,1500,
000089.SZ,000089,20251209,91501220,0,150270,0,S,75600,400,
000089.SZ,000089,20251209,91501220,0,150718,0,S,76300,100,
000089.SZ,000089,20251209,91501230,0,151035,0,B,69100,5000,
000089.SZ,000089,20251209,91501290,0,153789,0,S,69400,200,
000089.SZ,000089,20251209,91501310,0,154583,0,S,70000,10000,
000089.SZ,000089,20251209,91501310,0,154584,0,S,70000,5000,
000089.SZ,000089,20251209,91501310,0,154861,0,S,72500,200,
000089.SZ,000089,20251209,91501320,0,155622,0,B,64300,200,
000089.SZ,000089,20251209,91501330,0,155906,0,B,68800,7600,
000089.SZ,000089,20251209,91501350,0,157341,0,S,72500,6000,
000089.SZ,000089,20251209,91501430,0,162140,0,B,69000,20000,
000089.SZ,000089,20251209,91501490,0,165442,0,B,69600,1400,
000089.SZ,000089,20251209,91501490,0,165443,0,B,69600,700,
000089.SZ,000089,20251209,91501490,0,165455,0,B,69000,20000,
000089.SZ,000089,20251209,91501490,0,165456,0,B,68800,20000,
000089.SZ,000089,20251209,91501500,0,166899,0,S,74100,100,
000089.SZ,000089,20251209,91501500,0,166937,0,B,68700,100,
000089.SZ,000089,20251209,91501500,0,167210,0,B,69000,800,
000089.SZ,000089,20251209,91501510,0,167347,0,S,69900,20000,
000089.SZ,000089,20251209,91501530,0,168925,0,S,71500,1200,
000089.SZ,000089,20251209,91501530,0,168940,0,S,74600,61000,
000089.SZ,000089,20251209,91501540,0,169915,0,B,67000,500,
000089.SZ,000089,20251209,91501560,0,171383,0,S,76300,2000,
000089.SZ,000089,20251209,91501610,0,174286,0,S,73500,7500,
000089.SZ,000089,20251209,91501610,0,174339,0,B,68500,7700,
000089.SZ,000089,20251209,91501610,0,174346,0,S,76300,5800,
000089.SZ,000089,20251209,91501620,0,174677,0,S,70200,200,
000089.SZ,000089,20251209,91501640,0,175964,0,S,76200,3000,
000089.SZ,000089,20251209,91501640,0,176241,0,S,76200,2000,
000089.SZ,000089,20251209,91501680,0,178953,0,B,69300,1000,
000089.SZ,000089,20251209,91501710,0,180362,0,B,69300,100000,
000089.SZ,000089,20251209,91501710,0,180372,0,B,69200,214000,
000089.SZ,000089,20251209,91501710,0,180375,0,S,74600,1000,
000089.SZ,000089,20251209,91501720,0,180918,0,S,69900,7700,
000089.SZ,000089,20251209,91501720,0,181062,0,S,72700,800,
000089.SZ,000089,20251209,91501740,0,181695,0,B,68800,600,
000089.SZ,000089,20251209,91501740,0,181751,0,B,68600,600,
000089.SZ,000089,20251209,91501750,0,182483,0,S,73900,5000,
000089.SZ,000089,20251209,91501780,0,183328,0,B,68600,15000,
000089.SZ,000089,20251209,91501790,0,183808,0,S,70200,4300,
000089.SZ,000089,20251209,91501790,0,183809,0,S,70600,2900,
000089.SZ,000089,20251209,91501790,0,183810,0,S,70700,2900,
000089.SZ,000089,20251209,91501800,0,184485,0,S,72000,1000,
000089.SZ,000089,20251209,91501800,0,184486,0,S,74000,1000,
000089.SZ,000089,20251209,91501800,0,184487,0,S,76000,1000,
000089.SZ,000089,20251209,91501810,0,185073,0,S,76200,500,
000089.SZ,000089,20251209,91501830,0,185619,0,B,69000,3000,
000089.SZ,000089,20251209,91501860,0,187018,0,B,69000,2500,
000089.SZ,000089,20251209,91501860,0,187024,0,B,68500,2500,
000089.SZ,000089,20251209,91501860,0,187029,0,B,68000,2900,
000089.SZ,000089,20251209,91501870,0,187617,0,S,74000,5300,
000089.SZ,000089,20251209,91501870,0,187620,0,S,74000,2800,
000089.SZ,000089,20251209,91501870,0,187627,0,S,73100,2200,
000089.SZ,000089,20251209,91501870,0,187654,0,S,73600,5000,
000089.SZ,000089,20251209,91501870,0,187655,0,S,72600,5000,
000089.SZ,000089,20251209,91501870,0,187656,0,S,73100,5000,
000089.SZ,000089,20251209,91501870,0,187661,0,S,71500,2500,
000089.SZ,000089,20251209,91501870,0,187662,0,S,71000,2500,
000089.SZ,000089,20251209,91501870,0,187665,0,S,70500,2500,
000089.SZ,000089,20251209,91501900,0,188828,0,S,72800,500,
000089.SZ,000089,20251209,91501930,0,189654,0,S,73000,500,
000089.SZ,000089,20251209,91501940,0,189972,0,S,75100,1600,
000089.SZ,000089,20251209,91501940,0,190056,0,S,73300,7000,
000089.SZ,000089,20251209,91501980,0,191836,0,S,69700,3000,
000089.SZ,000089,20251209,91501980,0,191856,0,S,69600,3000,
000089.SZ,000089,20251209,91502000,0,193219,0,B,68900,800,
000089.SZ,000089,20251209,91502020,0,193970,0,B,68600,1000,
000089.SZ,000089,20251209,91502020,0,194010,0,S,70900,1000,
000089.SZ,000089,20251209,91502020,0,194240,0,S,75200,800,
000089.SZ,000089,20251209,91502020,0,194241,0,S,76200,800,
000089.SZ,000089,20251209,91502040,0,195213,0,S,76000,100,
000089.SZ,000089,20251209,91502070,0,196481,0,S,69800,3000,
000089.SZ,000089,20251209,91502070,0,196482,0,S,69900,3000,
000089.SZ,000089,20251209,91502070,0,196500,0,B,69100,300,
000089.SZ,000089,20251209,91502090,0,197187,0,B,69000,1500,
000089.SZ,000089,20251209,91502100,0,197851,0,S,76300,700,
000089.SZ,000089,20251209,91502120,0,198340,0,B,69200,10000,
000089.SZ,000089,20251209,91502140,0,199028,0,S,76300,28600,
000089.SZ,000089,20251209,91502140,0,199029,0,S,76300,28600,
000089.SZ,000089,20251209,91502140,0,199032,0,S,76300,28700,
000089.SZ,000089,20251209,91502150,0,199303,0,B,69000,1000,
000089.SZ,000089,20251209,91502150,0,199304,0,S,70000,2000,
000089.SZ,000089,20251209,91502150,0,199380,0,B,64000,300,
000089.SZ,000089,20251209,91502150,0,199663,0,B,69000,2000,
000089.SZ,000089,20251209,91502160,0,200184,0,S,76000,1000,
000089.SZ,000089,20251209,91502170,0,200403,0,B,68800,20000,
000089.SZ,000089,20251209,91502170,0,200705,0,S,72000,300,
000089.SZ,000089,20251209,91502190,0,201835,0,S,73600,500,
000089.SZ,000089,20251209,91502210,0,202464,0,B,66600,3100,
000089.SZ,000089,20251209,91502210,0,202766,0,S,71800,2500,
000089.SZ,000089,20251209,91502210,0,202767,0,S,72900,2200,
000089.SZ,000089,20251209,91502210,0,202768,0,S,73900,2200,
000089.SZ,000089,20251209,91502210,0,202769,0,S,74800,2200,
000089.SZ,000089,20251209,91502210,0,202772,0,S,75600,2200,
000089.SZ,000089,20251209,91502210,0,202773,0,S,76300,2200,
000089.SZ,000089,20251209,91502220,0,202921,0,B,69000,1000,
000089.SZ,000089,20251209,91502230,0,203633,0,B,68500,20000,
000089.SZ,000089,20251209,91502230,0,203635,0,B,68100,20000,
000089.SZ,000089,20251209,91502250,0,204033,0,S,73000,15400,
000089.SZ,000089,20251209,91502280,0,205186,0,S,70500,16200,
000089.SZ,000089,20251209,91502300,0,206034,0,S,75000,400,
000089.SZ,000089,20251209,91502300,0,206036,0,B,68500,2000,
000089.SZ,000089,20251209,91502310,0,206131,0,B,68000,2000,
000089.SZ,000089,20251209,91502310,0,206461,0,S,69800,1000,
000089.SZ,000089,20251209,91502380,0,208539,0,B,63200,900,
000089.SZ,000089,20251209,91502380,0,208542,0,S,75700,400,
000089.SZ,000089,20251209,91502430,0,210737,0,B,68200,2000,
000089.SZ,000089,20251209,91502470,0,212096,0,S,76300,2700,
000089.SZ,000089,20251209,91502500,0,213714,0,S,69900,1600,
000089.SZ,000089,20251209,91502500,0,213910,0,B,69000,2000,
000089.SZ,000089,20251209,91502500,0,213945,0,S,70400,6800,
000089.SZ,000089,20251209,91502510,0,214154,0,S,76300,500,
000089.SZ,000089,20251209,91502510,0,214158,0,S,76000,500,
000089.SZ,000089,20251209,91502510,0,214159,0,S,75000,500,
000089.SZ,000089,20251209,91502510,0,214160,0,S,74000,500,
000089.SZ,000089,20251209,91502510,0,214161,0,S,73000,500,
000089.SZ,000089,20251209,91502540,0,215978,0,B,68700,200,
000089.SZ,000089,20251209,91502560,0,216953,0,S,70400,4500,
000089.SZ,000089,20251209,91502610,0,218890,0,S,76300,100,
000089.SZ,000089,20251209,91502630,0,219700,0,B,69200,100000,
000089.SZ,000089,20251209,91502640,0,219833,0,B,69200,1000,
000089.SZ,000089,20251209,91502650,0,220514,0,B,69000,5000,
000089.SZ,000089,20251209,91502820,0,225141,0,B,69100,4000,
000089.SZ,000089,20251209,91502830,0,225282,0,S,76300,5000,
000089.SZ,000089,20251209,91502840,0,225432,0,S,76300,100,
000089.SZ,000089,20251209,91502880,0,226272,0,S,72000,500,
000089.SZ,000089,20251209,91502900,0,226488,0,S,69900,8000,
000089.SZ,000089,20251209,91502930,0,227438,0,S,70500,2500,
000089.SZ,000089,20251209,91502930,0,227440,0,B,68800,2500,
000089.SZ,000089,20251209,91502930,0,227466,0,B,69200,100000,
000089.SZ,000089,20251209,91502950,0,228188,0,B,69400,200,
000089.SZ,000089,20251209,91502950,0,228401,0,S,75000,1400,
000089.SZ,000089,20251209,91502970,0,229020,0,S,69900,7300,
000089.SZ,000089,20251209,91503030,0,230916,0,B,69200,100,
000089.SZ,000089,20251209,91503030,0,230924,0,S,69700,100,
000089.SZ,000089,20251209,91503060,0,231652,0,B,68600,1400,
000089.SZ,000089,20251209,91503090,0,232333,0,S,76200,300,
000089.SZ,000089,20251209,91503110,0,232997,0,S,71800,700,
000089.SZ,000089,20251209,91503110,0,232998,0,B,66100,800,
000089.SZ,000089,20251209,91503110,0,233000,0,S,71900,600,
000089.SZ,000089,20251209,91503110,0,233002,0,S,72600,600,
000089.SZ,000089,20251209,91503110,0,233061,0,B,62500,300,
000089.SZ,000089,20251209,91503250,0,236503,0,B,68300,10000,
000089.SZ,000089,20251209,91503250,0,236504,0,S,72700,10000,
000089.SZ,000089,20251209,91503350,0,238350,0,B,68900,100,
000089.SZ,000089,20251209,91503350,0,238351,0,S,70600,100,
000089.SZ,000089,20251209,91503370,0,238701,0,S,70200,1000,
000089.SZ,000089,20251209,91503390,0,239258,0,B,68500,5000,
000089.SZ,000089,20251209,91503390,0,239270,0,B,68500,2300,
000089.SZ,000089,20251209,91503410,0,239842,0,S,70200,200,
000089.SZ,000089,20251209,91503480,0,241348,0,B,69000,3100,
000089.SZ,000089,20251209,91503490,0,241672,0,S,76000,100,
000089.SZ,000089,20251209,91503490,0,241762,0,S,75800,200,
000089.SZ,000089,20251209,91503530,0,243197,0,B,69000,200,
000089.SZ,000089,20251209,91503540,0,243588,0,S,69400,1000,
000089.SZ,000089,20251209,91503540,0,243589,0,B,69400,1000,
000089.SZ,000089,20251209,91503580,0,245129,0,B,68900,1400,
000089.SZ,000089,20251209,91503590,0,245333,0,B,68800,500,
000089.SZ,000089,20251209,91503600,0,245631,0,S,75000,500,
000089.SZ,000089,20251209,91503670,0,247333,0,B,68800,3000,
000089.SZ,000089,20251209,91503690,0,247973,0,S,70900,6900,
000089.SZ,000089,20251209,91503690,0,248178,0,B,68900,3000,
000089.SZ,000089,20251209,91503720,0,248804,0,B,69000,3000,
000089.SZ,000089,20251209,91503820,0,250092,0,B,68500,1000,
000089.SZ,000089,20251209,91503870,0,250580,0,S,75300,1000,
000089.SZ,000089,20251209,91503870,0,250583,0,S,74400,1000,
000089.SZ,000089,20251209,91504060,0,253856,0,S,76300,3500,
000089.SZ,000089,20251209,91504190,0,255391,0,B,68500,500,
000089.SZ,000089,20251209,91504200,0,255546,0,S,70300,30000,
000089.SZ,000089,20251209,91504230,0,255816,0,S,76000,500,
000089.SZ,000089,20251209,91504240,0,256037,0,B,68900,200,
000089.SZ,000089,20251209,91504240,0,256089,0,S,76300,1200,
000089.SZ,000089,20251209,91504310,0,256931,0,S,76300,1400,
000089.SZ,000089,20251209,91504390,0,257639,0,S,70700,2500,
000089.SZ,000089,20251209,91504430,0,258419,0,S,70500,19900,
000089.SZ,000089,20251209,91504500,0,259362,0,B,69100,100,
000089.SZ,000089,20251209,91504500,0,259363,0,B,68900,100,
000089.SZ,000089,20251209,91504500,0,259364,0,B,68800,100,
000089.SZ,000089,20251209,91504500,0,259365,0,S,70100,100,
000089.SZ,000089,20251209,91504650,0,262044,0,S,71300,300,
000089.SZ,000089,20251209,91504710,0,262890,0,S,75300,2000,
000089.SZ,000089,20251209,91504740,0,263087,0,B,69000,100,
000089.SZ,000089,20251209,91504950,0,264125,0,S,71400,2000,
000089.SZ,000089,20251209,91505060,0,264543,0,S,76300,20000,
000089.SZ,000089,20251209,91505120,0,265092,0,B,69000,500,
000089.SZ,000089,20251209,91505150,0,265270,0,B,67400,1000,
000089.SZ,000089,20251209,91505210,0,265871,0,S,71100,3000,
000089.SZ,000089,20251209,91505340,0,266690,0,B,68900,1000,
000089.SZ,000089,20251209,91505350,0,266747,0,S,69900,1000,
000089.SZ,000089,20251209,91505510,0,267893,0,B,68100,300,
000089.SZ,000089,20251209,91505510,0,268032,0,S,76300,5000,
000089.SZ,000089,20251209,91505510,0,268035,0,S,74900,5000,
000089.SZ,000089,20251209,91505540,0,268370,0,S,72700,6700,
000089.SZ,000089,20251209,91505560,0,268778,0,B,69000,1300,
000089.SZ,000089,20251209,91505570,0,269054,0,B,67500,1100,
000089.SZ,000089,20251209,91505610,0,269725,0,B,68500,3000,
000089.SZ,000089,20251209,91505660,0,270264,0,S,74500,4500,
000089.SZ,000089,20251209,91505670,0,270372,0,S,72600,5000,
000089.SZ,000089,20251209,91505680,0,270454,0,S,76300,200,
000089.SZ,000089,20251209,91505680,0,270609,0,S,75000,300,
000089.SZ,000089,20251209,91505680,0,270614,0,B,66000,600,
000089.SZ,000089,20251209,91505740,0,271010,0,B,62500,200,
000089.SZ,000089,20251209,91505950,0,271817,0,S,76200,800,
000089.SZ,000089,20251209,91506420,0,273831,0,B,69000,2000,
000089.SZ,000089,20251209,91506420,0,273834,0,S,70800,4000,
000089.SZ,000089,20251209,91506620,0,275346,0,B,68600,2000,
000089.SZ,000089,20251209,91506620,0,275348,0,S,70600,2000,
000089.SZ,000089,20251209,91506670,0,275819,0,B,62500,100,
000089.SZ,000089,20251209,91506950,0,276883,0,B,62600,30000,
000089.SZ,000089,20251209,91507300,0,278216,0,S,74800,500,
000089.SZ,000089,20251209,91507520,0,278741,0,S,70900,1600,
000089.SZ,000089,20251209,91507530,0,278748,0,B,69100,2000,
000089.SZ,000089,20251209,91507640,0,279655,0,S,75800,50000,
000089.SZ,000089,20251209,91507650,0,279791,0,B,62800,6500,
000089.SZ,000089,20251209,91507660,0,279925,0,S,73100,10000,
000089.SZ,000089,20251209,91507660,0,279926,0,S,72100,5000,
000089.SZ,000089,20251209,91507910,0,280405,0,B,68000,20000,
000089.SZ,000089,20251209,91508150,0,281079,0,S,69600,600,
000089.SZ,000089,20251209,91508150,0,281083,0,S,69800,800,
000089.SZ,000089,20251209,91508160,0,281114,0,S,70000,1100,
000089.SZ,000089,20251209,91508680,0,282446,0,S,76200,15000,
000089.SZ,000089,20251209,91509160,0,283243,0,S,65900,200,
000089.SZ,000089,20251209,91509710,0,284539,0,S,75200,10700,
000089.SZ,000089,20251209,91510030,0,284719,0,S,72700,200,
000089.SZ,000089,20251209,91510550,0,285266,0,S,76300,100,
000089.SZ,000089,20251209,91510600,0,285500,0,B,68100,3000,
000089.SZ,000089,20251209,91511140,0,286320,0,S,70000,7400,
000089.SZ,000089,20251209,91511630,0,286942,0,S,75200,800,
000089.SZ,000089,20251209,91511640,0,286983,0,S,72700,1100,
000089.SZ,000089,20251209,91511660,0,287043,0,B,68900,105500,
000089.SZ,000089,20251209,91512220,0,287365,0,S,73400,200,
000089.SZ,000089,20251209,91512220,0,287368,0,S,74400,100,
000089.SZ,000089,20251209,91512220,0,287371,0,S,75300,100,
000089.SZ,000089,20251209,91512220,0,287373,0,S,76300,100,
000089.SZ,000089,20251209,91513210,0,288017,0,S,70600,200,
000089.SZ,000089,20251209,91513210,0,288018,0,B,68200,200,
000089.SZ,000089,20251209,91513500,0,288089,0,S,70000,1000,
000089.SZ,000089,20251209,91513590,0,288211,0,B,67100,6700,
000089.SZ,000089,20251209,91517200,0,289022,0,B,68100,200,
000089.SZ,000089,20251209,91517210,0,289030,0,S,70100,200,
000089.SZ,000089,20251209,91522560,0,290113,0,S,69500,100000,
000089.SZ,000089,20251209,91523090,0,290197,0,S,70000,200,
000089.SZ,000089,20251209,91523090,0,290198,0,B,69200,200,
000089.SZ,000089,20251209,91532360,0,292122,0,B,66400,100,
000089.SZ,000089,20251209,91533080,0,292249,0,B,68700,300,
000089.SZ,000089,20251209,91533790,0,292407,0,B,69000,5000,
000089.SZ,000089,20251209,91535150,0,292726,0,B,68300,300,
000089.SZ,000089,20251209,91537960,0,293390,0,S,70400,100,
000089.SZ,000089,20251209,91537960,0,293391,0,B,68400,100,
000089.SZ,000089,20251209,91537980,0,293394,0,S,70800,100,
000089.SZ,000089,20251209,91537980,0,293396,0,B,68800,100,
000089.SZ,000089,20251209,91538040,0,293419,0,S,71000,100,
000089.SZ,000089,20251209,91538040,0,293420,0,B,69000,100,
000089.SZ,000089,20251209,91538070,0,293432,0,S,70600,100,
000089.SZ,000089,20251209,91538070,0,293433,0,B,68600,100,
000089.SZ,000089,20251209,91538100,0,293439,0,B,68200,100,
000089.SZ,000089,20251209,91538100,0,293440,0,S,70200,100,
000089.SZ,000089,20251209,91541090,0,294142,0,B,69200,200,
000089.SZ,000089,20251209,91541090,0,294143,0,S,70000,200,
000089.SZ,000089,20251209,91544150,0,294891,0,B,64500,1000,
000089.SZ,000089,20251209,91549610,0,296270,0,S,71100,300,
000089.SZ,000089,20251209,91549610,0,296271,0,B,68900,300,
000089.SZ,000089,20251209,91550710,0,296533,0,S,69700,600,
000089.SZ,000089,20251209,91558720,0,298666,0,S,69300,900,
000089.SZ,000089,20251209,91600050,0,299014,0,S,71400,700,
000089.SZ,000089,20251209,91600150,0,299041,0,S,69900,800,
000089.SZ,000089,20251209,91600580,0,299140,0,B,68900,20400,
000089.SZ,000089,20251209,91603320,0,299939,0,B,62500,100,
000089.SZ,000089,20251209,91618180,0,303918,0,S,76200,300,
000089.SZ,000089,20251209,91620420,0,304479,0,B,69000,2000,
000089.SZ,000089,20251209,91632410,0,307948,0,B,69000,1000,
000089.SZ,000089,20251209,91644700,0,311184,0,S,69300,4700,
000089.SZ,000089,20251209,91654160,0,313757,0,B,68800,38300,
000089.SZ,000089,20251209,91705120,0,317018,0,S,72800,100,
000089.SZ,000089,20251209,91705670,0,317185,0,S,70200,900,
000089.SZ,000089,20251209,91707470,0,317727,0,B,66000,100,
000089.SZ,000089,20251209,91745940,0,329634,0,S,76300,1000,
000089.SZ,000089,20251209,91759000,0,333883,0,S,73000,5000,
000089.SZ,000089,20251209,91808340,0,336860,0,B,69300,10000,
000089.SZ,000089,20251209,91809580,0,337280,0,B,69100,1000,
000089.SZ,000089,20251209,91818950,0,340363,0,B,69000,1000,
000089.SZ,000089,20251209,91825300,0,342558,0,B,68700,5000,
000089.SZ,000089,20251209,91828230,0,343567,0,B,69000,2200,
000089.SZ,000089,20251209,91833630,0,345413,0,S,70000,2600,
000089.SZ,000089,20251209,91839000,0,347216,0,B,68900,3000,
000089.SZ,000089,20251209,91839900,0,347559,0,S,72000,2100,
000089.SZ,000089,20251209,91843110,0,348649,0,S,72100,2000,
000089.SZ,000089,20251209,91852940,0,352015,0,B,69000,36300,
000089.SZ,000089,20251209,91858770,0,354119,0,B,69000,3000,
000089.SZ,000089,20251209,91901440,0,355129,0,S,73100,600,
000089.SZ,000089,20251209,91905050,0,356408,0,S,76300,1000,
000089.SZ,000089,20251209,91908420,0,357698,0,S,76000,7000,
000089.SZ,000089,20251209,91913750,0,359757,0,B,69000,100,
000089.SZ,000089,20251209,91913940,0,359828,0,S,75400,1000,
000089.SZ,000089,20251209,91918780,0,361694,0,B,68800,1000,
000089.SZ,000089,20251209,91922110,0,362956,0,S,74500,1000,
000089.SZ,000089,20251209,91924410,0,363802,0,B,69000,12000,
000089.SZ,000089,20251209,91930340,0,366035,0,S,73600,1000,
000089.SZ,000089,20251209,91930580,0,366123,0,S,69800,6000,
000089.SZ,000089,20251209,91933150,0,367087,0,S,75000,300,
000089.SZ,000089,20251209,91940640,0,369766,0,S,74900,2700,
000089.SZ,000089,20251209,91953360,0,374553,0,B,69100,1000,
000089.SZ,000089,20251209,91953850,0,374749,0,B,68000,100,
000089.SZ,000089,20251209,91954390,0,374973,0,B,69100,300,
000089.SZ,000089,20251209,91955380,0,375335,0,B,69100,1000,
000089.SZ,000089,20251209,91956710,0,375906,0,S,76200,200,
000089.SZ,000089,20251209,91958680,0,376698,0,B,68800,1000,
000089.SZ,000089,20251209,91959270,0,376932,0,B,69200,8500,
000089.SZ,000089,20251209,92004430,0,379109,0,S,69800,1000,
000089.SZ,000089,20251209,92004900,0,379250,0,S,69300,300,
000089.SZ,000089,20251209,92005030,0,379325,0,B,70700,100,
000089.SZ,000089,20251209,92007200,0,380107,0,S,70100,1000,
000089.SZ,000089,20251209,92009930,0,381061,0,S,70400,1000,
000089.SZ,000089,20251209,92015370,0,382827,0,S,70900,1000,
000089.SZ,000089,20251209,92036080,0,389856,0,S,69500,54700,
000089.SZ,000089,20251209,92044380,0,392743,0,B,68100,1000,
000089.SZ,000089,20251209,92048260,0,394145,0,S,76300,2000,
000089.SZ,000089,20251209,92054470,0,396412,0,B,69200,4200,
000089.SZ,000089,20251209,92105760,0,400613,0,S,76300,200,
000089.SZ,000089,20251209,92116850,0,404895,0,B,68400,500,
000089.SZ,000089,20251209,92117450,0,405140,0,S,76300,1000,
000089.SZ,000089,20251209,92122640,0,407149,0,S,70700,1700,
000089.SZ,000089,20251209,92126540,0,408685,0,B,69200,1500,
000089.SZ,000089,20251209,92128130,0,409308,0,S,71400,500,
000089.SZ,000089,20251209,92128520,0,409456,0,B,68900,400,
000089.SZ,000089,20251209,92130070,0,410143,0,B,68800,3000,
000089.SZ,000089,20251209,92138950,0,413701,0,S,69900,53900,
000089.SZ,000089,20251209,92143130,0,415345,0,B,69000,800,
000089.SZ,000089,20251209,92149980,0,418215,0,S,73000,500,
000089.SZ,000089,20251209,92157650,0,421435,0,S,76300,500,
000089.SZ,000089,20251209,92200290,0,422595,0,B,68800,20000,
000089.SZ,000089,20251209,92200660,0,422806,0,B,69000,5000,
000089.SZ,000089,20251209,92204770,0,424974,0,B,69000,3000,
000089.SZ,000089,20251209,92205630,0,425328,0,S,69300,2900,
000089.SZ,000089,20251209,92207460,0,426196,0,B,68900,500,
000089.SZ,000089,20251209,92208350,0,426600,0,B,69000,1000,
000089.SZ,000089,20251209,92209090,0,426926,0,B,67900,10000,
000089.SZ,000089,20251209,92211360,0,427880,0,B,69300,3400,
000089.SZ,000089,20251209,92212530,0,428379,0,S,73000,500,
000089.SZ,000089,20251209,92215140,0,429442,0,B,69200,3000,
000089.SZ,000089,20251209,92226050,0,434413,0,S,69800,1200,
000089.SZ,000089,20251209,92227280,0,435035,0,B,68800,500,
000089.SZ,000089,20251209,92245670,0,443627,0,S,76000,4000,
000089.SZ,000089,20251209,92245840,0,443713,0,B,68800,2000,
000089.SZ,000089,20251209,92247350,0,444449,0,B,68800,10500,
000089.SZ,000089,20251209,92251020,0,446244,0,B,69300,700,
000089.SZ,000089,20251209,92307520,0,454073,0,B,69000,500,
000089.SZ,000089,20251209,92309300,0,454961,0,B,69000,5000,
000089.SZ,000089,20251209,92310140,0,455367,0,S,76300,400,
000089.SZ,000089,20251209,92316790,0,458797,0,S,69600,10000,
000089.SZ,000089,20251209,92317170,0,458979,0,S,74300,900,
000089.SZ,000089,20251209,92328640,0,465249,0,S,70300,8000,
000089.SZ,000089,20251209,92328930,0,465407,0,S,76300,1100,
000089.SZ,000089,20251209,92331210,0,466618,0,B,69000,800,
000089.SZ,000089,20251209,92331750,0,466918,0,B,69000,4100,
000089.SZ,000089,20251209,92337860,0,470421,0,B,69100,4200,
000089.SZ,000089,20251209,92340040,0,471601,0,S,75400,1100,
000089.SZ,000089,20251209,92355320,0,480692,0,B,68200,500,
000089.SZ,000089,20251209,92356490,0,481406,0,B,69100,7700,
000089.SZ,000089,20251209,92402700,0,485408,0,S,76300,900,
000089.SZ,000089,20251209,92405990,0,487572,0,B,69100,8000,
000089.SZ,000089,20251209,92407840,0,488911,0,S,74800,400,
000089.SZ,000089,20251209,92410340,0,490654,0,B,68000,10000,
000089.SZ,000089,20251209,92420950,0,499126,0,B,69500,5000,
000089.SZ,000089,20251209,92424490,0,502176,0,S,69000,62800,
000089.SZ,000089,20251209,92425500,0,503080,0,B,62500,200,
000089.SZ,000089,20251209,92425980,0,503549,0,B,69300,100000,
000089.SZ,000089,20251209,92427130,0,504553,0,B,68800,4500,
000089.SZ,000089,20251209,92428840,0,506084,0,B,69000,1400,
000089.SZ,000089,20251209,92431810,0,509009,0,S,70000,3000,
000089.SZ,000089,20251209,92435510,0,512307,0,S,76300,300,
000089.SZ,000089,20251209,92442470,0,519622,0,B,66500,10000,
000089.SZ,000089,20251209,92451490,0,530639,0,B,68900,10000,
000089.SZ,000089,20251209,92452620,0,532105,0,B,69600,7100,
000089.SZ,000089,20251209,92454840,0,535351,0,B,69000,10000,
000089.SZ,000089,20251209,92455020,0,535760,0,B,69500,100,
000089.SZ,000089,20251209,92455790,0,537328,0,B,70800,1900,
000089.SZ,000089,20251209,92455840,0,537425,0,B,70800,1500,
000089.SZ,000089,20251209,92455880,0,537499,0,B,70800,1100,
000089.SZ,000089,20251209,92455980,0,537735,0,B,72600,15200,
000089.SZ,000089,20251209,92456300,0,538724,0,B,70700,100,
000089.SZ,000089,20251209,92456360,0,538925,0,B,70700,200,
000089.SZ,000089,20251209,92456490,0,539382,0,B,70700,100,
000089.SZ,000089,20251209,92456490,0,539385,0,S,69600,22000,
000089.SZ,000089,20251209,92457550,0,542669,0,B,71400,2200,
000089.SZ,000089,20251209,92458850,0,547497,0,S,67200,6500,
000089.SZ,000089,20251209,92459500,0,550016,0,S,69200,400,
000089.SZ,000089,20251209,92459550,0,550378,0,S,69200,400,
000089.SZ,000089,20251209,92459560,0,550421,0,S,69200,2100,
000089.SZ,000089,20251209,92459580,0,550556,0,B,71300,8600,
000089.SZ,000089,20251209,92459690,0,551093,0,B,70700,200,
000089.SZ,000089,20251209,92459710,0,551185,0,B,71100,3100,
000089.SZ,000089,20251209,92459820,0,551599,0,B,72900,13700,
000089.SZ,000089,20251209,92459920,0,552359,0,B,71400,1000,
000089.SZ,000089,20251209,92459980,0,553151,0,B,70800,4700,
000089.SZ,000089,20251209,92459990,0,553317,0,B,70700,38300,
000089.SZ,000089,20251209,92459990,0,553395,0,B,70700,100,
000089.SZ,000089,20251209,93000040,0,644833,0,S,76300,1000,
000089.SZ,000089,20251209,93000040,0,647121,0,S,69400,2000,
000089.SZ,000089,20251209,93000060,0,654955,0,B,70400,100,
000089.SZ,000089,20251209,93000060,0,655662,0,S,70300,1000,
000089.SZ,000089,20251209,93000060,0,659398,0,B,69500,23800,
000089.SZ,000089,20251209,93000080,0,670540,0,S,69800,35900,
000089.SZ,000089,20251209,93000080,0,672638,0,S,69400,400,
000089.SZ,000089,20251209,93000100,0,680976,0,B,66800,3000,
000089.SZ,000089,20251209,93000110,0,684592,0,S,69900,400,
000089.SZ,000089,20251209,93000110,0,686101,0,S,69700,3000,
000089.SZ,000089,20251209,93000110,0,688816,0,B,69100,100000,
000089.SZ,000089,20251209,93000120,0,690374,0,B,69400,10000,
000089.SZ,000089,20251209,93000120,0,690579,0,S,69800,2800,
000089.SZ,000089,20251209,93000120,0,690776,0,B,69300,5000,
000089.SZ,000089,20251209,93000120,0,690833,0,S,69800,1700,
000089.SZ,000089,20251209,93000120,0,691310,0,S,76300,2300,
000089.SZ,000089,20251209,93000120,0,692081,0,B,69400,50000,
000089.SZ,000089,20251209,93000120,0,695979,0,S,71300,12000,
000089.SZ,000089,20251209,93000140,0,706631,0,S,71600,500,
000089.SZ,000089,20251209,93000160,0,714479,0,S,70100,700,
000089.SZ,000089,20251209,93000160,0,716200,0,S,69700,9600,
000089.SZ,000089,20251209,93000160,0,718873,0,S,69700,14600,
000089.SZ,000089,20251209,93000170,0,723388,0,S,70500,2000,
000089.SZ,000089,20251209,93000180,0,724663,0,S,76200,8100,
000089.SZ,000089,20251209,93000180,0,726534,0,S,72200,300,
000089.SZ,000089,20251209,93000190,0,731541,0,S,73600,4000,
000089.SZ,000089,20251209,93000200,0,735722,0,B,69400,75000,
000089.SZ,000089,20251209,93000210,0,736965,0,B,69400,400,
000089.SZ,000089,20251209,93000210,0,739410,0,B,68600,800,
000089.SZ,000089,20251209,93000210,0,739886,0,S,76100,300,
000089.SZ,000089,20251209,93000220,0,741450,0,B,68700,300,
000089.SZ,000089,20251209,93000220,0,742899,0,S,76300,1000,
000089.SZ,000089,20251209,93000250,0,751385,0,B,69200,100,
000089.SZ,000089,20251209,93000250,0,751853,0,S,70200,13000,
000089.SZ,000089,20251209,93000260,0,755613,0,B,69100,1500,
000089.SZ,000089,20251209,93000260,0,756588,0,B,69100,2000,
000089.SZ,000089,20251209,93000270,0,758797,0,B,69500,100,
000089.SZ,000089,20251209,93000270,0,758890,0,B,69600,1700,
000089.SZ,000089,20251209,93000280,0,763703,0,B,69000,1400,
000089.SZ,000089,20251209,93000300,0,769145,0,S,69900,6000,
000089.SZ,000089,20251209,93000340,0,779960,0,S,69800,2000,
000089.SZ,000089,20251209,93000340,0,781619,0,B,69400,300,
000089.SZ,000089,20251209,93000350,0,781882,0,S,76300,8200,
000089.SZ,000089,20251209,93000350,0,782613,0,B,69600,700,
000089.SZ,000089,20251209,93000350,0,784229,0,B,69500,2200,
000089.SZ,000089,20251209,93000350,0,784516,0,S,69400,100,
000089.SZ,000089,20251209,93000360,0,784760,0,S,69400,100,
000089.SZ,000089,20251209,93000360,0,786850,0,S,69400,100,
000089.SZ,000089,20251209,93000360,0,786914,0,S,69400,400,
000089.SZ,000089,20251209,93000380,0,789775,0,B,69400,100,
000089.SZ,000089,20251209,93000420,0,796408,0,S,69100,22000,
000089.SZ,000089,20251209,93000430,0,799178,0,S,70200,6000,
000089.SZ,000089,20251209,93000440,0,800643,0,B,69400,200,
000089.SZ,000089,20251209,93000490,0,808722,0,S,69700,4300,
000089.SZ,000089,20251209,93000510,0,810779,0,B,69000,20000,
000089.SZ,000089,20251209,93000510,0,810906,0,B,69500,200,
000089.SZ,000089,20251209,93000520,0,812840,0,B,69400,10000,
000089.SZ,000089,20251209,93000530,0,815021,0,B,69000,1400,
000089.SZ,000089,20251209,93000540,0,816899,0,S,69700,600,
000089.SZ,000089,20251209,93000550,0,817087,0,S,70100,15600,
000089.SZ,000089,20251209,93000620,0,828268,0,B,69600,800,
000089.SZ,000089,20251209,93000620,0,829557,0,B,69400,100,
000089.SZ,000089,20251209,93000640,0,831367,0,S,69800,6600,
000089.SZ,000089,20251209,93000640,0,831409,0,S,69400,2500,
000089.SZ,000089,20251209,93000670,0,837581,0,B,67900,1000,
000089.SZ,000089,20251209,93000680,0,838496,0,B,69400,5200,
000089.SZ,000089,20251209,93000680,0,839790,0,B,69400,100,
000089.SZ,000089,20251209,93000690,0,841152,0,S,71300,5000,
000089.SZ,000089,20251209,93000690,0,841411,0,B,69500,2400,
000089.SZ,000089,20251209,93000700,0,842836,0,B,69500,1300,
000089.SZ,000089,20251209,93000710,0,843854,0,B,69500,900,
000089.SZ,000089,20251209,93000730,0,847157,0,B,69500,4100,
000089.SZ,000089,20251209,93000770,0,852544,0,B,69200,10000,
000089.SZ,000089,20251209,93000770,0,853161,0,S,76200,1000,
000089.SZ,000089,20251209,93000810,0,859575,0,S,71300,5800,
000089.SZ,000089,20251209,93000820,0,859875,0,S,70000,125000,
000089.SZ,000089,20251209,93000830,0,862832,0,B,69400,200,
000089.SZ,000089,20251209,93000830,0,862835,0,B,69400,100,
000089.SZ,000089,20251209,93000890,0,871038,0,S,70300,300,
000089.SZ,000089,20251209,93000940,0,878532,0,B,69100,7100,
000089.SZ,000089,20251209,93000940,0,878551,0,B,69200,500,
000089.SZ,000089,20251209,93000950,0,879796,0,S,69400,121700,
000089.SZ,000089,20251209,93000950,0,879865,0,B,69300,200,
000089.SZ,000089,20251209,93000960,0,880928,0,S,70600,500,
000089.SZ,000089,20251209,93000960,0,881545,0,S,69800,2000,
000089.SZ,000089,20251209,93001020,0,890139,0,S,70500,3000,
000089.SZ,000089,20251209,93001060,0,895663,0,B,69300,300,
000089.SZ,000089,20251209,93001090,0,898955,0,S,69800,1200,
000089.SZ,000089,20251209,93001190,0,910751,0,S,70000,2100,
000089.SZ,000089,20251209,93001200,0,911448,0,S,69900,10000,
000089.SZ,000089,20251209,93001300,0,920098,0,S,69900,10000,
000089.SZ,000089,20251209,93001310,0,921100,0,S,73000,1500,
000089.SZ,000089,20251209,93001340,0,922807,0,B,69400,500,
000089.SZ,000089,20251209,93001380,0,926021,0,B,68600,73300,
000089.SZ,000089,20251209,93001440,0,930568,0,S,69700,1400,
000089.SZ,000089,20251209,93001450,0,932038,0,B,69000,20000,
000089.SZ,000089,20251209,93001490,0,935867,0,B,68900,2100,
000089.SZ,000089,20251209,93001560,0,941323,0,B,68100,73900,
000089.SZ,000089,20251209,93001610,0,946513,0,B,69400,1000,
000089.SZ,000089,20251209,93001610,0,946573,0,B,69400,700,
000089.SZ,000089,20251209,93001640,0,949994,0,S,70000,1500,
000089.SZ,000089,20251209,93001720,0,956350,0,B,69300,50000,
000089.SZ,000089,20251209,93001750,0,958933,0,B,67100,75000,
000089.SZ,000089,20251209,93001770,0,961157,0,B,69400,100,
000089.SZ,000089,20251209,93001790,0,962433,0,B,69300,800,
000089.SZ,000089,20251209,93001810,0,964040,0,B,69400,700,
000089.SZ,000089,20251209,93001810,0,964353,0,B,69400,600,
000089.SZ,000089,20251209,93001820,0,964739,0,S,69500,100,
000089.SZ,000089,20251209,93001820,0,964957,0,B,68800,6100,
000089.SZ,000089,20251209,93001820,0,965099,0,S,70000,1000,
000089.SZ,000089,20251209,93001890,0,970534,0,B,68800,3000,
000089.SZ,000089,20251209,93001900,0,971299,0,S,71300,4000,
000089.SZ,000089,20251209,93001930,0,974744,0,S,70200,3100,
000089.SZ,000089,20251209,93001940,0,976335,0,S,75000,4000,
000089.SZ,000089,20251209,93001940,0,976585,0,B,69400,13100,
000089.SZ,000089,20251209,93001980,0,979624,0,S,70300,1000,
000089.SZ,000089,20251209,93001990,0,980766,0,B,69200,1000,
000089.SZ,000089,20251209,93002000,0,981439,0,S,70200,1000,
000089.SZ,000089,20251209,93002020,0,983768,0,S,75700,15000,
000089.SZ,000089,20251209,93002030,0,984468,0,S,69800,5000,
000089.SZ,000089,20251209,93002030,0,985421,0,S,76000,1200,
000089.SZ,000089,20251209,93002130,0,992124,0,B,69200,800,
000089.SZ,000089,20251209,93002160,0,995017,0,S,70000,5000,
000089.SZ,000089,20251209,93002200,0,997508,0,S,69800,5000,
000089.SZ,000089,20251209,93002270,0,1001665,0,S,69800,5000,
000089.SZ,000089,20251209,93002280,0,1002411,0,S,69800,2200,
000089.SZ,000089,20251209,93002300,0,1003022,0,S,69500,20000,
000089.SZ,000089,20251209,93002440,0,1010425,0,B,69200,1000,
000089.SZ,000089,20251209,93002490,0,1013582,0,B,68700,1000,
000089.SZ,000089,20251209,93002510,0,1014787,0,S,69800,5000,
000089.SZ,000089,20251209,93002540,0,1016295,0,B,68800,200,
000089.SZ,000089,20251209,93002590,0,1019656,0,S,70000,9900,
000089.SZ,000089,20251209,93002640,0,1023265,0,S,70500,5000,
000089.SZ,000089,20251209,93002700,0,1027009,0,S,73500,400,
000089.SZ,000089,20251209,93002750,0,1029740,0,S,70000,1000,
000089.SZ,000089,20251209,93002830,0,1034241,0,B,68500,100,
000089.SZ,000089,20251209,93002870,0,1036792,0,B,69100,5000,
000089.SZ,000089,20251209,93002890,0,1038162,0,S,69600,100,
000089.SZ,000089,20251209,93002970,0,1043109,0,B,69400,200,
000089.SZ,000089,20251209,93002990,0,1044422,0,S,70600,5000,
000089.SZ,000089,20251209,93003000,0,1044870,0,S,69900,8000,
000089.SZ,000089,20251209,93003020,0,1046799,0,S,70400,2000,
000089.SZ,000089,20251209,93003090,0,1051095,0,B,69200,5000,
000089.SZ,000089,20251209,93003160,0,1055553,0,B,69500,200,
000089.SZ,000089,20251209,93003160,0,1055782,0,S,70200,4000,
000089.SZ,000089,20251209,93003500,0,1071243,0,S,71100,3000,
000089.SZ,000089,20251209,93003540,0,1072909,0,S,69500,1100,
000089.SZ,000089,20251209,93003540,0,1073048,0,S,69500,1900,
000089.SZ,000089,20251209,93003560,0,1073539,0,S,69500,1200,
000089.SZ,000089,20251209,93003610,0,1076205,0,S,69500,800,
000089.SZ,000089,20251209,93003620,0,1076958,0,S,71000,800,
000089.SZ,000089,20251209,93003750,0,1083704,0,S,70000,6000,
000089.SZ,000089,20251209,93003750,0,1083874,0,S,69800,2000,
000089.SZ,000089,20251209,93003800,0,1087113,0,S,69500,200,
000089.SZ,000089,20251209,93003810,0,1087577,0,S,69500,1400,
000089.SZ,000089,20251209,93003990,0,1096130,0,B,68000,10000,
000089.SZ,000089,20251209,93004000,0,1097017,0,S,76300,5000,
000089.SZ,000089,20251209,93004020,0,1098124,0,B,69500,100,
000089.SZ,000089,20251209,93004020,0,1098632,0,B,69500,100,
000089.SZ,000089,20251209,93004020,0,1098681,0,S,72400,1700,
000089.SZ,000089,20251209,93004030,0,1098706,0,B,69500,100,
000089.SZ,000089,20251209,93004030,0,1098886,0,B,69500,100,
000089.SZ,000089,20251209,93004060,0,1101243,0,B,69500,100,
000089.SZ,000089,20251209,93004190,0,1106328,0,S,69600,1800,
000089.SZ,000089,20251209,93004200,0,1107069,0,S,69500,5200,
000089.SZ,000089,20251209,93004300,0,1110328,0,B,69000,1000,
000089.SZ,000089,20251209,93004540,0,1120790,0,S,69500,100,
000089.SZ,000089,20251209,93004580,0,1122192,0,B,68800,1800,
000089.SZ,000089,20251209,93004950,0,1136930,0,S,70500,4000,
000089.SZ,000089,20251209,93004990,0,1138435,0,S,70200,5000,
000089.SZ,000089,20251209,93005020,0,1140232,0,S,76300,100,
000089.SZ,000089,20251209,93005040,0,1141760,0,S,70100,1900,
000089.SZ,000089,20251209,93005040,0,1141820,0,S,69700,7300,
000089.SZ,000089,20251209,93005050,0,1142481,0,B,69000,500,
000089.SZ,000089,20251209,93005180,0,1146858,0,B,69100,20000,
000089.SZ,000089,20251209,93005180,0,1146974,0,S,70800,5000,
000089.SZ,000089,20251209,93005870,0,1163651,0,B,69400,300,
000089.SZ,000089,20251209,93005870,0,1163777,0,S,70200,1000,
000089.SZ,000089,20251209,93005880,0,1163844,0,S,74000,10400,
000089.SZ,000089,20251209,93005990,0,1166954,0,S,76300,4700,
000089.SZ,000089,20251209,93006200,0,1174368,0,S,69400,300,
000089.SZ,000089,20251209,93006330,0,1178480,0,S,69600,100,
000089.SZ,000089,20251209,93006350,0,1178792,0,S,69600,100,
000089.SZ,000089,20251209,93006390,0,1179639,0,S,69600,100,
000089.SZ,000089,20251209,93006440,0,1181200,0,B,69500,100,
000089.SZ,000089,20251209,93006770,0,1191602,0,B,69400,1400,
000089.SZ,000089,20251209,93007190,0,1203040,0,B,69400,100,
000089.SZ,000089,20251209,93007190,0,1203044,0,B,69400,100,
000089.SZ,000089,20251209,93007190,0,1203074,0,B,69400,100,
000089.SZ,000089,20251209,93007270,0,1204501,0,B,69100,1500,
000089.SZ,000089,20251209,93007370,0,1206789,0,S,69500,100,
000089.SZ,000089,20251209,93007430,0,1208818,0,S,69000,100,
000089.SZ,000089,20251209,93007480,0,1209700,0,S,69800,2000,
000089.SZ,000089,20251209,93007710,0,1215761,0,S,69500,100,
000089.SZ,000089,20251209,93007710,0,1215826,0,S,69500,100,
000089.SZ,000089,20251209,93008040,0,1223230,0,S,69400,100,
000089.SZ,000089,20251209,93008040,0,1223269,0,S,69500,100,
000089.SZ,000089,20251209,93008040,0,1223382,0,S,69500,300,
000089.SZ,000089,20251209,93008140,0,1225515,0,S,69500,1200,
000089.SZ,000089,20251209,93008140,0,1225520,0,S,69500,3700,
000089.SZ,000089,20251209,93008190,0,1225904,0,S,69500,100,
000089.SZ,000089,20251209,93008290,0,1226948,0,S,69400,200,
000089.SZ,000089,20251209,93008300,0,1227022,0,S,69400,100,
000089.SZ,000089,20251209,93008490,0,1229977,0,S,69600,100,
000089.SZ,000089,20251209,93008640,0,1231966,0,S,70400,1000,
000089.SZ,000089,20251209,93008740,0,1233624,0,S,69400,4400,
000089.SZ,000089,20251209,93008860,0,1235069,0,B,68800,5000,
000089.SZ,000089,20251209,93009010,0,1237672,0,S,69600,100,
000089.SZ,000089,20251209,93009240,0,1241520,0,S,69500,1400,
000089.SZ,000089,20251209,93009240,0,1241563,0,S,69500,1000,
000089.SZ,000089,20251209,93009250,0,1241628,0,S,69500,1400,
000089.SZ,000089,20251209,93009270,0,1241948,0,S,69500,100,
000089.SZ,000089,20251209,93009270,0,1241949,0,S,69500,300,
000089.SZ,000089,20251209,93009500,0,1247149,0,B,69400,100,
000089.SZ,000089,20251209,93010090,0,1258173,0,S,69300,3100,
000089.SZ,000089,20251209,93010210,0,1260290,0,S,69500,300,
000089.SZ,000089,20251209,93010210,0,1260291,0,S,69500,100,
000089.SZ,000089,20251209,93010730,0,1271900,0,S,69500,100,
000089.SZ,000089,20251209,93011110,0,1275972,0,B,69000,10000,
000089.SZ,000089,20251209,93011120,0,1276101,0,B,69400,200,
000089.SZ,000089,20251209,93011460,0,1280213,0,B,69400,800,
000089.SZ,000089,20251209,93011790,0,1283997,0,S,70200,1000,
000089.SZ,000089,20251209,93012320,0,1290488,0,S,69600,100,
000089.SZ,000089,20251209,93012430,0,1292917,0,S,69400,600,
000089.SZ,000089,20251209,93012650,0,1297713,0,S,75900,800,
000089.SZ,000089,20251209,93012910,0,1302241,0,B,69300,900,
000089.SZ,000089,20251209,93013650,0,1314445,0,S,69600,100,
000089.SZ,000089,20251209,93014430,0,1323528,0,S,70000,5000,
000089.SZ,000089,20251209,93015000,0,1329810,0,S,69400,200,
000089.SZ,000089,20251209,93015000,0,1329812,0,S,69400,2100,
000089.SZ,000089,20251209,93015000,0,1329814,0,S,69400,100,
000089.SZ,000089,20251209,93015000,0,1329816,0,S,69400,100,
000089.SZ,000089,20251209,93015000,0,1329818,0,S,69400,800,
000089.SZ,000089,20251209,93015000,0,1329820,0,S,69400,300,
000089.SZ,000089,20251209,93015000,0,1329824,0,S,69400,800,
000089.SZ,000089,20251209,93015000,0,1329831,0,S,69400,100,
000089.SZ,000089,20251209,93015000,0,1329833,0,S,69400,300,
000089.SZ,000089,20251209,93015000,0,1329835,0,S,69400,2300,
000089.SZ,000089,20251209,93015140,0,1331226,0,S,69400,400,
000089.SZ,000089,20251209,93015240,0,1332801,0,S,69400,100,
000089.SZ,000089,20251209,93015250,0,1332824,0,S,69400,100,
000089.SZ,000089,20251209,93015270,0,1333287,0,B,69400,100,
000089.SZ,000089,20251209,93015300,0,1334628,0,S,69500,2200,
000089.SZ,000089,20251209,93015300,0,1334641,0,S,69500,4300,
000089.SZ,000089,20251209,93015680,0,1345344,0,S,69500,100,
000089.SZ,000089,20251209,93016080,0,1351432,0,B,69400,800,
000089.SZ,000089,20251209,93016830,0,1365044,0,S,69400,1400,
000089.SZ,000089,20251209,93017510,0,1373172,0,S,69500,1900,
000089.SZ,000089,20251209,93017880,0,1376783,0,S,76300,2000,
000089.SZ,000089,20251209,93018160,0,1379804,0,S,69400,5400,
000089.SZ,000089,20251209,93018190,0,1380151,0,S,69500,1300,
000089.SZ,000089,20251209,93018550,0,1387756,0,B,69400,100,
000089.SZ,000089,20251209,93018710,0,1390669,0,S,69500,100,
000089.SZ,000089,20251209,93018830,0,1393199,0,S,76300,129700,
000089.SZ,000089,20251209,93019220,0,1398259,0,S,69500,900,
000089.SZ,000089,20251209,93021030,0,1421924,0,S,69400,1200,
000089.SZ,000089,20251209,93021040,0,1422074,0,S,69400,900,
000089.SZ,000089,20251209,93021070,0,1422457,0,S,69400,4200,
000089.SZ,000089,20251209,93021090,0,1422597,0,S,69400,1300,
000089.SZ,000089,20251209,93021210,0,1424226,0,S,69400,100,
000089.SZ,000089,20251209,93021210,0,1424231,0,B,69400,800,
000089.SZ,000089,20251209,93021220,0,1424379,0,B,69400,400,
000089.SZ,000089,20251209,93021220,0,1424507,0,B,69400,400,
000089.SZ,000089,20251209,93021230,0,1424568,0,S,69400,500,
000089.SZ,000089,20251209,93021230,0,1424569,0,S,69400,3000,
000089.SZ,000089,20251209,93021230,0,1424570,0,S,69400,1600,
000089.SZ,000089,20251209,93021230,0,1424576,0,S,69400,1400,
000089.SZ,000089,20251209,93021230,0,1424579,0,S,69400,3600,
000089.SZ,000089,20251209,93021260,0,1426139,0,B,69400,200,
000089.SZ,000089,20251209,93021620,0,1433511,0,S,69400,100,
000089.SZ,000089,20251209,93021960,0,1439162,0,S,69400,1400,
000089.SZ,000089,20251209,93021970,0,1439202,0,S,69300,1400,
000089.SZ,000089,20251209,93021970,0,1439275,0,S,69400,1000,
000089.SZ,000089,20251209,93022360,0,1446021,0,S,69400,100,
000089.SZ,000089,20251209,93022710,0,1451799,0,S,69400,100,
000089.SZ,000089,20251209,93024160,0,1467917,0,S,69300,1000,
000089.SZ,000089,20251209,93024160,0,1467957,0,S,69300,2200,
000089.SZ,000089,20251209,93025090,0,1484143,0,S,69300,800,
000089.SZ,000089,20251209,93025090,0,1484148,0,S,69300,100,
000089.SZ,000089,20251209,93025090,0,1484150,0,S,69300,1000,
000089.SZ,000089,20251209,93025090,0,1484155,0,S,69300,2200,
000089.SZ,000089,20251209,93025090,0,1484171,0,S,69300,3000,
000089.SZ,000089,20251209,93025650,0,1493752,0,S,70500,200,
000089.SZ,000089,20251209,93026000,0,1497793,0,B,69300,100,
000089.SZ,000089,20251209,93026500,0,1502626,0,B,69200,5400,
000089.SZ,000089,20251209,93026620,0,1503829,0,B,69300,18000,
000089.SZ,000089,20251209,93027050,0,1508023,0,B,69300,300,
000089.SZ,000089,20251209,93027210,0,1511159,0,B,69400,200,
000089.SZ,000089,20251209,93029980,0,1551487,0,S,69300,100,
000089.SZ,000089,20251209,93030150,0,1553976,0,S,69400,100,
000089.SZ,000089,20251209,93030950,0,1569118,0,S,70200,20000,
000089.SZ,000089,20251209,93031030,0,1570244,0,S,76300,100,
000089.SZ,000089,20251209,93032040,0,1586026,0,S,69800,5000,
000089.SZ,000089,20251209,93032240,0,1588459,0,S,69400,400,
000089.SZ,000089,20251209,93033030,0,1596762,0,S,76200,100,
000089.SZ,000089,20251209,93033140,0,1597863,0,S,69700,20000,
000089.SZ,000089,20251209,93033230,0,1600941,0,S,69300,500,
000089.SZ,000089,20251209,93033230,0,1601025,0,S,69300,100,
000089.SZ,000089,20251209,93033460,0,1605172,0,S,69300,2500,
000089.SZ,000089,20251209,93033480,0,1605387,0,S,69300,1300,
000089.SZ,000089,20251209,93034790,0,1627033,0,S,69800,8000,
000089.SZ,000089,20251209,93034800,0,1627130,0,S,68900,300,
000089.SZ,000089,20251209,93036830,0,1659438,0,B,69300,100,
000089.SZ,000089,20251209,93040040,0,1714200,0,S,69400,500,
000089.SZ,000089,20251209,93040520,0,1723425,0,B,69400,1000,
000089.SZ,000089,20251209,93041350,0,1736714,0,B,69100,2100,
000089.SZ,000089,20251209,93042480,0,1757927,0,S,69400,1200,
000089.SZ,000089,20251209,93042520,0,1758520,0,S,69400,100,
000089.SZ,000089,20251209,93042810,0,1764119,0,S,68900,200,
000089.SZ,000089,20251209,93043500,0,1777266,0,S,69400,200,
000089.SZ,000089,20251209,93043500,0,1777267,0,S,69400,300,
000089.SZ,000089,20251209,93043500,0,1777274,0,S,69400,700,
000089.SZ,000089,20251209,93043650,0,1779968,0,S,69400,100,
000089.SZ,000089,20251209,93044500,0,1794556,0,B,69100,1800,
000089.SZ,000089,20251209,93046100,0,1821262,0,S,75000,1000,
000089.SZ,000089,20251209,93047500,0,1841110,0,B,69300,1800,
000089.SZ,000089,20251209,93048520,0,1854873,0,B,69300,300,
000089.SZ,000089,20251209,93048840,0,1860009,0,S,69400,100,
000089.SZ,000089,20251209,93049260,0,1866367,0,B,69400,600,
000089.SZ,000089,20251209,93049650,0,1872473,0,B,68800,3000,
000089.SZ,000089,20251209,93051160,0,1890671,0,S,69300,5000,
000089.SZ,000089,20251209,93051170,0,1890879,0,B,68800,500,
000089.SZ,000089,20251209,93051760,0,1899413,0,B,69300,200,
000089.SZ,000089,20251209,93058030,0,1984455,0,B,69300,100,
000089.SZ,000089,20251209,93058680,0,1994182,0,S,69300,200,
000089.SZ,000089,20251209,93100690,0,2024814,0,B,69300,10000,
000089.SZ,000089,20251209,93101250,0,2035391,0,B,69300,500,
000089.SZ,000089,20251209,93101530,0,2040822,0,B,69100,3000,
000089.SZ,000089,20251209,93101730,0,2044497,0,B,69300,200,
000089.SZ,000089,20251209,93103810,0,2078104,0,B,69300,700,
000089.SZ,000089,20251209,93104090,0,2082183,0,S,69400,900,
000089.SZ,000089,20251209,93104150,0,2082956,0,B,69300,100,
000089.SZ,000089,20251209,93104150,0,2082959,0,B,69300,500,
000089.SZ,000089,20251209,93104780,0,2094909,0,S,69500,4800,
000089.SZ,000089,20251209,93105340,0,2103053,0,S,76300,300,
000089.SZ,000089,20251209,93106150,0,2115117,0,S,69400,100,
000089.SZ,000089,20251209,93106160,0,2115195,0,S,69400,100,
000089.SZ,000089,20251209,93106160,0,2115196,0,S,69400,100,
000089.SZ,000089,20251209,93106160,0,2115269,0,S,69400,100,
000089.SZ,000089,20251209,93106390,0,2119496,0,B,69300,100,
000089.SZ,000089,20251209,93107820,0,2145614,0,S,69400,2000,
000089.SZ,000089,20251209,93108030,0,2148644,0,S,69400,4300,
000089.SZ,000089,20251209,93108880,0,2160470,0,B,69300,5000,
000089.SZ,000089,20251209,93109040,0,2162137,0,S,69400,200,
000089.SZ,000089,20251209,93109160,0,2163829,0,S,69400,200,
000089.SZ,000089,20251209,93112540,0,2211635,0,S,72200,1000,
000089.SZ,000089,20251209,93113960,0,2231920,0,B,69300,100,
000089.SZ,000089,20251209,93115320,0,2248014,0,B,69300,5000,
000089.SZ,000089,20251209,93116080,0,2259065,0,B,69300,100,
000089.SZ,000089,20251209,93119310,0,2300180,0,B,69300,100,
000089.SZ,000089,20251209,93120460,0,2314021,0,S,69900,3600,
000089.SZ,000089,20251209,93120470,0,2314137,0,S,69300,100,
000089.SZ,000089,20251209,93120610,0,2315562,0,B,69300,1300,
000089.SZ,000089,20251209,93121250,0,2322768,0,S,69400,1000,
000089.SZ,000089,20251209,93121260,0,2322837,0,S,69400,3900,
000089.SZ,000089,20251209,93121260,0,2322880,0,S,69400,800,
000089.SZ,000089,20251209,93121280,0,2323150,0,S,69400,2500,
000089.SZ,000089,20251209,93121290,0,2323242,0,S,69400,500,
000089.SZ,000089,20251209,93121300,0,2323316,0,S,69400,1000,
000089.SZ,000089,20251209,93121310,0,2323753,0,S,69400,700,
000089.SZ,000089,20251209,93121320,0,2323873,0,S,69400,900,
000089.SZ,000089,20251209,93121460,0,2326152,0,S,69400,600,
000089.SZ,000089,20251209,93121960,0,2332585,0,S,69400,800,
000089.SZ,000089,20251209,93122650,0,2341336,0,B,69200,3000,
000089.SZ,000089,20251209,93122670,0,2341543,0,S,69400,100,
000089.SZ,000089,20251209,93122830,0,2343084,0,B,69000,500,
000089.SZ,000089,20251209,93124170,0,2356969,0,S,69400,100,
000089.SZ,000089,20251209,93124370,0,2359596,0,B,68700,1300,
000089.SZ,000089,20251209,93125660,0,2375935,0,B,69000,600,
000089.SZ,000089,20251209,93126220,0,2382051,0,B,69400,1600,
000089.SZ,000089,20251209,93129430,0,2419309,0,S,70500,600,
000089.SZ,000089,20251209,93130020,0,2425085,0,B,69300,3000,
000089.SZ,000089,20251209,93130470,0,2431189,0,S,76300,1600,
000089.SZ,000089,20251209,93130550,0,2432753,0,B,69300,400,
000089.SZ,000089,20251209,93130580,0,2433299,0,B,69300,400,
000089.SZ,000089,20251209,93132640,0,2458848,0,B,69000,3300,
000089.SZ,000089,20251209,93132690,0,2459322,0,B,69300,11800,
000089.SZ,000089,20251209,93136060,0,2497986,0,S,69300,400,
000089.SZ,000089,20251209,93136330,0,2501184,0,B,69300,1000,
000089.SZ,000089,20251209,93136420,0,2502384,0,B,69400,100,
000089.SZ,000089,20251209,93138160,0,2525668,0,B,68800,2000,
000089.SZ,000089,20251209,93138270,0,2526897,0,B,69100,2000,
000089.SZ,000089,20251209,93144090,0,2596394,0,B,69100,3000,
000089.SZ,000089,20251209,93144110,0,2596623,0,S,69400,100,
000089.SZ,000089,20251209,93145430,0,2611048,0,B,69300,3000,
000089.SZ,000089,20251209,93150070,0,2665943,0,B,69100,500,
000089.SZ,000089,20251209,93150090,0,2666090,0,S,69400,100,
000089.SZ,000089,20251209,93151910,0,2686700,0,S,69700,5400,
000089.SZ,000089,20251209,93153920,0,2709431,0,S,69800,1000,
000089.SZ,000089,20251209,93153930,0,2709516,0,S,69200,700,
000089.SZ,000089,20251209,93154460,0,2715751,0,S,69400,30000,
000089.SZ,000089,20251209,93155670,0,2731220,0,B,69400,700,
000089.SZ,000089,20251209,93156080,0,2736137,0,S,69400,1600,
000089.SZ,000089,20251209,93158920,0,2769119,0,B,69300,2400,
000089.SZ,000089,20251209,93159780,0,2777672,0,B,69200,3300,
000089.SZ,000089,20251209,93201570,0,2803569,0,S,69100,100,
000089.SZ,000089,20251209,93204650,0,2840417,0,S,69400,700,
000089.SZ,000089,20251209,93205330,0,2848093,0,S,68600,100,
000089.SZ,000089,20251209,93206160,0,2856643,0,S,68600,100,
000089.SZ,000089,20251209,93207210,0,2868895,0,B,69100,1000,
000089.SZ,000089,20251209,93211240,0,2913196,0,S,70100,1000,
000089.SZ,000089,20251209,93212350,0,2924124,0,B,68900,10000,
000089.SZ,000089,20251209,93213360,0,2938071,0,S,69400,100,
000089.SZ,000089,20251209,93213430,0,2939094,0,S,76300,400,
000089.SZ,000089,20251209,93213920,0,2946131,0,B,69100,4200,
000089.SZ,000089,20251209,93215340,0,2965000,0,B,69000,500,
000089.SZ,000089,20251209,93217360,0,2991065,0,B,69300,4300,
000089.SZ,000089,20251209,93218720,0,3007714,0,B,67800,5000,
000089.SZ,000089,20251209,93219580,0,3018504,0,B,69300,1100,
000089.SZ,000089,20251209,93221600,0,3038020,0,S,71700,900,
000089.SZ,000089,20251209,93221680,0,3038824,0,B,68500,2000,
000089.SZ,000089,20251209,93223510,0,3056636,0,S,69300,1900,
000089.SZ,000089,20251209,93225430,0,3075970,0,S,69400,2000,
000089.SZ,000089,20251209,93225650,0,3078120,0,B,69400,700,
000089.SZ,000089,20251209,93229830,0,3116332,0,B,68900,2000,
000089.SZ,000089,20251209,93233610,0,3153487,0,S,69400,800,
000089.SZ,000089,20251209,93235970,0,3175342,0,S,70400,2000,
000089.SZ,000089,20251209,93246600,0,3277673,0,S,70200,400,
000089.SZ,000089,20251209,93248900,0,3298210,0,B,69300,7500,
000089.SZ,000089,20251209,93249150,0,3300747,0,B,69100,1000,
000089.SZ,000089,20251209,93249740,0,3306787,0,B,69300,200,
000089.SZ,000089,20251209,93250780,0,3315667,0,B,69000,1000,
000089.SZ,000089,20251209,93251170,0,3319095,0,S,69400,100,
000089.SZ,000089,20251209,93255680,0,3361934,0,B,69400,700,
000089.SZ,000089,20251209,93300300,0,3403013,1,S,0,200,
000089.SZ,000089,20251209,93300720,0,3408409,0,S,71000,600,
000089.SZ,000089,20251209,93301360,0,3415571,0,B,68100,2000,
000089.SZ,000089,20251209,93301380,0,3415728,0,S,69100,100,
000089.SZ,000089,20251209,93302820,0,3429416,0,S,69500,3000,
000089.SZ,000089,20251209,93304120,0,3442482,0,B,69000,1000,
000089.SZ,000089,20251209,93304740,0,3449038,0,B,69400,1100,
000089.SZ,000089,20251209,93305290,0,3453500,0,S,68600,100,
000089.SZ,000089,20251209,93306170,0,3460782,0,S,68600,100,
000089.SZ,000089,20251209,93312810,0,3529533,0,B,69400,1100,
000089.SZ,000089,20251209,93316070,0,3561559,0,B,69000,12000,
000089.SZ,000089,20251209,93317420,0,3574251,0,S,69300,2500,
000089.SZ,000089,20251209,93317700,0,3576392,0,B,69300,1100,
000089.SZ,000089,20251209,93319130,0,3589957,0,S,69400,100,
000089.SZ,000089,20251209,93319370,0,3592759,0,B,69400,1600,
000089.SZ,000089,20251209,93320170,0,3600098,0,S,69400,1200,
000089.SZ,000089,20251209,93323330,0,3629338,0,B,69200,4300,
000089.SZ,000089,20251209,93323890,0,3633181,0,S,69400,100,
000089.SZ,000089,20251209,93325800,0,3650528,0,B,69400,700,
000089.SZ,000089,20251209,93327150,0,3660625,0,S,69400,100,
000089.SZ,000089,20251209,93327910,0,3667552,0,B,69400,1000,
000089.SZ,000089,20251209,93328390,0,3671749,0,S,69400,100,
000089.SZ,000089,20251209,93329710,0,3682402,0,B,69000,1000,
000089.SZ,000089,20251209,93330500,0,3689098,0,S,70000,3000,
000089.SZ,000089,20251209,93330750,0,3691440,0,B,69000,3000,
000089.SZ,000089,20251209,93330890,0,3692650,0,S,69900,5500,
000089.SZ,000089,20251209,93331640,0,3699084,0,S,69300,100,
000089.SZ,000089,20251209,93332790,0,3708531,0,B,69000,100,
000089.SZ,000089,20251209,93335210,0,3729763,0,B,69300,9500,
000089.SZ,000089,20251209,93342380,0,3793885,0,B,69400,2500,
000089.SZ,000089,20251209,93343100,0,3800840,0,S,76300,1000,
000089.SZ,000089,20251209,93344540,0,3814872,0,B,69100,1000,
000089.SZ,000089,20251209,93344550,0,3814933,0,S,69200,700,
000089.SZ,000089,20251209,93344960,0,3818020,0,S,69400,200,
000089.SZ,000089,20251209,93345210,0,3820068,0,S,69300,200,
000089.SZ,000089,20251209,93348320,0,3849126,0,B,68600,200,
000089.SZ,000089,20251209,93350520,0,3869133,0,B,69300,3400,
000089.SZ,000089,20251209,93355720,0,3914643,0,B,69400,700,
000089.SZ,000089,20251209,93355730,0,3914685,0,B,69400,800,
000089.SZ,000089,20251209,93355930,0,3916016,0,S,69400,100,
000089.SZ,000089,20251209,93356320,0,3919063,0,B,69300,1000,
000089.SZ,000089,20251209,93356680,0,3921631,0,B,69200,1500,
000089.SZ,000089,20251209,93356930,0,3923734,0,B,69000,1000,
000089.SZ,000089,20251209,93357970,0,3932881,0,B,69400,100,
000089.SZ,000089,20251209,93357990,0,3933106,0,S,69400,100,
000089.SZ,000089,20251209,93400170,0,3952351,0,B,69300,800,
000089.SZ,000089,20251209,93402140,0,3974364,0,S,76300,1500,
000089.SZ,000089,20251209,93403140,0,3983474,0,B,69300,1000,
000089.SZ,000089,20251209,93403440,0,3986289,0,B,69200,5000,
000089.SZ,000089,20251209,93403500,0,3986702,0,B,69400,400,
000089.SZ,000089,20251209,93403750,0,3988863,0,S,69400,100,
000089.SZ,000089,20251209,93403770,0,3989086,0,B,69400,600,
000089.SZ,000089,20251209,93406140,0,4009689,0,S,68600,500,
000089.SZ,000089,20251209,93406140,0,4009764,0,S,69700,10000,
000089.SZ,000089,20251209,93409730,0,4041465,0,B,69400,3500,
000089.SZ,000089,20251209,93409790,0,4041881,0,B,69400,2100,
000089.SZ,000089,20251209,93411140,0,4054656,0,B,69200,2900,
000089.SZ,000089,20251209,93413890,0,4078235,0,B,69400,3400,
000089.SZ,000089,20251209,93414080,0,4079839,0,S,69300,400,
000089.SZ,000089,20251209,93417870,0,4110208,0,B,69600,1000,
000089.SZ,000089,20251209,93418930,0,4118852,0,S,71500,200,
000089.SZ,000089,20251209,93419540,0,4124149,0,B,69400,6900,
000089.SZ,000089,20251209,93421150,0,4136434,0,B,69400,1000,
000089.SZ,000089,20251209,93421150,0,4136437,0,B,69400,300,
000089.SZ,000089,20251209,93421150,0,4136440,0,B,69400,100,
000089.SZ,000089,20251209,93421150,0,4136482,0,B,69400,500,
000089.SZ,000089,20251209,93421160,0,4136561,0,B,69400,600,
000089.SZ,000089,20251209,93421720,0,4140813,0,S,69800,2000,
000089.SZ,000089,20251209,93422420,0,4146347,0,B,69400,800,
000089.SZ,000089,20251209,93425160,0,4166885,0,S,69400,100,
000089.SZ,000089,20251209,93425350,0,4168362,0,B,69300,5000,
000089.SZ,000089,20251209,93425540,0,4169942,0,S,69400,1800,
000089.SZ,000089,20251209,93425700,0,4171139,0,B,69400,700,
000089.SZ,000089,20251209,93428110,0,4188553,0,S,69400,800,
000089.SZ,000089,20251209,93430190,0,4203388,0,B,69300,200,
000089.SZ,000089,20251209,93430190,0,4203390,0,S,69400,100,
000089.SZ,000089,20251209,93431660,0,4215850,0,S,69400,100,
000089.SZ,000089,20251209,93433920,0,4233047,0,S,69400,300,
000089.SZ,000089,20251209,93434700,0,4239844,0,S,76300,8300,
000089.SZ,000089,20251209,93437340,0,4259090,0,S,69400,100,
000089.SZ,000089,20251209,93438130,0,4264708,0,B,69300,1000,
000089.SZ,000089,20251209,93440530,0,4282605,0,S,74000,12300,
000089.SZ,000089,20251209,93442750,0,4298279,0,S,69400,100,
000089.SZ,000089,20251209,93445200,0,4315635,0,B,69300,100,
000089.SZ,000089,20251209,93447190,0,4331047,0,S,76300,86000,
000089.SZ,000089,20251209,93447320,0,4331934,0,S,76300,200,
000089.SZ,000089,20251209,93448060,0,4336483,0,B,69400,4400,
000089.SZ,000089,20251209,93448150,0,4337315,0,B,69300,100,
000089.SZ,000089,20251209,93448250,0,4338143,0,B,69000,100,
000089.SZ,000089,20251209,93449440,0,4347520,0,S,69600,500,
000089.SZ,000089,20251209,93449970,0,4351283,0,S,69400,100,
000089.SZ,000089,20251209,93449980,0,4351311,0,B,69300,100,
000089.SZ,000089,20251209,93452480,0,4369419,0,S,69400,200,
000089.SZ,000089,20251209,93453250,0,4374909,0,S,76300,16000,
000089.SZ,000089,20251209,93453550,0,4376917,0,S,69300,100,
000089.SZ,000089,20251209,93455730,0,4392540,0,B,69400,700,
000089.SZ,000089,20251209,93456680,0,4398539,0,B,69200,1000,
000089.SZ,000089,20251209,93456690,0,4398593,0,B,69300,100,
000089.SZ,000089,20251209,93457950,0,4407606,0,B,69300,7900,
000089.SZ,000089,20251209,93458620,0,4413229,0,B,69000,300,
000089.SZ,000089,20251209,93459950,0,4423521,0,B,69200,3000,
000089.SZ,000089,20251209,93459990,0,4423802,0,S,69600,5000,
000089.SZ,000089,20251209,93500520,0,4429451,0,S,69400,400,
000089.SZ,000089,20251209,93500560,0,4429945,0,S,69400,100,
000089.SZ,000089,20251209,93500710,0,4431950,0,S,69400,100,
000089.SZ,000089,20251209,93500960,0,4434232,0,B,69300,800,
000089.SZ,000089,20251209,93502160,0,4446494,0,B,69300,1100,
000089.SZ,000089,20251209,93503180,0,4455086,0,B,69300,500,
000089.SZ,000089,20251209,93505820,0,4481409,0,S,76000,500,
000089.SZ,000089,20251209,93508460,0,4508147,0,B,69100,1800,
000089.SZ,000089,20251209,93509220,0,4514479,0,S,69400,100,
000089.SZ,000089,20251209,93509230,0,4514556,0,S,69400,100,
000089.SZ,000089,20251209,93509230,0,4514565,0,S,69400,100,
000089.SZ,000089,20251209,93509240,0,4514633,0,B,69400,100,
000089.SZ,000089,20251209,93509250,0,4514734,0,S,69400,100,
000089.SZ,000089,20251209,93509260,0,4514815,0,S,69400,100,
000089.SZ,000089,20251209,93509280,0,4515083,0,S,69400,100,
000089.SZ,000089,20251209,93509300,0,4515259,0,S,69400,200,
000089.SZ,000089,20251209,93510360,0,4527981,0,B,69400,100,
000089.SZ,000089,20251209,93512000,0,4543554,0,S,69300,100,
000089.SZ,000089,20251209,93512230,0,4545812,0,S,69400,300,
000089.SZ,000089,20251209,93512240,0,4545857,0,S,69400,100,
000089.SZ,000089,20251209,93512240,0,4545906,0,S,69400,100,
000089.SZ,000089,20251209,93512270,0,4546159,0,B,69200,500,
000089.SZ,000089,20251209,93512290,0,4546478,0,S,69400,100,
000089.SZ,000089,20251209,93512550,0,4549558,0,S,68900,100,
000089.SZ,000089,20251209,93513680,0,4561335,0,S,70400,3000,
000089.SZ,000089,20251209,93514710,0,4571634,0,B,69400,50000,
000089.SZ,000089,20251209,93514740,0,4571975,0,S,69500,1300,
000089.SZ,000089,20251209,93514740,0,4571985,0,B,69300,5000,
000089.SZ,000089,20251209,93514750,0,4572158,0,S,69500,900,
000089.SZ,000089,20251209,93514760,0,4572294,0,S,69300,1500,
000089.SZ,000089,20251209,93514770,0,4572420,0,B,69300,200,
000089.SZ,000089,20251209,93514780,0,4572460,0,S,69400,100,
000089.SZ,000089,20251209,93514780,0,4572462,0,S,69400,100,
000089.SZ,000089,20251209,93514780,0,4572571,0,S,69400,3700,
000089.SZ,000089,20251209,93514800,0,4572652,0,S,69400,1400,
000089.SZ,000089,20251209,93514800,0,4572656,0,S,69400,800,
000089.SZ,000089,20251209,93514800,0,4572663,0,S,69400,100,
000089.SZ,000089,20251209,93514800,0,4572665,0,S,69400,100,
000089.SZ,000089,20251209,93514800,0,4572667,0,S,69400,100,
000089.SZ,000089,20251209,93514800,0,4572717,0,S,69400,900,
000089.SZ,000089,20251209,93514800,0,4572719,0,S,69400,900,
000089.SZ,000089,20251209,93514810,0,4572795,0,S,69400,100,
000089.SZ,000089,20251209,93515010,0,4574586,0,S,69400,100,
000089.SZ,000089,20251209,93515010,0,4574599,0,S,69400,100,
000089.SZ,000089,20251209,93515010,0,4574606,0,S,69400,100,
000089.SZ,000089,20251209,93515010,0,4574610,0,S,69400,100,
000089.SZ,000089,20251209,93515020,0,4574659,0,S,69400,100,
000089.SZ,000089,20251209,93515020,0,4574662,0,S,69400,100,
000089.SZ,000089,20251209,93515020,0,4574664,0,S,69400,100,
000089.SZ,000089,20251209,93515020,0,4574674,0,S,69400,100,
000089.SZ,000089,20251209,93515150,0,4576223,0,S,69400,100,
000089.SZ,000089,20251209,93515150,0,4576225,0,S,69500,100,
000089.SZ,000089,20251209,93515150,0,4576266,0,S,69400,100,
000089.SZ,000089,20251209,93515150,0,4576269,0,B,69400,300,
000089.SZ,000089,20251209,93515150,0,4576272,0,B,69400,100,
000089.SZ,000089,20251209,93515150,0,4576273,0,B,69400,100,
000089.SZ,000089,20251209,93515150,0,4576274,0,B,69400,100,
000089.SZ,000089,20251209,93515150,0,4576296,0,B,69400,100,
000089.SZ,000089,20251209,93515160,0,4576316,0,S,69400,100,
000089.SZ,000089,20251209,93515260,0,4577765,0,B,69400,1000,
000089.SZ,000089,20251209,93515340,0,4578681,0,S,76300,10000,
000089.SZ,000089,20251209,93515370,0,4578935,0,B,69300,3000,
000089.SZ,000089,20251209,93515810,0,4584764,0,S,69400,1400,
000089.SZ,000089,20251209,93515810,0,4584779,0,S,69400,1000,
000089.SZ,000089,20251209,93515810,0,4584796,0,S,69400,1100,
000089.SZ,000089,20251209,93515870,0,4585307,0,S,69400,200,
000089.SZ,000089,20251209,93515880,0,4585319,0,S,69400,400,
000089.SZ,000089,20251209,93515880,0,4585340,0,S,69400,3500,
000089.SZ,000089,20251209,93515880,0,4585396,0,S,69400,300,
000089.SZ,000089,20251209,93515910,0,4585695,0,B,69400,900,
000089.SZ,000089,20251209,93516030,0,4586775,0,B,69400,100,
000089.SZ,000089,20251209,93516070,0,4587181,0,S,72900,3000,
000089.SZ,000089,20251209,93516090,0,4587417,0,S,69400,1200,
000089.SZ,000089,20251209,93516610,0,4592401,0,S,69500,100,
000089.SZ,000089,20251209,93516630,0,4592565,0,S,69400,2500,
000089.SZ,000089,20251209,93516680,0,4593065,0,S,69400,900,
000089.SZ,000089,20251209,93516680,0,4593078,0,B,69300,12600,
000089.SZ,000089,20251209,93516690,0,4593108,0,S,69400,100,
000089.SZ,000089,20251209,93516700,0,4593174,0,S,69400,100,
000089.SZ,000089,20251209,93516980,0,4595318,0,B,69300,1000,
000089.SZ,000089,20251209,93517460,0,4599150,0,B,69400,2900,
000089.SZ,000089,20251209,93517660,0,4600823,0,S,69400,200,
000089.SZ,000089,20251209,93517870,0,4602199,0,S,70100,5800,
000089.SZ,000089,20251209,93518480,0,4607159,0,S,69400,100,
000089.SZ,000089,20251209,93518570,0,4607801,0,B,69300,2100,
000089.SZ,000089,20251209,93518760,0,4609204,0,S,69400,2000,
000089.SZ,000089,20251209,93518900,0,4610366,0,B,69300,200,
000089.SZ,000089,20251209,93519170,0,4612396,0,B,69300,500,
000089.SZ,000089,20251209,93521240,0,4627917,0,S,69400,100,
000089.SZ,000089,20251209,93521980,0,4633744,0,S,69400,200,
000089.SZ,000089,20251209,93522120,0,4634816,0,B,69400,100,
000089.SZ,000089,20251209,93522170,0,4635253,0,S,69400,1100,
000089.SZ,000089,20251209,93522200,0,4635455,0,S,69400,100,
000089.SZ,000089,20251209,93522270,0,4636126,0,S,69300,5000,
000089.SZ,000089,20251209,93522280,0,4636188,0,B,69400,100,
000089.SZ,000089,20251209,93523230,0,4642898,0,S,69400,200,
000089.SZ,000089,20251209,93523520,0,4645550,0,S,69400,1200,
000089.SZ,000089,20251209,93524150,0,4650013,0,S,69400,200,
000089.SZ,000089,20251209,93524170,0,4650161,0,S,69400,400,
000089.SZ,000089,20251209,93524200,0,4650322,0,S,69400,400,
000089.SZ,000089,20251209,93524950,0,4656363,0,S,69400,100,
000089.SZ,000089,20251209,93525000,0,4656635,0,S,69400,100,
000089.SZ,000089,20251209,93525750,0,4662598,0,B,69400,700,
000089.SZ,000089,20251209,93529980,0,4694311,0,S,69300,46400,
000089.SZ,000089,20251209,93530110,0,4695127,0,B,69200,2000,
000089.SZ,000089,20251209,93530580,0,4699523,0,B,69300,7400,
000089.SZ,000089,20251209,93530880,0,4701765,0,S,69400,1000,
000089.SZ,000089,20251209,93530960,0,4702389,0,S,69400,100,
000089.SZ,000089,20251209,93532490,0,4715167,0,S,69400,100,
000089.SZ,000089,20251209,93532670,0,4716386,0,B,68900,10000,
000089.SZ,000089,20251209,93534170,0,4728770,0,S,69400,400,
000089.SZ,000089,20251209,93537330,0,4755651,0,B,69000,500,
000089.SZ,000089,20251209,93538730,0,4766952,0,S,75100,10000,
000089.SZ,000089,20251209,93543030,0,4811492,0,B,68000,1000,
000089.SZ,000089,20251209,93543050,0,4811598,0,S,69400,19700,
000089.SZ,000089,20251209,93545730,0,4834617,0,B,69300,1000,
000089.SZ,000089,20251209,93545940,0,4836199,0,B,69300,400,
000089.SZ,000089,20251209,93548890,0,4865799,0,S,76300,1000,
000089.SZ,000089,20251209,93549780,0,4876435,0,S,70300,500,
000089.SZ,000089,20251209,93551120,0,4887558,0,B,69300,5500,
000089.SZ,000089,20251209,93554530,0,4918413,0,S,70100,4600,
000089.SZ,000089,20251209,93555820,0,4929445,0,B,69400,700,
000089.SZ,000089,20251209,93556210,0,4932739,0,S,69300,100,
000089.SZ,000089,20251209,93557160,0,4940254,0,S,69400,100,
000089.SZ,000089,20251209,93600060,0,4963093,0,B,68000,300,
000089.SZ,000089,20251209,93600060,0,4963126,0,B,69300,100,
000089.SZ,000089,20251209,93600060,0,4963128,0,B,69300,100,
000089.SZ,000089,20251209,93600060,0,4963131,0,B,69300,100,
000089.SZ,000089,20251209,93600060,0,4963156,0,B,69300,100,
000089.SZ,000089,20251209,93600090,0,4963425,0,B,69300,500,
000089.SZ,000089,20251209,93601790,0,4987781,0,B,69400,100,
000089.SZ,000089,20251209,93603900,0,5008163,0,B,69300,2000,
000089.SZ,000089,20251209,93604270,0,5011606,0,B,69300,900,
000089.SZ,000089,20251209,93604280,0,5011719,0,B,69300,100,
000089.SZ,000089,20251209,93604280,0,5011721,0,B,69300,100,
000089.SZ,000089,20251209,93604280,0,5011737,0,B,69300,100,
000089.SZ,000089,20251209,93604280,0,5011746,0,B,69300,200,
000089.SZ,000089,20251209,93604280,0,5011787,0,B,69300,100,
000089.SZ,000089,20251209,93605540,0,5023261,0,S,68600,1100,
000089.SZ,000089,20251209,93605540,0,5023301,0,B,69300,100,
000089.SZ,000089,20251209,93605550,0,5023408,0,B,69300,300,
000089.SZ,000089,20251209,93606190,0,5028697,0,S,68600,4100,
000089.SZ,000089,20251209,93609010,0,5054542,0,S,69300,24500,
000089.SZ,000089,20251209,93609020,0,5054598,0,B,69300,100,
000089.SZ,000089,20251209,93609100,0,5055541,0,B,69400,100,
000089.SZ,000089,20251209,93609140,0,5055736,0,S,69400,100,
000089.SZ,000089,20251209,93609140,0,5055789,0,S,69400,200,
000089.SZ,000089,20251209,93609430,0,5059890,0,S,69500,100,
000089.SZ,000089,20251209,93609480,0,5060537,0,S,69500,900,
000089.SZ,000089,20251209,93609540,0,5061320,0,S,69300,6000,
000089.SZ,000089,20251209,93609980,0,5066581,0,S,69400,200,
000089.SZ,000089,20251209,93610650,0,5073926,0,S,69400,100,
000089.SZ,000089,20251209,93610650,0,5073992,0,B,69000,300,
000089.SZ,000089,20251209,93610930,0,5076948,0,B,69400,1100,
000089.SZ,000089,20251209,93611360,0,5081248,0,B,69000,10000,
000089.SZ,000089,20251209,93611380,0,5081389,0,B,69300,100,
000089.SZ,000089,20251209,93611620,0,5083518,0,S,68300,800,
000089.SZ,000089,20251209,93611660,0,5083852,0,B,69400,7600,
000089.SZ,000089,20251209,93611680,0,5084027,0,B,69300,12600,
000089.SZ,000089,20251209,93611680,0,5084028,0,S,69500,12600,
000089.SZ,000089,20251209,93611680,0,5084079,0,S,69500,100,
000089.SZ,000089,20251209,93611870,0,5085556,0,S,69500,300,
000089.SZ,000089,20251209,93611870,0,5085557,0,S,69500,300,
000089.SZ,000089,20251209,93611870,0,5085558,0,S,69500,300,
000089.SZ,000089,20251209,93611870,0,5085559,0,S,69500,2100,
000089.SZ,000089,20251209,93611870,0,5085560,0,S,69500,3200,
000089.SZ,000089,20251209,93611870,0,5085561,0,S,69500,13600,
000089.SZ,000089,20251209,93611870,0,5085562,0,S,69500,200,
000089.SZ,000089,20251209,93611870,0,5085564,0,S,69500,600,
000089.SZ,000089,20251209,93611870,0,5085565,0,S,69500,300,
000089.SZ,000089,20251209,93611870,0,5085566,0,S,69500,700,
000089.SZ,000089,20251209,93611870,0,5085567,0,S,69500,2400,
000089.SZ,000089,20251209,93611870,0,5085568,0,S,69500,1000,
000089.SZ,000089,20251209,93611870,0,5085569,0,S,69500,400,
000089.SZ,000089,20251209,93611870,0,5085570,0,S,69500,500,
000089.SZ,000089,20251209,93611870,0,5085571,0,S,69500,800,
000089.SZ,000089,20251209,93611870,0,5085572,0,S,69500,300,
000089.SZ,000089,20251209,93611870,0,5085573,0,S,69500,500,
000089.SZ,000089,20251209,93611870,0,5085574,0,S,69500,300,
000089.SZ,000089,20251209,93611870,0,5085575,0,S,69500,2600,
000089.SZ,000089,20251209,93611870,0,5085576,0,S,69500,400,
000089.SZ,000089,20251209,93611870,0,5085578,0,S,69500,100,
000089.SZ,000089,20251209,93611870,0,5085579,0,S,69500,1600,
000089.SZ,000089,20251209,93611870,0,5085580,0,S,69500,700,
000089.SZ,000089,20251209,93611880,0,5085602,0,S,69400,100,
000089.SZ,000089,20251209,93611890,0,5085662,0,S,69500,300,
000089.SZ,000089,20251209,93611890,0,5085679,0,S,69500,3700,
000089.SZ,000089,20251209,93611890,0,5085683,0,S,69500,400,
000089.SZ,000089,20251209,93612150,0,5087855,0,B,69300,100,
000089.SZ,000089,20251209,93612430,0,5090387,0,S,69400,100,
000089.SZ,000089,20251209,93612520,0,5091096,0,S,69400,100,
000089.SZ,000089,20251209,93612980,0,5096018,0,B,69300,100,
000089.SZ,000089,20251209,93613390,0,5099356,0,S,69400,200,
000089.SZ,000089,20251209,93615200,0,5115235,0,B,69300,100,
000089.SZ,000089,20251209,93615640,0,5119588,0,B,69300,1100,
000089.SZ,000089,20251209,93615690,0,5119961,0,S,70800,1000,
000089.SZ,000089,20251209,93615750,0,5120456,0,B,69300,200,
000089.SZ,000089,20251209,93616170,0,5124421,0,B,69300,100,
000089.SZ,000089,20251209,93617340,0,5134353,0,B,69300,100,
000089.SZ,000089,20251209,93617340,0,5134401,0,B,69400,200,
000089.SZ,000089,20251209,93617460,0,5135258,0,B,69300,4400,
000089.SZ,000089,20251209,93617820,0,5137878,0,B,69300,700,
000089.SZ,000089,20251209,93618190,0,5140351,0,B,69400,100,
000089.SZ,000089,20251209,93619460,0,5152239,0,B,69300,5000,
000089.SZ,000089,20251209,93619460,0,5152313,0,S,69400,700,
000089.SZ,000089,20251209,93619470,0,5152334,0,B,69300,100,
000089.SZ,000089,20251209,93620600,0,5161308,0,B,69000,1000,
000089.SZ,000089,20251209,93621200,0,5165821,0,B,69300,300,
000089.SZ,000089,20251209,93621230,0,5166115,0,S,69400,100,
000089.SZ,000089,20251209,93621410,0,5168620,0,B,69200,4100,
000089.SZ,000089,20251209,93621410,0,5168621,0,B,69200,5100,
000089.SZ,000089,20251209,93622150,0,5176296,0,B,67800,1000,
000089.SZ,000089,20251209,93623330,0,5187439,0,S,69400,1700,
000089.SZ,000089,20251209,93624250,0,5194611,0,S,69400,100,
000089.SZ,000089,20251209,93625680,0,5207777,0,B,69400,200,
000089.SZ,000089,20251209,93625690,0,5207821,0,B,69300,100,
000089.SZ,000089,20251209,93625960,0,5209892,0,B,69300,4000,
000089.SZ,000089,20251209,93628680,0,5231184,0,S,69400,700,
000089.SZ,000089,20251209,93628680,0,5231222,0,B,69300,100,
000089.SZ,000089,20251209,93628680,0,5231223,0,B,69300,100,
000089.SZ,000089,20251209,93629450,0,5236901,0,S,74800,1000,
000089.SZ,000089,20251209,93629910,0,5240395,0,B,69100,300,
000089.SZ,000089,20251209,93630210,0,5242869,0,B,69300,100,
000089.SZ,000089,20251209,93633150,0,5266466,0,B,69300,100,
000089.SZ,000089,20251209,93635320,0,5284337,0,S,69400,3300,
000089.SZ,000089,20251209,93636030,0,5289174,0,B,69400,2700,
000089.SZ,000089,20251209,93636530,0,5292886,0,S,69500,22500,
000089.SZ,000089,20251209,93638700,0,5309301,0,B,69200,800,
000089.SZ,000089,20251209,93638730,0,5309546,0,B,69300,300,
000089.SZ,000089,20251209,93641440,0,5328940,0,S,76300,13000,
000089.SZ,000089,20251209,93641440,0,5328976,0,B,69300,100,
000089.SZ,000089,20251209,93642580,0,5336996,0,S,76300,3400,
000089.SZ,000089,20251209,93642650,0,5337518,0,B,69400,100,
000089.SZ,000089,20251209,93643540,0,5344547,0,S,69700,10000,
000089.SZ,000089,20251209,93644610,0,5352227,0,B,69300,800,
000089.SZ,000089,20251209,93646200,0,5364367,0,B,70500,100,
000089.SZ,000089,20251209,93648740,0,5382261,0,S,69700,20000,
000089.SZ,000089,20251209,93648950,0,5383770,0,S,75200,3000,
000089.SZ,000089,20251209,93651330,0,5400668,0,B,69100,400,
000089.SZ,000089,20251209,93651400,0,5401167,0,B,69000,1000,
000089.SZ,000089,20251209,93656860,0,5441324,0,B,69200,900,
000089.SZ,000089,20251209,93657350,0,5445094,0,S,74000,100,
000089.SZ,000089,20251209,93657720,0,5448633,0,S,73900,2000,
000089.SZ,000089,20251209,93700280,0,5469972,0,B,69300,3000,
000089.SZ,000089,20251209,93700480,0,5472253,0,B,69300,10000,
000089.SZ,000089,20251209,93700900,0,5476628,0,B,69200,7000,
000089.SZ,000089,20251209,93701420,0,5481785,0,S,69100,300,
000089.SZ,000089,20251209,93701890,0,5487722,0,S,69400,800,
000089.SZ,000089,20251209,93701890,0,5487723,0,S,69400,700,
000089.SZ,000089,20251209,93701890,0,5487724,0,S,69400,300,
000089.SZ,000089,20251209,93701890,0,5487726,0,S,69400,200,
000089.SZ,000089,20251209,93701890,0,5487736,0,S,69400,1900,
000089.SZ,000089,20251209,93701890,0,5487739,0,S,69400,400,
000089.SZ,000089,20251209,93701890,0,5487743,0,S,69400,300,
000089.SZ,000089,20251209,93701890,0,5487775,0,S,69400,400,
000089.SZ,000089,20251209,93702180,0,5490325,0,S,68600,100,
000089.SZ,000089,20251209,93702920,0,5497323,0,S,69300,300,
000089.SZ,000089,20251209,93702930,0,5497369,0,S,69400,800,
000089.SZ,000089,20251209,93702940,0,5497449,0,S,69200,1000,
000089.SZ,000089,20251209,93702950,0,5497476,0,S,69400,22600,
000089.SZ,000089,20251209,93703010,0,5497906,0,S,68600,100,
000089.SZ,000089,20251209,93703520,0,5503912,0,S,69400,100,
000089.SZ,000089,20251209,93703910,0,5507305,0,S,69400,200,
000089.SZ,000089,20251209,93704030,0,5508770,0,S,69400,5000,
000089.SZ,000089,20251209,93704620,0,5514792,0,S,69400,100,
000089.SZ,000089,20251209,93705060,0,5518086,0,S,69400,300,
000089.SZ,000089,20251209,93706520,0,5529914,0,B,69400,700,
000089.SZ,000089,20251209,93706690,0,5531127,0,S,76300,500,
000089.SZ,000089,20251209,93707260,0,5535967,0,B,69300,4300,
000089.SZ,000089,20251209,93708890,0,5547477,0,B,69300,3000,
000089.SZ,000089,20251209,93709150,0,5549110,0,B,69300,100,
000089.SZ,000089,20251209,93709540,0,5552317,0,B,69000,1000,
000089.SZ,000089,20251209,93711480,0,5568815,0,S,70100,3300,
000089.SZ,000089,20251209,93712190,0,5573922,0,B,69400,1000,
000089.SZ,000089,20251209,93712350,0,5575427,0,S,69400,900,
000089.SZ,000089,20251209,93714100,0,5590485,0,S,69400,100,
000089.SZ,000089,20251209,93715130,0,5599042,0,S,71500,200,
000089.SZ,000089,20251209,93715820,0,5605240,0,S,69400,10000,
000089.SZ,000089,20251209,93716210,0,5608230,0,B,70500,100,
000089.SZ,000089,20251209,93716220,0,5608302,0,S,69400,100,
000089.SZ,000089,20251209,93716420,0,5610264,0,B,69300,1100,
000089.SZ,000089,20251209,93717110,0,5615304,0,S,69400,400,
000089.SZ,000089,20251209,93717740,0,5619942,0,S,72900,1800,
000089.SZ,000089,20251209,93721610,0,5647468,0,S,69400,1500,
000089.SZ,000089,20251209,93721870,0,5649401,0,S,69800,9700,
000089.SZ,000089,20251209,93722820,0,5656363,0,S,69400,18500,
000089.SZ,000089,20251209,93722840,0,5656482,0,S,69400,500,
000089.SZ,000089,20251209,93723030,0,5657633,0,B,69200,200,
000089.SZ,000089,20251209,93724310,0,5665854,0,S,69400,100,
000089.SZ,000089,20251209,93724320,0,5665929,0,S,69200,800,
000089.SZ,000089,20251209,93724330,0,5666014,0,S,69400,12600,
000089.SZ,000089,20251209,93725690,0,5676263,0,S,69400,4700,
000089.SZ,000089,20251209,93726950,0,5684817,0,S,69400,400,
000089.SZ,000089,20251209,93727270,0,5686853,0,S,69300,500,
000089.SZ,000089,20251209,93727350,0,5687450,0,S,69400,500,
000089.SZ,000089,20251209,93727350,0,5687451,0,S,69400,300,
000089.SZ,000089,20251209,93727350,0,5687452,0,S,69400,300,
000089.SZ,000089,20251209,93727350,0,5687453,0,S,69400,200,
000089.SZ,000089,20251209,93727350,0,5687454,0,S,69400,400,
000089.SZ,000089,20251209,93727350,0,5687455,0,S,69400,1200,
000089.SZ,000089,20251209,93727350,0,5687457,0,S,69400,2400,
000089.SZ,000089,20251209,93727350,0,5687458,0,S,69400,600,
000089.SZ,000089,20251209,93727350,0,5687459,0,S,69400,2100,
000089.SZ,000089,20251209,93727350,0,5687460,0,S,69400,300,
000089.SZ,000089,20251209,93727350,0,5687461,0,S,69400,500,
000089.SZ,000089,20251209,93727350,0,5687462,0,S,69400,2900,
000089.SZ,000089,20251209,93727350,0,5687463,0,S,69400,500,
000089.SZ,000089,20251209,93727350,0,5687464,0,S,69400,100,
000089.SZ,000089,20251209,93727350,0,5687465,0,S,69400,400,
000089.SZ,000089,20251209,93727350,0,5687467,0,S,69400,400,
000089.SZ,000089,20251209,93727350,0,5687468,0,S,69400,200,
000089.SZ,000089,20251209,93727350,0,5687469,0,S,69400,300,
000089.SZ,000089,20251209,93727350,0,5687470,0,S,69400,1900,
000089.SZ,000089,20251209,93727350,0,5687471,0,S,69400,500,
000089.SZ,000089,20251209,93727350,0,5687472,0,S,69400,1700,
000089.SZ,000089,20251209,93727350,0,5687473,0,S,69400,500,
000089.SZ,000089,20251209,93727350,0,5687474,0,S,69400,1800,
000089.SZ,000089,20251209,93727350,0,5687475,0,S,69400,300,
000089.SZ,000089,20251209,93727350,0,5687476,0,S,69400,500,
000089.SZ,000089,20251209,93727350,0,5687477,0,S,69400,200,
000089.SZ,000089,20251209,93727350,0,5687482,0,S,69400,2900,
000089.SZ,000089,20251209,93727350,0,5687483,0,S,69400,500,
000089.SZ,000089,20251209,93727350,0,5687484,0,S,69400,1200,
000089.SZ,000089,20251209,93727350,0,5687488,0,S,69400,100,
000089.SZ,000089,20251209,93727350,0,5687489,0,S,69400,400,
000089.SZ,000089,20251209,93727350,0,5687490,0,S,69400,300,
000089.SZ,000089,20251209,93727350,0,5687491,0,S,69400,100,
000089.SZ,000089,20251209,93727350,0,5687492,0,S,69400,3500,
000089.SZ,000089,20251209,93727350,0,5687494,0,S,69400,900,
