万得代码,交易所代码,自然日,时间,成交编号,成交代码,委托代码,BS标志,成交价格,成交数量,叫卖序号,叫买序号,
000089.SZ,000089,20251209,91503720,248802,C,0, ,0,3000,0,248178,
000089.SZ,000089,20251209,91608310,301378,C,0, ,0,100,0,299939,
000089.SZ,000089,20251209,91823340,341850,C,0, ,0,1000,0,337280,
000089.SZ,000089,20251209,91929590,365764,C,0, ,0,5000,0,342558,
000089.SZ,000089,20251209,91950590,373490,C,0, ,0,100,0,1086,
000089.SZ,000089,20251209,91953120,374444,C,0, ,0,12000,0,363802,
000089.SZ,000089,20251209,92500000,560413,0,0,B,69500,13700,141989,551599,
000089.SZ,000089,20251209,92500000,560414,0,0,B,69500,5300,141989,537735,
000089.SZ,000089,20251209,92500000,560415,0,0,B,69500,200,283243,537735,
000089.SZ,000089,20251209,92500000,560416,0,0,S,69500,6500,547497,537735,
000089.SZ,000089,20251209,92500000,560417,0,0,B,69500,3200,502176,537735,
000089.SZ,000089,20251209,92500000,560418,0,0,B,69500,2200,502176,542669,
000089.SZ,000089,20251209,92500000,560419,0,0,B,69500,1000,502176,552359,
000089.SZ,000089,20251209,92500000,560420,0,0,B,69500,8600,502176,550556,
000089.SZ,000089,20251209,92500000,560421,0,0,B,69500,3100,502176,551185,
000089.SZ,000089,20251209,92500000,560422,0,0,B,69500,1900,502176,537328,
000089.SZ,000089,20251209,92500000,560423,0,0,B,69500,1500,502176,537425,
000089.SZ,000089,20251209,92500000,560424,0,0,B,69500,1100,502176,537499,
000089.SZ,000089,20251209,92500000,560425,0,0,B,69500,4700,502176,553151,
000089.SZ,000089,20251209,92500000,560426,0,0,S,69500,100,502176,379325,
000089.SZ,000089,20251209,92500000,560427,0,0,B,69500,100,502176,538724,
000089.SZ,000089,20251209,92500000,560428,0,0,B,69500,200,502176,538925,
000089.SZ,000089,20251209,92500000,560429,0,0,B,69500,100,502176,539382,
000089.SZ,000089,20251209,92500000,560430,0,0,B,69500,200,502176,551093,
000089.SZ,000089,20251209,92500000,560431,0,0,B,69500,34800,502176,553317,
000089.SZ,000089,20251209,92500000,560432,0,0,B,69500,400,550016,553317,
000089.SZ,000089,20251209,92500000,560433,0,0,B,69500,400,550378,553317,
000089.SZ,000089,20251209,92500000,560434,0,0,B,69500,2100,550421,553317,
000089.SZ,000089,20251209,92500000,560435,0,0,B,69500,100,31087,553317,
000089.SZ,000089,20251209,92500000,560436,0,0,B,69500,200,92917,553317,
000089.SZ,000089,20251209,92500000,560437,0,0,B,69500,300,298666,553317,
000089.SZ,000089,20251209,92500000,560438,0,0,B,69500,100,298666,553395,
000089.SZ,000089,20251209,92500000,560439,0,0,S,69500,100,298666,18932,
000089.SZ,000089,20251209,92500000,560440,0,0,S,69500,300,298666,109688,
000089.SZ,000089,20251209,92500000,560441,0,0,S,69500,100,298666,15407,
000089.SZ,000089,20251209,92500000,560442,0,0,S,69500,600,311184,15407,
000089.SZ,000089,20251209,92500000,560443,0,0,S,69500,1400,311184,165442,
000089.SZ,000089,20251209,92500000,560444,0,0,S,69500,700,311184,165443,
000089.SZ,000089,20251209,92500000,560445,0,0,B,69500,2000,311184,532105,
000089.SZ,000089,20251209,92500000,560446,0,0,B,69500,300,379250,532105,
000089.SZ,000089,20251209,92500000,560447,0,0,B,69500,2900,425328,532105,
000089.SZ,000089,20251209,92500000,560448,0,0,B,69500,1200,68664,532105,
000089.SZ,000089,20251209,92500000,560449,0,0,B,69500,200,153789,532105,
000089.SZ,000089,20251209,92500000,560450,0,0,B,69500,500,243588,532105,
000089.SZ,000089,20251209,92500000,560451,0,0,B,69500,500,243588,499126,
000089.SZ,000089,20251209,92500000,560452,0,0,B,69500,4500,9375,499126,
000089.SZ,000089,20251209,92500000,560453,0,0,B,69500,100,9375,535760,
000089.SZ,000089,20251209,93000040,647122,0,0,S,69400,400,647121,58383,
000089.SZ,000089,20251209,93000040,647123,0,0,S,69400,300,647121,102528,
000089.SZ,000089,20251209,93000040,647124,0,0,S,69400,200,647121,228188,
000089.SZ,000089,20251209,93000040,647125,0,0,S,69400,1000,647121,243589,
000089.SZ,000089,20251209,93000050,652696,C,0, ,0,1000,0,374553,
000089.SZ,000089,20251209,93000060,654956,0,0,B,69400,100,647121,654955,
000089.SZ,000089,20251209,93000060,659399,0,0,B,69500,5400,9375,659398,
000089.SZ,000089,20251209,93000060,659400,0,0,B,69500,18400,290113,659398,
000089.SZ,000089,20251209,93000120,690375,0,0,B,69400,400,672638,690374,
000089.SZ,000089,20251209,93000260,755897,C,0, ,0,1500,0,197187,
000089.SZ,000089,20251209,93000270,758798,0,0,B,69500,100,290113,758797,
000089.SZ,000089,20251209,93000270,758891,0,0,B,69500,1700,290113,758890,
000089.SZ,000089,20251209,93000350,782614,0,0,B,69500,700,290113,782613,
000089.SZ,000089,20251209,93000350,784230,0,0,B,69500,2200,290113,784229,
000089.SZ,000089,20251209,93000350,784517,0,0,S,69400,100,784516,690374,
000089.SZ,000089,20251209,93000360,784761,0,0,S,69400,100,784760,690374,
000089.SZ,000089,20251209,93000360,786851,0,0,S,69400,100,786850,690374,
000089.SZ,000089,20251209,93000360,786915,0,0,S,69400,400,786914,690374,
000089.SZ,000089,20251209,93000420,796409,0,0,S,69400,8900,796408,690374,
000089.SZ,000089,20251209,93000420,796410,0,0,S,69400,13100,796408,692081,
000089.SZ,000089,20251209,93000510,810907,0,0,B,69500,200,290113,810906,
000089.SZ,000089,20251209,93000620,828269,0,0,B,69500,800,290113,828268,
000089.SZ,000089,20251209,93000640,831410,0,0,S,69400,2500,831409,692081,
000089.SZ,000089,20251209,93000690,841412,0,0,B,69500,2400,290113,841411,
000089.SZ,000089,20251209,93000700,842837,0,0,B,69500,1300,290113,842836,
000089.SZ,000089,20251209,93000710,843855,0,0,B,69500,900,290113,843854,
000089.SZ,000089,20251209,93000730,847158,0,0,B,69500,4100,290113,847157,
000089.SZ,000089,20251209,93000950,879797,0,0,S,69400,34400,879796,692081,
000089.SZ,000089,20251209,93000950,879798,0,0,S,69400,75000,879796,735722,
000089.SZ,000089,20251209,93000950,879799,0,0,S,69400,400,879796,736965,
000089.SZ,000089,20251209,93000950,879800,0,0,S,69400,300,879796,781619,
000089.SZ,000089,20251209,93000950,879801,0,0,S,69400,100,879796,789775,
000089.SZ,000089,20251209,93000950,879802,0,0,S,69400,200,879796,800643,
000089.SZ,000089,20251209,93000950,879803,0,0,S,69400,10000,879796,812840,
000089.SZ,000089,20251209,93000950,879804,0,0,S,69400,100,879796,829557,
000089.SZ,000089,20251209,93000950,879805,0,0,S,69400,1200,879796,838496,
000089.SZ,000089,20251209,93003160,1055554,0,0,B,69500,200,290113,1055553,
000089.SZ,000089,20251209,93004020,1098125,0,0,B,69500,100,290113,1098124,
000089.SZ,000089,20251209,93004020,1098633,0,0,B,69500,100,290113,1098632,
000089.SZ,000089,20251209,93004030,1098707,0,0,B,69500,100,290113,1098706,
000089.SZ,000089,20251209,93004030,1098887,0,0,B,69500,100,290113,1098886,
000089.SZ,000089,20251209,93004060,1101244,0,0,B,69500,100,290113,1101243,
000089.SZ,000089,20251209,93005430,1152173,C,0, ,0,20000,0,422595,
000089.SZ,000089,20251209,93006200,1174369,0,0,S,69400,300,1174368,838496,
000089.SZ,000089,20251209,93006440,1181201,0,0,B,69500,100,290113,1181200,
000089.SZ,000089,20251209,93007430,1208819,0,0,S,69400,100,1208818,838496,
000089.SZ,000089,20251209,93008040,1223231,0,0,S,69400,100,1223230,838496,
000089.SZ,000089,20251209,93008290,1226949,0,0,S,69400,200,1226948,838496,
000089.SZ,000089,20251209,93008300,1227023,0,0,S,69400,100,1227022,838496,
000089.SZ,000089,20251209,93008740,1233625,0,0,S,69400,3200,1233624,838496,
000089.SZ,000089,20251209,93008740,1233626,0,0,S,69400,100,1233624,839790,
000089.SZ,000089,20251209,93008740,1233627,0,0,S,69400,200,1233624,862832,
000089.SZ,000089,20251209,93008740,1233628,0,0,S,69400,100,1233624,862835,
000089.SZ,000089,20251209,93008740,1233629,0,0,S,69400,500,1233624,922807,
000089.SZ,000089,20251209,93008740,1233630,0,0,S,69400,300,1233624,946513,
000089.SZ,000089,20251209,93010090,1258174,0,0,S,69400,700,1258173,946513,
000089.SZ,000089,20251209,93010090,1258175,0,0,S,69400,700,1258173,946573,
000089.SZ,000089,20251209,93010090,1258176,0,0,S,69400,100,1258173,961157,
000089.SZ,000089,20251209,93010090,1258177,0,0,S,69400,700,1258173,964040,
000089.SZ,000089,20251209,93010090,1258178,0,0,S,69400,600,1258173,964353,
000089.SZ,000089,20251209,93010090,1258179,0,0,S,69400,300,1258173,976585,
000089.SZ,000089,20251209,93012430,1292918,0,0,S,69400,600,1292917,976585,
000089.SZ,000089,20251209,93015000,1329811,0,0,S,69400,200,1329810,976585,
000089.SZ,000089,20251209,93015000,1329813,0,0,S,69400,2100,1329812,976585,
000089.SZ,000089,20251209,93015000,1329815,0,0,S,69400,100,1329814,976585,
000089.SZ,000089,20251209,93015000,1329817,0,0,S,69400,100,1329816,976585,
000089.SZ,000089,20251209,93015000,1329819,0,0,S,69400,800,1329818,976585,
000089.SZ,000089,20251209,93015000,1329821,0,0,S,69400,300,1329820,976585,
000089.SZ,000089,20251209,93015000,1329825,0,0,S,69400,800,1329824,976585,
000089.SZ,000089,20251209,93015000,1329832,0,0,S,69400,100,1329831,976585,
000089.SZ,000089,20251209,93015000,1329834,0,0,S,69400,300,1329833,976585,
000089.SZ,000089,20251209,93015000,1329836,0,0,S,69400,2300,1329835,976585,
000089.SZ,000089,20251209,93015140,1331227,0,0,S,69400,400,1331226,976585,
000089.SZ,000089,20251209,93015240,1332802,0,0,S,69400,100,1332801,976585,
000089.SZ,000089,20251209,93015250,1332825,0,0,S,69400,100,1332824,976585,
000089.SZ,000089,20251209,93016830,1365045,0,0,S,69400,1400,1365044,976585,
000089.SZ,000089,20251209,93018160,1379805,0,0,S,69400,3100,1379804,976585,
000089.SZ,000089,20251209,93018160,1379806,0,0,S,69400,200,1379804,1043109,
000089.SZ,000089,20251209,93018160,1379807,0,0,S,69400,300,1379804,1163651,
000089.SZ,000089,20251209,93018160,1379808,0,0,S,69400,1400,1379804,1191602,
000089.SZ,000089,20251209,93018160,1379809,0,0,S,69400,100,1379804,1203040,
000089.SZ,000089,20251209,93018160,1379810,0,0,S,69400,100,1379804,1203044,
000089.SZ,000089,20251209,93018160,1379811,0,0,S,69400,100,1379804,1203074,
000089.SZ,000089,20251209,93018160,1379812,0,0,S,69400,100,1379804,1247149,
000089.SZ,000089,20251209,93021030,1421925,0,0,S,69400,200,1421924,1276101,
000089.SZ,000089,20251209,93021030,1421926,0,0,S,69400,800,1421924,1280213,
000089.SZ,000089,20251209,93021030,1421927,0,0,S,69400,100,1421924,1333287,
000089.SZ,000089,20251209,93021030,1421928,0,0,S,69400,100,1421924,1351432,
000089.SZ,000089,20251209,93021040,1422075,0,0,S,69400,700,1422074,1351432,
000089.SZ,000089,20251209,93021040,1422076,0,0,S,69400,100,1422074,1387756,
000089.SZ,000089,20251209,93021210,1424232,0,0,B,69400,100,1422074,1424231,
000089.SZ,000089,20251209,93021210,1424233,0,0,B,69400,700,1422457,1424231,
000089.SZ,000089,20251209,93021220,1424380,0,0,B,69400,400,1422457,1424379,
000089.SZ,000089,20251209,93021220,1424508,0,0,B,69400,400,1422457,1424507,
000089.SZ,000089,20251209,93021230,1424564,C,0, ,0,100,1038162,0,
000089.SZ,000089,20251209,93021260,1426140,0,0,B,69400,200,1422457,1426139,
000089.SZ,000089,20251209,93021360,1427539,C,0, ,0,100,1206789,0,
000089.SZ,000089,20251209,93021600,1433175,C,0, ,0,800,1076205,0,
000089.SZ,000089,20251209,93021660,1434383,C,0, ,0,1000,1241563,0,
000089.SZ,000089,20251209,93021660,1434384,C,0, ,0,1400,1241628,0,
000089.SZ,000089,20251209,93021710,1435025,C,0, ,0,100,1215761,0,
000089.SZ,000089,20251209,93021710,1435026,C,0, ,0,100,1390669,0,
000089.SZ,000089,20251209,93021710,1435135,C,0, ,0,1400,1241520,0,
000089.SZ,000089,20251209,93021710,1435148,C,0, ,0,100,1215826,0,
000089.SZ,000089,20251209,93021970,1439203,0,0,S,69300,900,1439202,88319,
000089.SZ,000089,20251209,93021970,1439204,0,0,S,69300,500,1439202,178953,
000089.SZ,000089,20251209,93022040,1440221,C,0, ,0,300,1223382,0,
000089.SZ,000089,20251209,93022040,1440223,C,0, ,0,100,1223269,0,
000089.SZ,000089,20251209,93022140,1441654,C,0, ,0,1200,1225515,0,
000089.SZ,000089,20251209,93022140,1441656,C,0, ,0,3700,1225520,0,
000089.SZ,000089,20251209,93022180,1442445,C,0, ,0,100,1225904,0,
000089.SZ,000089,20251209,93024160,1467918,0,0,S,69300,500,1467917,178953,
000089.SZ,000089,20251209,93024160,1467919,0,0,S,69300,500,1467917,180362,
000089.SZ,000089,20251209,93024160,1467958,0,0,S,69300,2200,1467957,180362,
000089.SZ,000089,20251209,93024730,1478768,C,0, ,0,100,1271900,0,
000089.SZ,000089,20251209,93025090,1484144,0,0,S,69300,800,1484143,180362,
000089.SZ,000089,20251209,93025090,1484149,0,0,S,69300,100,1484148,180362,
000089.SZ,000089,20251209,93025090,1484151,0,0,S,69300,1000,1484150,180362,
000089.SZ,000089,20251209,93025090,1484156,0,0,S,69300,2200,1484155,180362,
000089.SZ,000089,20251209,93025090,1484172,0,0,S,69300,3000,1484171,180362,
000089.SZ,000089,20251209,93025360,1488696,C,0, ,0,1300,1422597,0,
000089.SZ,000089,20251209,93025420,1489380,C,0, ,0,2500,1422457,0,
000089.SZ,000089,20251209,93027170,1510335,C,0, ,0,100,1424226,0,
000089.SZ,000089,20251209,93027210,1511160,0,0,B,69400,200,1424568,1511159,
000089.SZ,000089,20251209,93029310,1542964,C,0, ,0,900,1398259,0,
000089.SZ,000089,20251209,93029980,1551488,0,0,S,69300,100,1551487,180362,
000089.SZ,000089,20251209,93033230,1600942,0,0,S,69300,500,1600941,180362,
000089.SZ,000089,20251209,93033230,1601026,0,0,S,69300,100,1601025,180362,
000089.SZ,000089,20251209,93033460,1605173,0,0,S,69300,2500,1605172,180362,
000089.SZ,000089,20251209,93033480,1605388,0,0,S,69300,1300,1605387,180362,
000089.SZ,000089,20251209,93034800,1627131,0,0,S,69300,300,1627130,180362,
000089.SZ,000089,20251209,93040520,1723426,0,0,B,69400,300,1424568,1723425,
000089.SZ,000089,20251209,93040520,1723427,0,0,B,69400,700,1424569,1723425,
000089.SZ,000089,20251209,93042810,1764120,0,0,S,69300,200,1764119,180362,
000089.SZ,000089,20251209,93049260,1866368,0,0,B,69400,600,1424569,1866367,
000089.SZ,000089,20251209,93051160,1890672,0,0,S,69300,5000,1890671,180362,
000089.SZ,000089,20251209,93058680,1994183,0,0,S,69300,200,1994182,180362,
000089.SZ,000089,20251209,93100830,2027891,C,0, ,0,1000,0,1110328,
000089.SZ,000089,20251209,93102120,2050591,C,0, ,0,100,0,292122,
000089.SZ,000089,20251209,93103160,2065706,C,0, ,0,100,1553976,0,
000089.SZ,000089,20251209,93107930,2147152,C,0, ,0,4300,1334641,0,
000089.SZ,000089,20251209,93108970,2161354,C,0, ,0,200,1087113,0,
000089.SZ,000089,20251209,93115250,2246905,C,0, ,0,100,2115269,0,
000089.SZ,000089,20251209,93118530,2290169,C,0, ,0,500,0,265092,
000089.SZ,000089,20251209,93120470,2314138,0,0,S,69300,100,2314137,180362,
000089.SZ,000089,20251209,93124750,2364216,C,0, ,0,3000,890139,0,
000089.SZ,000089,20251209,93126220,2382052,0,0,B,69400,1600,1424569,2382051,
000089.SZ,000089,20251209,93136060,2497987,0,0,S,69300,400,2497986,180362,
000089.SZ,000089,20251209,93136420,2502385,0,0,B,69400,100,1424569,2502384,
000089.SZ,000089,20251209,93153930,2709517,0,0,S,69300,700,2709516,180362,
000089.SZ,000089,20251209,93155670,2731221,0,0,B,69400,700,1424570,2731220,
000089.SZ,000089,20251209,93201570,2803570,0,0,S,69300,100,2803569,180362,
000089.SZ,000089,20251209,93205330,2848094,0,0,S,69300,100,2848093,180362,
000089.SZ,000089,20251209,93206160,2856644,0,0,S,69300,100,2856643,180362,
000089.SZ,000089,20251209,93207260,2869608,C,0, ,0,3300,0,2458848,
000089.SZ,000089,20251209,93213070,2933609,C,0, ,0,2000,779960,0,
000089.SZ,000089,20251209,93223510,3056637,0,0,S,69300,1900,3056636,180362,
000089.SZ,000089,20251209,93225320,3074708,C,0, ,0,36300,0,352015,
000089.SZ,000089,20251209,93225650,3078121,0,0,B,69400,700,1424570,3078120,
000089.SZ,000089,20251209,93255680,3361935,0,0,B,69400,200,1424570,3361934,
000089.SZ,000089,20251209,93255680,3361936,0,0,B,69400,500,1424576,3361934,
000089.SZ,000089,20251209,93300300,3403014,0,0,S,69300,200,3403013,180362,
000089.SZ,000089,20251209,93301380,3415729,0,0,S,69300,100,3415728,180362,
000089.SZ,000089,20251209,93302830,3429487,C,0, ,0,10000,0,2024814,
000089.SZ,000089,20251209,93304740,3449039,0,0,B,69400,900,1424576,3449038,
000089.SZ,000089,20251209,93304740,3449040,0,0,B,69400,200,1424579,3449038,
000089.SZ,000089,20251209,93305290,3453501,0,0,S,69300,100,3453500,180362,
000089.SZ,000089,20251209,93306170,3460783,0,0,S,69300,100,3460782,180362,
000089.SZ,000089,20251209,93309150,3491287,C,0, ,0,100,2115196,0,
000089.SZ,000089,20251209,93309150,3491292,C,0, ,0,100,2115195,0,
000089.SZ,000089,20251209,93309150,3491309,C,0, ,0,200,2163829,0,
000089.SZ,000089,20251209,93312810,3529534,0,0,B,69400,1100,1424579,3529533,
000089.SZ,000089,20251209,93313450,3536577,C,0, ,0,5400,2686700,0,
000089.SZ,000089,20251209,93317420,3574252,0,0,S,69300,2500,3574251,180362,
000089.SZ,000089,20251209,93319370,3592760,0,0,B,69400,1600,1424579,3592759,
000089.SZ,000089,20251209,93325800,3650529,0,0,B,69400,700,1424579,3650528,
000089.SZ,000089,20251209,93327150,3660619,C,0, ,0,100,2356969,0,
000089.SZ,000089,20251209,93327910,3667553,0,0,B,69400,100,1433511,3667552,
000089.SZ,000089,20251209,93327910,3667554,0,0,B,69400,900,1439162,3667552,
000089.SZ,000089,20251209,93331030,3693854,C,0, ,0,3400,0,427880,
000089.SZ,000089,20251209,93331640,3699085,0,0,S,69300,100,3699084,180362,
000089.SZ,000089,20251209,93338050,3754262,C,0, ,0,4300,0,3629338,
000089.SZ,000089,20251209,93342380,3793886,0,0,B,69400,500,1439162,3793885,
000089.SZ,000089,20251209,93342380,3793887,0,0,B,69400,1000,1439275,3793885,
000089.SZ,000089,20251209,93342380,3793888,0,0,B,69400,100,1446021,3793885,
000089.SZ,000089,20251209,93342380,3793889,0,0,B,69400,100,1451799,3793885,
000089.SZ,000089,20251209,93342380,3793890,0,0,B,69400,400,1588459,3793885,
000089.SZ,000089,20251209,93342380,3793891,0,0,B,69400,400,1714200,3793885,
000089.SZ,000089,20251209,93344550,3814934,0,0,S,69300,700,3814933,180362,
000089.SZ,000089,20251209,93345210,3820069,0,0,S,69300,200,3820068,180362,
000089.SZ,000089,20251209,93355720,3914644,0,0,B,69400,100,1714200,3914643,
000089.SZ,000089,20251209,93355720,3914645,0,0,B,69400,600,1757927,3914643,
000089.SZ,000089,20251209,93355730,3914686,0,0,B,69400,600,1757927,3914685,
000089.SZ,000089,20251209,93355730,3914687,0,0,B,69400,100,1758520,3914685,
000089.SZ,000089,20251209,93355730,3914688,0,0,B,69400,100,1777266,3914685,
000089.SZ,000089,20251209,93357970,3932882,0,0,B,69400,100,1777266,3932881,
000089.SZ,000089,20251209,93403500,3986703,0,0,B,69400,300,1777267,3986702,
000089.SZ,000089,20251209,93403500,3986704,0,0,B,69400,100,1777274,3986702,
000089.SZ,000089,20251209,93403770,3989087,0,0,B,69400,600,1777274,3989086,
000089.SZ,000089,20251209,93404760,3998473,C,0, ,0,1500,0,755613,
000089.SZ,000089,20251209,93406140,4009690,0,0,S,69300,500,4009689,180362,
000089.SZ,000089,20251209,93407100,4017616,C,0, ,0,3400,0,3869133,
000089.SZ,000089,20251209,93409730,4041466,0,0,B,69400,100,1779968,4041465,
000089.SZ,000089,20251209,93409730,4041467,0,0,B,69400,100,1860009,4041465,
000089.SZ,000089,20251209,93409730,4041468,0,0,B,69400,900,2082183,4041465,
000089.SZ,000089,20251209,93409730,4041469,0,0,B,69400,100,2115117,4041465,
000089.SZ,000089,20251209,93409730,4041470,0,0,B,69400,2000,2145614,4041465,
000089.SZ,000089,20251209,93409730,4041471,0,0,B,69400,300,2148644,4041465,
000089.SZ,000089,20251209,93409790,4041882,0,0,B,69400,2100,2148644,4041881,
000089.SZ,000089,20251209,93413890,4078236,0,0,B,69400,1900,2148644,4078235,
000089.SZ,000089,20251209,93413890,4078237,0,0,B,69400,200,2162137,4078235,
000089.SZ,000089,20251209,93413890,4078238,0,0,B,69400,1000,2322768,4078235,
000089.SZ,000089,20251209,93413890,4078239,0,0,B,69400,300,2322837,4078235,
000089.SZ,000089,20251209,93414080,4079840,0,0,S,69300,400,4079839,180362,
000089.SZ,000089,20251209,93417870,4110209,0,0,B,69400,1000,2322837,4110208,
000089.SZ,000089,20251209,93419540,4124150,0,0,B,69400,2600,2322837,4124149,
000089.SZ,000089,20251209,93419540,4124151,0,0,B,69400,800,2322880,4124149,
000089.SZ,000089,20251209,93419540,4124152,0,0,B,69400,2500,2323150,4124149,
000089.SZ,000089,20251209,93419540,4124153,0,0,B,69400,500,2323242,4124149,
000089.SZ,000089,20251209,93419540,4124154,0,0,B,69400,500,2323316,4124149,
000089.SZ,000089,20251209,93421150,4136435,0,0,B,69400,500,2323316,4136434,
000089.SZ,000089,20251209,93421150,4136436,0,0,B,69400,500,2323753,4136434,
000089.SZ,000089,20251209,93421150,4136438,0,0,B,69400,200,2323753,4136437,
000089.SZ,000089,20251209,93421150,4136439,0,0,B,69400,100,2323873,4136437,
000089.SZ,000089,20251209,93421150,4136441,0,0,B,69400,100,2323873,4136440,
000089.SZ,000089,20251209,93421150,4136483,0,0,B,69400,500,2323873,4136482,
000089.SZ,000089,20251209,93421160,4136562,0,0,B,69400,200,2323873,4136561,
000089.SZ,000089,20251209,93421160,4136563,0,0,B,69400,400,2326152,4136561,
000089.SZ,000089,20251209,93422420,4146348,0,0,B,69400,200,2326152,4146347,
000089.SZ,000089,20251209,93422420,4146349,0,0,B,69400,600,2332585,4146347,
000089.SZ,000089,20251209,93425700,4171140,0,0,B,69400,200,2332585,4171139,
000089.SZ,000089,20251209,93425700,4171141,0,0,B,69400,100,2341543,4171139,
000089.SZ,000089,20251209,93425700,4171142,0,0,B,69400,100,2596623,4171139,
000089.SZ,000089,20251209,93425700,4171143,0,0,B,69400,100,2666090,4171139,
000089.SZ,000089,20251209,93425700,4171144,0,0,B,69400,200,2715751,4171139,
000089.SZ,000089,20251209,93448060,4336484,0,0,B,69400,4400,2715751,4336483,
000089.SZ,000089,20251209,93449630,4348985,C,0, ,0,700,2840417,0,
000089.SZ,000089,20251209,93453550,4376918,0,0,S,69300,100,4376917,180362,
000089.SZ,000089,20251209,93453830,4378591,C,0, ,0,3300,0,2777672,
000089.SZ,000089,20251209,93454840,4385480,C,0, ,0,3000,0,2611048,
000089.SZ,000089,20251209,93455730,4392541,0,0,B,69400,700,2715751,4392540,
000089.SZ,000089,20251209,93503220,4455370,C,0, ,0,2000,3075970,0,
000089.SZ,000089,20251209,93505280,4476270,C,0, ,0,5000,0,3986289,
000089.SZ,000089,20251209,93507240,4495907,C,0, ,0,100,1178480,0,
000089.SZ,000089,20251209,93508170,4505238,C,0, ,0,100,1314445,0,
000089.SZ,000089,20251209,93508200,4505652,C,0, ,0,100,1179639,0,
000089.SZ,000089,20251209,93508330,4506886,C,0, ,0,100,1229977,0,
000089.SZ,000089,20251209,93508430,4507848,C,0, ,0,100,1290488,0,
000089.SZ,000089,20251209,93508650,4509596,C,0, ,0,100,1178792,0,
000089.SZ,000089,20251209,93509240,4514634,0,0,B,69400,100,2715751,4514633,
000089.SZ,000089,20251209,93509690,4520557,C,0, ,0,100,1237672,0,
000089.SZ,000089,20251209,93510360,4527982,0,0,B,69400,100,2715751,4527981,
000089.SZ,000089,20251209,93511950,4543113,C,0, ,0,100,1241948,0,
000089.SZ,000089,20251209,93511970,4543239,C,0, ,0,300,1241949,0,
000089.SZ,000089,20251209,93512000,4543555,0,0,S,69300,100,4543554,180362,
000089.SZ,000089,20251209,93512540,4549484,C,0, ,0,100,4298279,0,
000089.SZ,000089,20251209,93512550,4549559,0,0,S,69300,100,4549558,180362,
000089.SZ,000089,20251209,93514710,4571635,0,0,B,69400,24500,2715751,4571634,
000089.SZ,000089,20251209,93514710,4571636,0,0,B,69400,1600,2736137,4571634,
000089.SZ,000089,20251209,93514710,4571637,0,0,B,69400,100,2938071,4571634,
000089.SZ,000089,20251209,93514710,4571638,0,0,B,69400,800,3153487,4571634,
000089.SZ,000089,20251209,93514710,4571639,0,0,B,69400,100,3319095,4571634,
000089.SZ,000089,20251209,93514710,4571640,0,0,B,69400,100,3589957,4571634,
000089.SZ,000089,20251209,93514710,4571641,0,0,B,69400,1200,3600098,4571634,
000089.SZ,000089,20251209,93514710,4571642,0,0,B,69400,100,3633181,4571634,
000089.SZ,000089,20251209,93514710,4571643,0,0,B,69400,100,3660625,4571634,
000089.SZ,000089,20251209,93514710,4571644,0,0,B,69400,100,3671749,4571634,
000089.SZ,000089,20251209,93514710,4571645,0,0,B,69400,200,3818020,4571634,
000089.SZ,000089,20251209,93514710,4571646,0,0,B,69400,100,3916016,4571634,
000089.SZ,000089,20251209,93514710,4571647,0,0,B,69400,100,3933106,4571634,
000089.SZ,000089,20251209,93514710,4571648,0,0,B,69400,100,3988863,4571634,
000089.SZ,000089,20251209,93514710,4571649,0,0,B,69400,100,4166885,4571634,
000089.SZ,000089,20251209,93514710,4571650,0,0,B,69400,1800,4169942,4571634,
000089.SZ,000089,20251209,93514710,4571651,0,0,B,69400,800,4188553,4571634,
000089.SZ,000089,20251209,93514710,4571652,0,0,B,69400,100,4203390,4571634,
000089.SZ,000089,20251209,93514710,4571653,0,0,B,69400,100,4215850,4571634,
000089.SZ,000089,20251209,93514710,4571654,0,0,B,69400,300,4233047,4571634,
000089.SZ,000089,20251209,93514710,4571655,0,0,B,69400,100,4259090,4571634,
000089.SZ,000089,20251209,93514710,4571656,0,0,B,69400,100,4351283,4571634,
000089.SZ,000089,20251209,93514710,4571657,0,0,B,69400,200,4369419,4571634,
000089.SZ,000089,20251209,93514710,4571658,0,0,B,69400,400,4429451,4571634,
000089.SZ,000089,20251209,93514710,4571659,0,0,B,69400,100,4429945,4571634,
000089.SZ,000089,20251209,93514710,4571660,0,0,B,69400,100,4431950,4571634,
000089.SZ,000089,20251209,93514710,4571661,0,0,B,69400,100,4514479,4571634,
000089.SZ,000089,20251209,93514710,4571662,0,0,B,69400,100,4514556,4571634,
000089.SZ,000089,20251209,93514710,4571663,0,0,B,69400,100,4514565,4571634,
000089.SZ,000089,20251209,93514710,4571664,0,0,B,69400,100,4514734,4571634,
000089.SZ,000089,20251209,93514710,4571665,0,0,B,69400,100,4514815,4571634,
000089.SZ,000089,20251209,93514710,4571666,0,0,B,69400,100,4515083,4571634,
000089.SZ,000089,20251209,93514710,4571667,0,0,B,69400,200,4515259,4571634,
000089.SZ,000089,20251209,93514710,4571668,0,0,B,69400,300,4545812,4571634,
000089.SZ,000089,20251209,93514710,4571669,0,0,B,69400,100,4545857,4571634,
000089.SZ,000089,20251209,93514710,4571670,0,0,B,69400,100,4545906,4571634,
000089.SZ,000089,20251209,93514710,4571671,0,0,B,69400,100,4546478,4571634,
000089.SZ,000089,20251209,93514760,4572295,0,0,S,69400,1500,4572294,4571634,
000089.SZ,000089,20251209,93514780,4572461,0,0,S,69400,100,4572460,4571634,
000089.SZ,000089,20251209,93514780,4572463,0,0,S,69400,100,4572462,4571634,
000089.SZ,000089,20251209,93514780,4572572,0,0,S,69400,3700,4572571,4571634,
000089.SZ,000089,20251209,93514800,4572653,0,0,S,69400,1400,4572652,4571634,
000089.SZ,000089,20251209,93514800,4572657,0,0,S,69400,800,4572656,4571634,
000089.SZ,000089,20251209,93514800,4572664,0,0,S,69400,100,4572663,4571634,
000089.SZ,000089,20251209,93514800,4572666,0,0,S,69400,100,4572665,4571634,
000089.SZ,000089,20251209,93514800,4572668,0,0,S,69400,100,4572667,4571634,
000089.SZ,000089,20251209,93514800,4572718,0,0,S,69400,900,4572717,4571634,
000089.SZ,000089,20251209,93514800,4572720,0,0,S,69400,900,4572719,4571634,
000089.SZ,000089,20251209,93514810,4572796,0,0,S,69400,100,4572795,4571634,
000089.SZ,000089,20251209,93515010,4574587,0,0,S,69400,100,4574586,4571634,
000089.SZ,000089,20251209,93515010,4574600,0,0,S,69400,100,4574599,4571634,
000089.SZ,000089,20251209,93515010,4574607,0,0,S,69400,100,4574606,4571634,
000089.SZ,000089,20251209,93515010,4574611,0,0,S,69400,100,4574610,4571634,
000089.SZ,000089,20251209,93515020,4574660,0,0,S,69400,100,4574659,4571634,
000089.SZ,000089,20251209,93515020,4574663,0,0,S,69400,100,4574662,4571634,
000089.SZ,000089,20251209,93515020,4574665,0,0,S,69400,100,4574664,4571634,
000089.SZ,000089,20251209,93515020,4574675,0,0,S,69400,100,4574674,4571634,
000089.SZ,000089,20251209,93515030,4574773,C,0, ,0,400,0,2432753,
000089.SZ,000089,20251209,93515060,4575311,C,0, ,0,400,0,2433299,
000089.SZ,000089,20251209,93515150,4576224,0,0,S,69400,100,4576223,4571634,
000089.SZ,000089,20251209,93515150,4576267,0,0,S,69400,100,4576266,4571634,
000089.SZ,000089,20251209,93515160,4576317,0,0,S,69400,100,4576316,4571634,
000089.SZ,000089,20251209,93515260,4577779,C,0, ,0,800,0,3952351,
000089.SZ,000089,20251209,93515740,4583977,C,0, ,0,200,0,3306787,
000089.SZ,000089,20251209,93515810,4584765,0,0,S,69400,1400,4584764,4571634,
000089.SZ,000089,20251209,93515810,4584780,0,0,S,69400,1000,4584779,4571634,
000089.SZ,000089,20251209,93515810,4584797,0,0,S,69400,1100,4584796,4571634,
000089.SZ,000089,20251209,93515810,4584826,C,0, ,0,700,0,2078104,
000089.SZ,000089,20251209,93515870,4585308,0,0,S,69400,200,4585307,4571634,
000089.SZ,000089,20251209,93515880,4585320,0,0,S,69400,400,4585319,4571634,
000089.SZ,000089,20251209,93515880,4585341,0,0,S,69400,200,4585340,4571634,
000089.SZ,000089,20251209,93515880,4585342,0,0,S,69400,300,4585340,4576269,
000089.SZ,000089,20251209,93515880,4585343,0,0,S,69400,100,4585340,4576272,
000089.SZ,000089,20251209,93515880,4585344,0,0,S,69400,100,4585340,4576273,
000089.SZ,000089,20251209,93515880,4585345,0,0,S,69400,100,4585340,4576274,
000089.SZ,000089,20251209,93515880,4585346,0,0,S,69400,100,4585340,4576296,
000089.SZ,000089,20251209,93515880,4585347,0,0,S,69400,1000,4585340,4577765,
000089.SZ,000089,20251209,93515910,4585696,0,0,B,69400,900,4585340,4585695,
000089.SZ,000089,20251209,93515980,4586271,C,0, ,0,100,0,4351311,
000089.SZ,000089,20251209,93516030,4586776,0,0,B,69400,100,4585340,4586775,
000089.SZ,000089,20251209,93516170,4588136,C,0, ,0,100,0,2082956,
000089.SZ,000089,20251209,93516170,4588137,C,0, ,0,500,0,2082959,
000089.SZ,000089,20251209,93516690,4593107,C,0, ,0,100,1120790,0,
000089.SZ,000089,20251209,93517460,4599151,0,0,B,69400,600,4585340,4599150,
000089.SZ,000089,20251209,93517460,4599152,0,0,B,69400,300,4585396,4599150,
000089.SZ,000089,20251209,93517460,4599153,0,0,B,69400,1200,4587417,4599150,
000089.SZ,000089,20251209,93517460,4599154,0,0,B,69400,800,4592565,4599150,
000089.SZ,000089,20251209,93518610,4608097,C,0, ,0,100,4592401,0,
000089.SZ,000089,20251209,93520520,4622843,C,0, ,0,1900,1373172,0,
000089.SZ,000089,20251209,93522120,4634817,0,0,B,69400,100,4592565,4634816,
000089.SZ,000089,20251209,93522190,4635391,C,0, ,0,100,4593174,0,
000089.SZ,000089,20251209,93522190,4635394,C,0, ,0,100,4593108,0,
000089.SZ,000089,20251209,93522270,4636127,0,0,S,69300,5000,4636126,180362,
000089.SZ,000089,20251209,93522280,4636189,0,0,B,69400,100,4592565,4636188,
000089.SZ,000089,20251209,93525750,4662599,0,0,B,69400,700,4592565,4662598,
000089.SZ,000089,20251209,93526580,4668233,C,0, ,0,300,0,895663,
000089.SZ,000089,20251209,93529980,4694312,0,0,S,69300,46400,4694311,180362,
000089.SZ,000089,20251209,93529990,4694359,C,0, ,0,12600,0,4593078,
000089.SZ,000089,20251209,93539480,4775011,C,0, ,0,5000,0,4571985,
000089.SZ,000089,20251209,93554540,4918446,C,0, ,0,100000,0,503549,
000089.SZ,000089,20251209,93555820,4929446,0,0,B,69400,700,4592565,4929445,
000089.SZ,000089,20251209,93556210,4932740,0,0,S,69300,100,4932739,180362,
000089.SZ,000089,20251209,93601790,4987782,0,0,B,69400,100,4592565,4987781,
000089.SZ,000089,20251209,93603580,5005055,C,0, ,0,1000,0,4398539,
000089.SZ,000089,20251209,93604310,5012045,C,0, ,0,19700,4811598,0,
000089.SZ,000089,20251209,93604830,5016543,C,0, ,0,16000,4374909,0,
000089.SZ,000089,20251209,93605540,5023262,0,0,S,69300,1100,5023261,180362,
000089.SZ,000089,20251209,93606190,5028698,0,0,S,69300,4100,5028697,180362,
000089.SZ,000089,20251209,93609010,5054543,0,0,S,69300,14700,5054542,180362,
000089.SZ,000089,20251209,93609010,5054544,0,0,S,69300,9800,5054542,336860,
000089.SZ,000089,20251209,93609100,5055542,0,0,B,69400,100,4593065,5055541,
000089.SZ,000089,20251209,93609150,5055820,C,0, ,0,800,4593065,0,
000089.SZ,000089,20251209,93609540,5061321,0,0,S,69300,200,5061320,336860,
000089.SZ,000089,20251209,93609540,5061322,0,0,S,69300,700,5061320,446244,
000089.SZ,000089,20251209,93609540,5061323,0,0,S,69300,5000,5061320,690776,
000089.SZ,000089,20251209,93609540,5061324,0,0,S,69300,100,5061320,879865,
000089.SZ,000089,20251209,93610930,5076949,0,0,B,69400,200,4600823,5076948,
000089.SZ,000089,20251209,93610930,5076950,0,0,B,69400,100,4607159,5076948,
000089.SZ,000089,20251209,93610930,5076951,0,0,B,69400,800,4609204,5076948,
000089.SZ,000089,20251209,93611620,5083519,0,0,S,69300,100,5083518,879865,
000089.SZ,000089,20251209,93611620,5083520,0,0,S,69300,700,5083518,956350,
000089.SZ,000089,20251209,93611660,5083853,0,0,B,69400,1200,4609204,5083852,
000089.SZ,000089,20251209,93611660,5083854,0,0,B,69400,100,4627917,5083852,
000089.SZ,000089,20251209,93611660,5083855,0,0,B,69400,200,4633744,5083852,
000089.SZ,000089,20251209,93611660,5083856,0,0,B,69400,1100,4635253,5083852,
000089.SZ,000089,20251209,93611660,5083857,0,0,B,69400,100,4635455,5083852,
000089.SZ,000089,20251209,93611660,5083858,0,0,B,69400,200,4642898,5083852,
000089.SZ,000089,20251209,93611660,5083859,0,0,B,69400,1200,4645550,5083852,
000089.SZ,000089,20251209,93611660,5083860,0,0,B,69400,200,4650013,5083852,
000089.SZ,000089,20251209,93611660,5083861,0,0,B,69400,400,4650161,5083852,
000089.SZ,000089,20251209,93611660,5083862,0,0,B,69400,400,4650322,5083852,
000089.SZ,000089,20251209,93611660,5083863,0,0,B,69400,100,4656363,5083852,
000089.SZ,000089,20251209,93611660,5083864,0,0,B,69400,100,4656635,5083852,
000089.SZ,000089,20251209,93611660,5083865,0,0,B,69400,1000,4701765,5083852,
000089.SZ,000089,20251209,93611660,5083866,0,0,B,69400,100,4702389,5083852,
000089.SZ,000089,20251209,93611660,5083867,0,0,B,69400,100,4715167,5083852,
000089.SZ,000089,20251209,93611660,5083868,0,0,B,69400,400,4728770,5083852,
000089.SZ,000089,20251209,93611660,5083869,0,0,B,69400,100,4940254,5083852,
000089.SZ,000089,20251209,93611660,5083870,0,0,B,69400,100,5055736,5083852,
000089.SZ,000089,20251209,93611660,5083871,0,0,B,69400,200,5055789,5083852,
000089.SZ,000089,20251209,93611660,5083872,0,0,B,69400,200,5066581,5083852,
000089.SZ,000089,20251209,93611660,5083873,0,0,B,69400,100,5073926,5083852,
000089.SZ,000089,20251209,93617340,5134402,0,0,B,69400,100,5085602,5134401,
000089.SZ,000089,20251209,93617340,5134403,0,0,B,69400,100,5090387,5134401,
000089.SZ,000089,20251209,93618190,5140352,0,0,B,69400,100,5091096,5140351,
000089.SZ,000089,20251209,93625680,5207778,0,0,B,69400,200,5099356,5207777,
000089.SZ,000089,20251209,93636030,5289175,0,0,B,69400,700,5152313,5289174,
000089.SZ,000089,20251209,93636030,5289176,0,0,B,69400,100,5166115,5289174,
000089.SZ,000089,20251209,93636030,5289177,0,0,B,69400,1700,5187439,5289174,
000089.SZ,000089,20251209,93636030,5289178,0,0,B,69400,100,5194611,5289174,
000089.SZ,000089,20251209,93636030,5289179,0,0,B,69400,100,5231184,5289174,
000089.SZ,000089,20251209,93642650,5337519,0,0,B,69400,100,5231184,5337518,
000089.SZ,000089,20251209,93646200,5364368,0,0,B,69400,100,5231184,5364367,
000089.SZ,000089,20251209,93659910,5466566,C,0, ,0,12600,0,5084027,
000089.SZ,000089,20251209,93701420,5481786,0,0,S,69300,300,5481785,956350,
000089.SZ,000089,20251209,93702180,5490326,0,0,S,69300,100,5490325,956350,
000089.SZ,000089,20251209,93702920,5497324,0,0,S,69300,300,5497323,956350,
000089.SZ,000089,20251209,93702940,5497450,0,0,S,69300,1000,5497449,956350,
000089.SZ,000089,20251209,93703010,5497907,0,0,S,69300,100,5497906,956350,
000089.SZ,000089,20251209,93706320,5528229,C,0, ,0,1000,0,4595318,
000089.SZ,000089,20251209,93706520,5529915,0,0,B,69400,400,5231184,5529914,
000089.SZ,000089,20251209,93706520,5529916,0,0,B,69400,300,5284337,5529914,
000089.SZ,000089,20251209,93712190,5573923,0,0,B,69400,1000,5284337,5573922,
000089.SZ,000089,20251209,93714490,5593736,C,0, ,0,5000,1014787,0,
000089.SZ,000089,20251209,93716210,5608231,0,0,B,69400,100,5284337,5608230,
000089.SZ,000089,20251209,93717780,5620173,C,0, ,0,3000,196482,0,
000089.SZ,000089,20251209,93720480,5640031,C,0, ,0,1700,690833,0,
000089.SZ,000089,20251209,93724320,5665930,0,0,S,69300,800,5665929,956350,
000089.SZ,000089,20251209,93724950,5671058,C,0, ,0,400,5615304,0,
000089.SZ,000089,20251209,93725960,5678142,C,0, ,0,800,0,4434232,
000089.SZ,000089,20251209,93727210,5686359,C,0, ,0,300,5085556,0,
000089.SZ,000089,20251209,93727210,5686360,C,0, ,0,300,5085557,0,
000089.SZ,000089,20251209,93727210,5686361,C,0, ,0,600,5085564,0,
000089.SZ,000089,20251209,93727210,5686362,C,0, ,0,13600,5085561,0,
000089.SZ,000089,20251209,93727210,5686365,C,0, ,0,300,5085565,0,
000089.SZ,000089,20251209,93727210,5686366,C,0, ,0,300,5085558,0,
000089.SZ,000089,20251209,93727210,5686367,C,0, ,0,200,5085562,0,
000089.SZ,000089,20251209,93727210,5686368,C,0, ,0,2100,5085559,0,
000089.SZ,000089,20251209,93727210,5686369,C,0, ,0,3200,5085560,0,
000089.SZ,000089,20251209,93727210,5686370,C,0, ,0,700,5085566,0,
000089.SZ,000089,20251209,93727210,5686371,C,0, ,0,1000,5085568,0,
000089.SZ,000089,20251209,93727210,5686372,C,0, ,0,400,5085576,0,
000089.SZ,000089,20251209,93727210,5686374,C,0, ,0,300,5085574,0,
000089.SZ,000089,20251209,93727210,5686375,C,0, ,0,500,5085573,0,
000089.SZ,000089,20251209,93727210,5686376,C,0, ,0,1600,5085579,0,
000089.SZ,000089,20251209,93727210,5686377,C,0, ,0,800,5085571,0,
000089.SZ,000089,20251209,93727210,5686378,C,0, ,0,500,5085570,0,
000089.SZ,000089,20251209,93727210,5686379,C,0, ,0,2400,5085567,0,
000089.SZ,000089,20251209,93727210,5686380,C,0, ,0,400,5085569,0,
000089.SZ,000089,20251209,93727210,5686381,C,0, ,0,300,5085572,0,
000089.SZ,000089,20251209,93727210,5686382,C,0, ,0,2600,5085575,0,
000089.SZ,000089,20251209,93727210,5686383,C,0, ,0,700,5085580,0,
000089.SZ,000089,20251209,93727210,5686384,C,0, ,0,100,5085578,0,
000089.SZ,000089,20251209,93727220,5686450,C,0, ,0,100,5059890,0,
000089.SZ,000089,20251209,93727230,5686512,C,0, ,0,900,5060537,0,
000089.SZ,000089,20251209,93727230,5686513,C,0, ,0,300,5085662,0,
000089.SZ,000089,20251209,93727230,5686530,C,0, ,0,3700,5085679,0,
000089.SZ,000089,20251209,93727230,5686532,C,0, ,0,400,5085683,0,
000089.SZ,000089,20251209,93727270,5686854,0,0,S,69300,500,5686853,956350,
000089.SZ,000089,20251209,93728870,5698828,C,0, ,0,400,5684817,0,
000089.SZ,000089,20251209,93733160,5731322,0,0,S,69300,100,5731321,956350,
000089.SZ,000089,20251209,93736680,5760008,C,0, ,0,100,0,1497793,
000089.SZ,000089,20251209,93740150,5784626,C,0, ,0,300,0,1508023,
000089.SZ,000089,20251209,93741830,5796593,C,0, ,0,400,0,5400668,
000089.SZ,000089,20251209,93745040,5820392,C,0, ,0,7400,0,4699523,
000089.SZ,000089,20251209,93747690,5841444,0,0,S,69300,700,5841443,956350,
000089.SZ,000089,20251209,93747810,5842167,C,0, ,0,100,0,1659438,
000089.SZ,000089,20251209,93748670,5847703,0,0,B,69400,100,5284337,5847702,
000089.SZ,000089,20251209,93751150,5865843,C,0, ,0,100,0,4337315,
000089.SZ,000089,20251209,93751150,5865844,C,0, ,0,100,0,4398593,
000089.SZ,000089,20251209,93751150,5865845,C,0, ,0,200,0,4203388,
000089.SZ,000089,20251209,93757040,5906074,C,0, ,0,100,0,1984455,
000089.SZ,000089,20251209,93757160,5906841,0,0,B,69400,300,5284337,5906840,
000089.SZ,000089,20251209,93759830,5926262,0,0,B,69400,100,5284337,5926261,
000089.SZ,000089,20251209,93800110,5928095,C,0, ,0,200,0,1899413,
000089.SZ,000089,20251209,93800230,5929208,0,0,B,69400,100,5284337,5929207,
000089.SZ,000089,20251209,93805670,5981426,C,0, ,0,200,0,2044497,
000089.SZ,000089,20251209,93810880,6020768,C,0, ,0,500,0,2965000,
000089.SZ,000089,20251209,93812820,6034777,C,0, ,0,100,0,2119496,
000089.SZ,000089,20251209,93813000,6035993,C,0, ,0,300,0,1854873,
000089.SZ,000089,20251209,93816060,6058381,0,0,B,69400,100,5284337,6058380,
000089.SZ,000089,20251209,93816110,6058699,0,0,B,69400,200,5284337,6058698,
000089.SZ,000089,20251209,93816200,6059335,0,0,B,69400,100,5284337,6059334,
000089.SZ,000089,20251209,93819400,6084864,C,0, ,0,100,0,2300180,
000089.SZ,000089,20251209,93821810,6103452,0,0,B,69400,900,5284337,6103451,
000089.SZ,000089,20251209,93821810,6103453,0,0,B,69400,800,5487722,6103451,
000089.SZ,000089,20251209,93821810,6103454,0,0,B,69400,700,5487723,6103451,
000089.SZ,000089,20251209,93821810,6103455,0,0,B,69400,300,5487724,6103451,
000089.SZ,000089,20251209,93821810,6103456,0,0,B,69400,200,5487726,6103451,
000089.SZ,000089,20251209,93821810,6103457,0,0,B,69400,1900,5487736,6103451,
000089.SZ,000089,20251209,93821810,6103458,0,0,B,69400,400,5487739,6103451,
000089.SZ,000089,20251209,93821810,6103459,0,0,B,69400,300,5487743,6103451,
000089.SZ,000089,20251209,93821810,6103460,0,0,B,69400,400,5487775,6103451,
000089.SZ,000089,20251209,93821810,6103461,0,0,B,69400,800,5497369,6103451,
000089.SZ,000089,20251209,93821810,6103462,0,0,B,69400,22600,5497476,6103451,
000089.SZ,000089,20251209,93821810,6103463,0,0,B,69400,100,5503912,6103451,
000089.SZ,000089,20251209,93821810,6103464,0,0,B,69400,200,5507305,6103451,
000089.SZ,000089,20251209,93821810,6103465,0,0,B,69400,5000,5508770,6103451,
000089.SZ,000089,20251209,93821810,6103466,0,0,B,69400,100,5514792,6103451,
000089.SZ,000089,20251209,93821810,6103467,0,0,B,69400,300,5518086,6103451,
000089.SZ,000089,20251209,93821810,6103468,0,0,B,69400,900,5575427,6103451,
000089.SZ,000089,20251209,93821810,6103469,0,0,B,69400,100,5590485,6103451,
000089.SZ,000089,20251209,93821810,6103470,0,0,B,69400,10000,5605240,6103451,
000089.SZ,000089,20251209,93821810,6103471,0,0,B,69400,100,5608302,6103451,
000089.SZ,000089,20251209,93821810,6103472,0,0,B,69400,1500,5647468,6103451,
000089.SZ,000089,20251209,93821810,6103473,0,0,B,69400,18500,5656363,6103451,
000089.SZ,000089,20251209,93821810,6103474,0,0,B,69400,500,5656482,6103451,
000089.SZ,000089,20251209,93821810,6103475,0,0,B,69400,100,5665854,6103451,
000089.SZ,000089,20251209,93821810,6103476,0,0,B,69400,12600,5666014,6103451,
000089.SZ,000089,20251209,93821810,6103477,0,0,B,69400,4700,5676263,6103451,
000089.SZ,000089,20251209,93821810,6103478,0,0,B,69400,500,5687450,6103451,
000089.SZ,000089,20251209,93821810,6103479,0,0,B,69400,300,5687451,6103451,
000089.SZ,000089,20251209,93821810,6103480,0,0,B,69400,300,5687452,6103451,
000089.SZ,000089,20251209,93821810,6103481,0,0,B,69400,200,5687453,6103451,
000089.SZ,000089,20251209,93821810,6103482,0,0,B,69400,400,5687454,6103451,
000089.SZ,000089,20251209,93821810,6103483,0,0,B,69400,1200,5687455,6103451,
000089.SZ,000089,20251209,93821810,6103484,0,0,B,69400,2400,5687457,6103451,
000089.SZ,000089,20251209,93821810,6103485,0,0,B,69400,600,5687458,6103451,
000089.SZ,000089,20251209,93821810,6103486,0,0,B,69400,2100,5687459,6103451,
000089.SZ,000089,20251209,93821810,6103487,0,0,B,69400,300,5687460,6103451,
000089.SZ,000089,20251209,93821810,6103488,0,0,B,69400,500,5687461,6103451,
000089.SZ,000089,20251209,93821810,6103489,0,0,B,69400,2900,5687462,6103451,
000089.SZ,000089,20251209,93821810,6103490,0,0,B,69400,500,5687463,6103451,
000089.SZ,000089,20251209,93821810,6103491,0,0,B,69400,100,5687464,6103451,
000089.SZ,000089,20251209,93821810,6103492,0,0,B,69400,400,5687465,6103451,
000089.SZ,000089,20251209,93821810,6103493,0,0,B,69400,400,5687467,6103451,
000089.SZ,000089,20251209,93821810,6103494,0,0,B,69400,200,5687468,6103451,
000089.SZ,000089,20251209,93821810,6103495,0,0,B,69400,300,5687469,6103451,
000089.SZ,000089,20251209,93821810,6103496,0,0,B,69400,1900,5687470,6103451,
000089.SZ,000089,20251209,93821810,6103497,0,0,B,69400,500,5687471,6103451,
000089.SZ,000089,20251209,93821810,6103498,0,0,B,69400,1700,5687472,6103451,
000089.SZ,000089,20251209,93821810,6103499,0,0,B,69400,500,5687473,6103451,
000089.SZ,000089,20251209,93821810,6103500,0,0,B,69400,1800,5687474,6103451,
000089.SZ,000089,20251209,93821810,6103501,0,0,B,69400,300,5687475,6103451,
000089.SZ,000089,20251209,93821810,6103502,0,0,B,69400,500,5687476,6103451,
000089.SZ,000089,20251209,93821810,6103503,0,0,B,69400,200,5687477,6103451,
000089.SZ,000089,20251209,93821810,6103504,0,0,B,69400,2900,5687482,6103451,
000089.SZ,000089,20251209,93821810,6103505,0,0,B,69400,500,5687483,6103451,
000089.SZ,000089,20251209,93821810,6103506,0,0,B,69400,1200,5687484,6103451,
000089.SZ,000089,20251209,93821810,6103507,0,0,B,69400,100,5687488,6103451,
000089.SZ,000089,20251209,93821810,6103508,0,0,B,69400,400,5687489,6103451,
000089.SZ,000089,20251209,93821810,6103509,0,0,B,69400,300,5687490,6103451,
000089.SZ,000089,20251209,93821810,6103510,0,0,B,69400,100,5687491,6103451,
000089.SZ,000089,20251209,93821810,6103511,0,0,B,69400,3500,5687492,6103451,
000089.SZ,000089,20251209,93821810,6103512,0,0,B,69400,900,5687494,6103451,
000089.SZ,000089,20251209,93821810,6103513,0,0,B,69400,400,5687495,6103451,
000089.SZ,000089,20251209,93821810,6103514,0,0,B,69400,400,5687512,6103451,
000089.SZ,000089,20251209,93821810,6103515,0,0,B,69400,300,5687574,6103451,
000089.SZ,000089,20251209,93821810,6103516,0,0,B,69400,2700,5687689,6103451,
000089.SZ,000089,20251209,93821810,6103517,0,0,B,69400,1900,5687706,6103451,
000089.SZ,000089,20251209,93821810,6103518,0,0,B,69400,1700,5687707,6103451,
000089.SZ,000089,20251209,93821810,6103519,0,0,B,69400,300,5687844,6103451,
000089.SZ,000089,20251209,93821810,6103520,0,0,B,69400,100,5693115,6103451,
000089.SZ,000089,20251209,93821810,6103521,0,0,B,69400,8100,5693606,6103451,
000089.SZ,000089,20251209,93821810,6103579,0,0,B,69400,200,5693606,6103578,
000089.SZ,000089,20251209,93821850,6103833,0,0,B,69400,100,5693606,6103832,
000089.SZ,000089,20251209,93821990,6104687,C,0, ,0,100,0,2231920,
000089.SZ,000089,20251209,93822950,6111913,C,0, ,0,400,5730750,0,
000089.SZ,000089,20251209,93823690,6118599,0,0,B,69400,200,5693606,6118598,
000089.SZ,000089,20251209,93824170,6121239,C,0, ,0,500,0,4455086,
000089.SZ,000089,20251209,93824180,6121318,0,0,B,69400,1400,5693606,6121317,
000089.SZ,000089,20251209,93824180,6121319,0,0,B,69400,100,5697904,6121317,
000089.SZ,000089,20251209,93824180,6121320,0,0,B,69400,100,5697905,6121317,
000089.SZ,000089,20251209,93824180,6121321,0,0,B,69400,100,5737855,6121317,
000089.SZ,000089,20251209,93824180,6121322,0,0,B,69400,100,5821400,6121317,
000089.SZ,000089,20251209,93824180,6121323,0,0,B,69400,100,5894000,6121317,
000089.SZ,000089,20251209,93824180,6121324,0,0,B,69400,300,5950081,6121317,
000089.SZ,000089,20251209,93824180,6121325,0,0,B,69400,1600,5950085,6121317,
000089.SZ,000089,20251209,93824180,6121326,0,0,B,69400,300,5950086,6121317,
000089.SZ,000089,20251209,93824180,6121327,0,0,B,69400,300,5950271,6121317,
000089.SZ,000089,20251209,93824180,6121328,0,0,B,69400,300,5950418,6121317,
000089.SZ,000089,20251209,93824180,6121329,0,0,B,69400,600,5950481,6121317,
000089.SZ,000089,20251209,93824180,6121330,0,0,B,69400,1100,5953030,6121317,
000089.SZ,000089,20251209,93824180,6121331,0,0,B,69400,100,5959227,6121317,
000089.SZ,000089,20251209,93824180,6121332,0,0,B,69400,100,5973727,6121317,
000089.SZ,000089,20251209,93824180,6121333,0,0,B,69400,800,6019809,6121317,
000089.SZ,000089,20251209,93824180,6121334,0,0,B,69400,100,6103619,6121317,
000089.SZ,000089,20251209,93824180,6121335,0,0,B,69400,100,6105808,6121317,
000089.SZ,000089,20251209,93824210,6121531,C,0, ,0,500,0,4963425,
000089.SZ,000089,20251209,93824720,6125532,0,0,S,69400,200,6125531,6125492,
000089.SZ,000089,20251209,93824720,6125541,C,0, ,0,100,0,6103584,
000089.SZ,000089,20251209,93824730,6125558,0,0,B,69400,200,6125539,6125557,
000089.SZ,000089,20251209,93824730,6125636,0,0,S,69400,100,6125635,6125559,
000089.SZ,000089,20251209,93825010,6127280,0,0,S,69400,100,6127279,6125559,
000089.SZ,000089,20251209,93825010,6127311,0,0,S,69400,200,6127310,6125560,
000089.SZ,000089,20251209,93825010,6127312,0,0,S,69400,200,6127310,6125561,
000089.SZ,000089,20251209,93825010,6127313,0,0,S,69400,200,6127310,6125562,
000089.SZ,000089,20251209,93825010,6127314,0,0,S,69400,200,6127310,6125563,
000089.SZ,000089,20251209,93825010,6127315,0,0,S,69400,100,6127310,6125564,
000089.SZ,000089,20251209,93825470,6131157,0,0,S,69400,100,6131156,6125564,
000089.SZ,000089,20251209,93825470,6131159,0,0,S,69400,100,6131158,6125565,
000089.SZ,000089,20251209,93825470,6131161,0,0,S,69400,100,6131160,6125565,
000089.SZ,000089,20251209,93827190,6142860,0,0,S,69400,100,6142859,6142848,
000089.SZ,000089,20251209,93827190,6142900,0,0,B,69400,100,6142862,6142899,
000089.SZ,000089,20251209,93827200,6142966,0,0,B,69500,19400,290113,6142965,
000089.SZ,000089,20251209,93827210,6143014,0,0,S,69400,100,6143013,6142979,
000089.SZ,000089,20251209,93827230,6143211,0,0,S,69400,200,6143210,6143052,
000089.SZ,000089,20251209,93827230,6143233,0,0,B,69400,100,6143210,6143232,
000089.SZ,000089,20251209,93827300,6143949,0,0,S,69400,100,6143948,6143234,
000089.SZ,000089,20251209,93827300,6143951,0,0,S,69400,100,6143950,6143235,
000089.SZ,000089,20251209,93827540,6146001,C,0, ,0,400,0,6124354,
000089.SZ,000089,20251209,93830180,6163671,C,0, ,0,500,0,4612396,
000089.SZ,000089,20251209,93830180,6163672,C,0, ,0,100,0,5124421,
000089.SZ,000089,20251209,93830200,6163768,0,0,B,69500,4500,290113,6163767,
000089.SZ,000089,20251209,93830270,6164219,C,0, ,0,100,0,6143236,
000089.SZ,000089,20251209,93830750,6167599,C,0, ,0,200,0,5120456,
000089.SZ,000089,20251209,93830830,6168058,C,0, ,0,700,0,5137878,
000089.SZ,000089,20251209,93830990,6169165,C,0, ,0,100,0,5096018,
000089.SZ,000089,20251209,93831020,6169409,0,0,B,69500,300,290113,6169408,
000089.SZ,000089,20251209,93831090,6170020,0,0,S,69400,100,6170019,6143237,
000089.SZ,000089,20251209,93831090,6170021,0,0,S,69400,100,6170019,6143918,
000089.SZ,000089,20251209,93831090,6170022,0,0,S,69400,100,6170019,6158396,
000089.SZ,000089,20251209,93831090,6170023,0,0,S,69400,100,6170019,6161593,
000089.SZ,000089,20251209,93831090,6170024,0,0,S,69400,300,6170019,6163618,
000089.SZ,000089,20251209,93831090,6170025,0,0,S,69400,100,6170019,6164184,
000089.SZ,000089,20251209,93831090,6170026,0,0,S,69400,1200,6170019,6164726,
000089.SZ,000089,20251209,93831090,6170027,0,0,S,69400,100,6170019,6165308,
000089.SZ,000089,20251209,93831090,6170028,0,0,S,69400,100,6170019,6166362,
000089.SZ,000089,20251209,93831090,6170029,0,0,S,69400,1100,6170019,6168461,
000089.SZ,000089,20251209,93831100,6170079,0,0,B,69400,200,6170019,6170078,
000089.SZ,000089,20251209,93831100,6170084,0,0,B,69400,300,6170019,6170083,
000089.SZ,000089,20251209,93831140,6170494,0,0,S,69400,200,6170493,6170083,
000089.SZ,000089,20251209,93831180,6171155,C,0, ,0,400,6142743,0,
000089.SZ,000089,20251209,93831630,6174812,C,0, ,0,100,0,6170103,
000089.SZ,000089,20251209,93832100,6178382,C,0, ,0,200,0,6170085,
000089.SZ,000089,20251209,93833200,6185623,C,0, ,0,400,0,6170086,
000089.SZ,000089,20251209,93833610,6188849,C,0, ,0,100,0,5134353,
000089.SZ,000089,20251209,93834500,6196015,C,0, ,0,500,0,6170091,
000089.SZ,000089,20251209,93834780,6198142,C,0, ,0,300,0,6170114,
000089.SZ,000089,20251209,93835380,6202270,C,0, ,0,300,0,6170117,
000089.SZ,000089,20251209,93835460,6202735,0,0,S,69400,400,6202734,6170087,
000089.SZ,000089,20251209,93835460,6202736,0,0,S,69400,500,6202734,6170093,
000089.SZ,000089,20251209,93835460,6202737,0,0,S,69400,300,6202734,6170111,
000089.SZ,000089,20251209,93835460,6202738,0,0,S,69400,300,6202734,6170115,
000089.SZ,000089,20251209,93835460,6202739,0,0,S,69400,100,6202734,6170417,
000089.SZ,000089,20251209,93835460,6202740,0,0,S,69400,100,6202734,6185198,
000089.SZ,000089,20251209,93835460,6202741,0,0,S,69400,100,6202734,6187166,
000089.SZ,000089,20251209,93835460,6202742,0,0,S,69400,100,6202734,6188580,
000089.SZ,000089,20251209,93835460,6202743,0,0,S,69400,100,6202734,6188607,
000089.SZ,000089,20251209,93835460,6202744,0,0,S,69400,200,6202734,6188843,
000089.SZ,000089,20251209,93835460,6202745,0,0,S,69400,100,6202734,6189237,
000089.SZ,000089,20251209,93835460,6202746,0,0,S,69400,100,6202734,6189842,
000089.SZ,000089,20251209,93835460,6202747,0,0,S,69400,200,6202734,6190558,
000089.SZ,000089,20251209,93835460,6202748,0,0,S,69400,100,6202734,6191056,
000089.SZ,000089,20251209,93835460,6202749,0,0,S,69400,400,6202734,6191762,
000089.SZ,000089,20251209,93835880,6205078,0,0,B,69400,300,6202734,6205077,
000089.SZ,000089,20251209,93836180,6207475,0,0,B,69400,500,6202734,6207474,
000089.SZ,000089,20251209,93836930,6212749,0,0,B,69400,100,6202734,6212748,
000089.SZ,000089,20251209,93837410,6216132,0,0,B,69400,100,6202734,6216131,
000089.SZ,000089,20251209,93839570,6230098,0,0,B,69400,100,6202734,6230097,
000089.SZ,000089,20251209,93839910,6232032,0,0,B,69400,100,6202734,6232031,
000089.SZ,000089,20251209,93842100,6245703,C,0, ,0,100,0,2259065,
000089.SZ,000089,20251209,93843200,6253900,0,0,B,69400,1900,6202734,6253899,
000089.SZ,000089,20251209,93845080,6265598,0,0,B,69400,6000,6202734,6265597,
000089.SZ,000089,20251209,93846850,6277186,0,0,S,69300,1500,6277185,956350,
000089.SZ,000089,20251209,93847750,6282405,0,0,B,69400,100,6202734,6282404,
000089.SZ,000089,20251209,93849280,6291691,C,0, ,0,600,0,5978432,
000089.SZ,000089,20251209,93849280,6291700,C,0, ,0,300,0,5978441,
000089.SZ,000089,20251209,93849280,6291701,C,0, ,0,800,0,5978440,
000089.SZ,000089,20251209,93849280,6291704,C,0, ,0,300,0,5978436,
000089.SZ,000089,20251209,93849280,6291708,C,0, ,0,300,0,5978438,
000089.SZ,000089,20251209,93849280,6291709,C,0, ,0,300,0,5978426,
000089.SZ,000089,20251209,93849280,6291710,C,0, ,0,300,0,5978439,
000089.SZ,000089,20251209,93849280,6291711,C,0, ,0,700,0,5978437,
000089.SZ,000089,20251209,93849280,6291712,C,0, ,0,800,0,5978444,
000089.SZ,000089,20251209,93849280,6291713,C,0, ,0,400,0,5978431,
000089.SZ,000089,20251209,93849280,6291714,C,0, ,0,1400,0,5978430,
000089.SZ,000089,20251209,93849280,6291737,C,0, ,0,300,0,5978518,
000089.SZ,000089,20251209,93849280,6291738,C,0, ,0,600,0,5978504,
000089.SZ,000089,20251209,93849280,6291750,C,0, ,0,300,0,5978490,
000089.SZ,000089,20251209,93849290,6291800,C,0, ,0,300,0,5978662,
000089.SZ,000089,20251209,93849290,6291803,C,0, ,0,300,0,5978553,
000089.SZ,000089,20251209,93849290,6291816,C,0, ,0,300,0,5978682,
000089.SZ,000089,20251209,93849290,6291817,C,0, ,0,300,0,5978687,
000089.SZ,000089,20251209,93849290,6291821,C,0, ,0,300,0,5978661,
000089.SZ,000089,20251209,93849290,6291823,C,0, ,0,300,0,5978660,
000089.SZ,000089,20251209,93849290,6291876,C,0, ,0,300,0,5978611,
000089.SZ,000089,20251209,93849290,6291900,C,0, ,0,600,0,5978625,
000089.SZ,000089,20251209,93849290,6291908,C,0, ,0,300,0,5978652,
000089.SZ,000089,20251209,93849300,6291956,C,0, ,0,900,0,5978952,
000089.SZ,000089,20251209,93849310,6292070,C,0, ,0,300,0,5978866,
000089.SZ,000089,20251209,93849320,6292663,C,0, ,0,300,0,5978821,
000089.SZ,000089,20251209,93849320,6292875,C,0, ,0,1100,0,5979401,
000089.SZ,000089,20251209,93849320,6292882,C,0, ,0,2500,0,5978887,
000089.SZ,000089,20251209,93849320,6292889,C,0, ,0,300,0,5978746,
000089.SZ,000089,20251209,93849330,6292970,C,0, ,0,700,0,5978949,
000089.SZ,000089,20251209,93849370,6293379,C,0, ,0,2200,0,5978756,
000089.SZ,000089,20251209,93849430,6293799,0,0,B,69400,2200,6202734,6293798,
000089.SZ,000089,20251209,93849450,6294070,0,0,B,69400,400,6202734,6294069,
000089.SZ,000089,20251209,93849450,6294072,0,0,B,69400,600,6202734,6294071,
000089.SZ,000089,20251209,93849450,6294075,0,0,B,69400,300,6202734,6294074,
000089.SZ,000089,20251209,93849450,6294081,0,0,B,69400,300,6202734,6294080,
000089.SZ,000089,20251209,93849450,6294084,0,0,B,69400,1400,6202734,6294083,
000089.SZ,000089,20251209,93849450,6294086,0,0,B,69400,300,6202734,6294085,
000089.SZ,000089,20251209,93849450,6294088,0,0,B,69400,300,6202734,6294087,
000089.SZ,000089,20251209,93849450,6294090,0,0,B,69400,300,6202734,6294089,
000089.SZ,000089,20251209,93849450,6294093,0,0,B,69400,300,6202734,6294092,
000089.SZ,000089,20251209,93849450,6294097,0,0,B,69400,800,6202734,6294096,
000089.SZ,000089,20251209,93849450,6294118,0,0,B,69400,300,6202734,6294117,
000089.SZ,000089,20251209,93849450,6294127,0,0,B,69400,300,6202734,6294126,
000089.SZ,000089,20251209,93849450,6294131,0,0,B,69400,600,6202734,6294130,
000089.SZ,000089,20251209,93849450,6294160,0,0,B,69400,300,6202734,6294159,
000089.SZ,000089,20251209,93849460,6294166,0,0,B,69400,300,6202734,6294165,
000089.SZ,000089,20251209,93849460,6294168,0,0,B,69400,100,6202734,6294167,
000089.SZ,000089,20251209,93849460,6294196,0,0,B,69400,300,6202734,6294195,
000089.SZ,000089,20251209,93849460,6294199,0,0,B,69400,300,6202734,6294198,
000089.SZ,000089,20251209,93849460,6294203,0,0,B,69400,300,6202734,6294202,
000089.SZ,000089,20251209,93849460,6294206,0,0,B,69400,300,6202734,6294205,
000089.SZ,000089,20251209,93849460,6294212,0,0,B,69400,300,6202734,6294211,
000089.SZ,000089,20251209,93849460,6294223,0,0,B,69400,300,6202734,6294222,
000089.SZ,000089,20251209,93849460,6294226,0,0,B,69400,700,6202734,6294225,
000089.SZ,000089,20251209,93849460,6294254,0,0,B,69400,600,6202734,6294253,
000089.SZ,000089,20251209,93849470,6294283,C,0, ,0,100,0,6209304,
000089.SZ,000089,20251209,93849660,6295642,0,0,B,69500,100,290113,6295641,
000089.SZ,000089,20251209,93851660,6308757,C,0, ,0,1700,0,6217892,
000089.SZ,000089,20251209,93851690,6308903,C,0, ,0,100,0,6294366,
000089.SZ,000089,20251209,93851760,6309258,C,0, ,0,200,0,6218624,
000089.SZ,000089,20251209,93851830,6309875,C,0, ,0,700,0,6219103,
000089.SZ,000089,20251209,93852000,6310959,C,0, ,0,100,0,6213043,
000089.SZ,000089,20251209,93852180,6312407,C,0, ,0,100,0,6221191,
000089.SZ,000089,20251209,93854110,6324157,0,0,B,69500,100,290113,6324156,
000089.SZ,000089,20251209,93857180,6344752,0,0,B,69500,10000,290113,6344751,
000089.SZ,000089,20251209,93857300,6345552,C,0, ,0,2500,0,6294262,
000089.SZ,000089,20251209,93857330,6346169,C,0, ,0,900,0,6294331,
000089.SZ,000089,20251209,93857330,6346217,C,0, ,0,1100,0,6294255,
000089.SZ,000089,20251209,93857330,6346222,C,0, ,0,800,0,6294427,
000089.SZ,000089,20251209,93857330,6346255,C,0, ,0,700,0,6294362,
000089.SZ,000089,20251209,93857350,6346672,C,0, ,0,300,0,6294365,
000089.SZ,000089,20251209,93857360,6346767,C,0, ,0,300,0,6294256,
000089.SZ,000089,20251209,93901100,6373702,0,0,S,69400,100,6373701,6327679,
000089.SZ,000089,20251209,93901100,6373703,0,0,S,69400,100,6373701,6328766,
000089.SZ,000089,20251209,93901100,6373704,0,0,S,69400,100,6373701,6370979,
000089.SZ,000089,20251209,93901580,6377687,C,0, ,0,300,5809862,0,
000089.SZ,000089,20251209,93904090,6395360,0,0,S,69400,200,6395359,6370979,
000089.SZ,000089,20251209,93906670,6414303,0,0,B,69500,800,290113,6414302,
000089.SZ,000089,20251209,93907680,6421929,0,0,S,69400,100,6421928,6370979,
000089.SZ,000089,20251209,93908060,6424342,0,0,S,69400,100,6424341,6370979,
000089.SZ,000089,20251209,93908060,6424390,0,0,B,69400,100,6424345,6424389,
000089.SZ,000089,20251209,93908060,6424391,0,0,B,69400,100,6424353,6424389,
000089.SZ,000089,20251209,93908100,6424587,0,0,B,69400,600,6424569,6424586,
000089.SZ,000089,20251209,93909390,6432341,C,0, ,0,400,6419800,0,
000089.SZ,000089,20251209,93910060,6436997,C,0, ,0,200,6424354,0,
000089.SZ,000089,20251209,93910190,6437872,C,0, ,0,1500,6312412,0,
000089.SZ,000089,20251209,93910230,6438179,0,0,B,69400,10600,6424569,6438178,
000089.SZ,000089,20251209,93910230,6438180,0,0,B,69400,500,6424570,6438178,
000089.SZ,000089,20251209,93910240,6438236,C,0, ,0,100,6418241,0,
000089.SZ,000089,20251209,93912760,6453785,C,0, ,0,1100,0,3018504,
000089.SZ,000089,20251209,93914460,6465507,0,0,B,69400,200,6424570,6465506,
000089.SZ,000089,20251209,93914460,6465508,0,0,B,69400,1700,6424572,6465506,
000089.SZ,000089,20251209,93914460,6465509,0,0,B,69400,300,6424578,6465506,
000089.SZ,000089,20251209,93914460,6465510,0,0,B,69400,1900,6424777,6465506,
000089.SZ,000089,20251209,93916030,6474662,C,0, ,0,2000,881545,0,
000089.SZ,000089,20251209,93918690,6491332,0,0,B,69400,100,6451705,6491331,
000089.SZ,000089,20251209,93918690,6491355,0,0,S,69400,100,6491354,6491331,
000089.SZ,000089,20251209,93918690,6491358,0,0,S,69400,300,6491357,6491331,
000089.SZ,000089,20251209,93920890,6504449,0,0,S,69400,200,6504448,6491331,
000089.SZ,000089,20251209,93920890,6504464,0,0,S,69400,100,6504463,6491331,
000089.SZ,000089,20251209,93920910,6504535,0,0,S,69400,100,6504534,6491331,
000089.SZ,000089,20251209,93921150,6505664,0,0,S,69400,100,6505663,6491331,
000089.SZ,000089,20251209,93921150,6505666,0,0,S,69400,200,6505665,6491331,
000089.SZ,000089,20251209,93921150,6505674,0,0,S,69400,100,6505673,6491331,
000089.SZ,000089,20251209,93921150,6505679,0,0,S,69400,100,6505678,6491331,
000089.SZ,000089,20251209,93921160,6505724,0,0,S,69400,2100,6505723,6491331,
000089.SZ,000089,20251209,93921250,6506368,0,0,S,69400,900,6506367,6491331,
000089.SZ,000089,20251209,93921270,6506475,0,0,S,69400,700,6506474,6491331,
000089.SZ,000089,20251209,93921270,6506497,0,0,S,69400,1700,6506496,6491331,
000089.SZ,000089,20251209,93921330,6506858,0,0,S,69400,300,6506857,6491331,
000089.SZ,000089,20251209,93921760,6509185,C,0, ,0,200,0,6441672,
000089.SZ,000089,20251209,93921830,6509670,C,0, ,0,700,0,6454099,
000089.SZ,000089,20251209,93922000,6510497,C,0, ,0,100,0,6442914,
000089.SZ,000089,20251209,93922190,6511859,C,0, ,0,100,0,6437874,
000089.SZ,000089,20251209,93925030,6528336,C,0, ,0,3100,974744,0,
000089.SZ,000089,20251209,93926240,6535738,0,0,B,69400,1100,6506857,6535737,
000089.SZ,000089,20251209,93926240,6535741,0,0,B,69400,700,6506857,6535740,
000089.SZ,000089,20251209,93926240,6535748,0,0,B,69400,100,6507060,6535747,
000089.SZ,000089,20251209,93926240,6535749,0,0,B,69400,200,6523905,6535747,
000089.SZ,000089,20251209,93926240,6535751,0,0,B,69400,300,6523905,6535750,
000089.SZ,000089,20251209,93926240,6535753,0,0,B,69400,300,6523905,6535752,
000089.SZ,000089,20251209,93926240,6535755,0,0,B,69400,200,6523905,6535754,
000089.SZ,000089,20251209,93927760,6544156,C,0, ,0,200,0,6533237,
000089.SZ,000089,20251209,93928000,6545560,C,0, ,0,100,0,6528188,
000089.SZ,000089,20251209,93928060,6546031,0,0,S,69400,100,6546030,6535754,
000089.SZ,000089,20251209,93928190,6546699,0,0,S,69400,100,6546698,6535756,
000089.SZ,000089,20251209,93928320,6547536,0,0,S,69400,300,6547535,6535756,
000089.SZ,000089,20251209,93928890,6550738,0,0,S,69400,200,6550737,6535756,
000089.SZ,000089,20251209,93928890,6550739,0,0,S,69400,300,6550737,6535757,
000089.SZ,000089,20251209,93929060,6551545,0,0,S,69400,100,6551544,6535757,
000089.SZ,000089,20251209,93929060,6551549,0,0,S,69400,100,6551548,6535757,
000089.SZ,000089,20251209,93930260,6557180,C,0, ,0,200,0,6121087,
000089.SZ,000089,20251209,93930260,6557217,C,0, ,0,100,0,4315635,
000089.SZ,000089,20251209,93930260,6557218,C,0, ,0,100,0,6121085,
000089.SZ,000089,20251209,93930260,6557220,C,0, ,0,200,0,6121086,
000089.SZ,000089,20251209,93930320,6557635,0,0,S,69400,300,6557634,6535757,
000089.SZ,000089,20251209,93930880,6561013,0,0,S,69400,300,6561012,6535778,
000089.SZ,000089,20251209,93930880,6561014,0,0,S,69400,300,6561012,6535779,
000089.SZ,000089,20251209,93930880,6561015,0,0,S,69400,600,6561012,6535791,
000089.SZ,000089,20251209,93930880,6561016,0,0,S,69400,300,6561012,6535793,
000089.SZ,000089,20251209,93930880,6561017,0,0,S,69400,300,6561012,6535795,
000089.SZ,000089,20251209,93930880,6561018,0,0,S,69400,300,6561012,6535797,
000089.SZ,000089,20251209,93930880,6561019,0,0,S,69400,300,6561012,6535807,
000089.SZ,000089,20251209,93930880,6561020,0,0,S,69400,200,6561012,6535813,
000089.SZ,000089,20251209,93932060,6568482,0,0,S,69400,100,6568481,6535813,
000089.SZ,000089,20251209,93933150,6575062,0,0,S,69400,100,6575061,6535813,
000089.SZ,000089,20251209,93933150,6575063,0,0,S,69400,100,6575061,6535817,
000089.SZ,000089,20251209,93933150,6575073,0,0,S,69400,100,6575072,6535817,
000089.SZ,000089,20251209,93933470,6577292,0,0,S,69400,100,6577291,6535817,
000089.SZ,000089,20251209,93934230,6582239,C,0, ,0,2400,0,2769119,
000089.SZ,000089,20251209,93934230,6582240,C,0, ,0,2900,0,4054656,
000089.SZ,000089,20251209,93934230,6582241,C,0, ,0,3000,0,4578935,
000089.SZ,000089,20251209,93934230,6582243,C,0, ,0,4100,0,5168620,
000089.SZ,000089,20251209,93934230,6582247,C,0, ,0,5100,0,5168621,
000089.SZ,000089,20251209,93935270,6588552,C,0, ,0,400,0,6535817,
000089.SZ,000089,20251209,93935270,6588556,C,0, ,0,900,0,6535875,
000089.SZ,000089,20251209,93935270,6588558,C,0, ,0,300,0,6535960,
000089.SZ,000089,20251209,93935270,6588563,C,0, ,0,300,0,6535826,
000089.SZ,000089,20251209,93935270,6588571,C,0, ,0,600,0,6535823,
000089.SZ,000089,20251209,93935270,6588572,C,0, ,0,600,0,6535825,
000089.SZ,000089,20251209,93935270,6588597,C,0, ,0,1100,0,6535946,
000089.SZ,000089,20251209,93935270,6588713,C,0, ,0,300,0,6535849,
000089.SZ,000089,20251209,93935280,6588836,C,0, ,0,300,0,6535959,
000089.SZ,000089,20251209,93935280,6588839,C,0, ,0,300,0,6536009,
000089.SZ,000089,20251209,93935280,6588847,C,0, ,0,1500,0,6536013,
000089.SZ,000089,20251209,93935290,6588878,C,0, ,0,2500,0,6536470,
000089.SZ,000089,20251209,93935300,6589028,C,0, ,0,300,0,6535986,
000089.SZ,000089,20251209,93935330,6589228,C,0, ,0,300,0,6535972,
000089.SZ,000089,20251209,93936010,6592893,0,0,S,69400,100,6592892,6575040,
000089.SZ,000089,20251209,93938270,6607852,0,0,S,69400,100,6607851,6575041,
000089.SZ,000089,20251209,93938970,6611562,C,0, ,0,400,6586701,0,
000089.SZ,000089,20251209,93939170,6612698,0,0,S,69400,100,6612697,6575041,
000089.SZ,000089,20251209,93939170,6612699,0,0,S,69400,200,6612697,6610874,
000089.SZ,000089,20251209,93939270,6613370,0,0,S,69400,100,6613369,6610874,
000089.SZ,000089,20251209,93939320,6613698,0,0,S,69400,100,6613697,6610874,
000089.SZ,000089,20251209,93939830,6618031,0,0,S,69400,700,6618030,6610874,
000089.SZ,000089,20251209,93940160,6620563,C,0, ,0,200,0,6431554,
000089.SZ,000089,20251209,93940160,6620564,C,0, ,0,200,0,6227298,
000089.SZ,000089,20251209,93940160,6620565,C,0, ,0,200,0,6007684,
000089.SZ,000089,20251209,93940160,6620566,C,0, ,0,200,0,5777378,
000089.SZ,000089,20251209,93940160,6620567,C,0, ,0,100,0,5549110,
000089.SZ,000089,20251209,93942250,6633372,C,0, ,0,100,6547022,0,
000089.SZ,000089,20251209,93942390,6634439,C,0, ,0,400,6548131,0,
000089.SZ,000089,20251209,93942480,6634937,C,0, ,0,100,6548626,0,
000089.SZ,000089,20251209,93942690,6636319,C,0, ,0,100,6549898,0,
000089.SZ,000089,20251209,93943050,6638554,C,0, ,0,1300,6551518,0,
000089.SZ,000089,20251209,93943060,6638598,C,0, ,0,100,6551542,0,
000089.SZ,000089,20251209,93943060,6638603,C,0, ,0,200,6546023,0,
000089.SZ,000089,20251209,93943190,6639269,C,0, ,0,1500,6546701,0,
000089.SZ,000089,20251209,93944210,6644870,0,0,S,69300,100,6644869,956350,
000089.SZ,000089,20251209,93944430,6646117,0,0,B,69400,1000,6620187,6646116,
000089.SZ,000089,20251209,93955470,6713684,0,0,B,69400,900,6620187,6713683,
000089.SZ,000089,20251209,93957210,6723793,0,0,B,69400,100,6620187,6723792,
000089.SZ,000089,20251209,94001430,6753289,0,0,S,69300,400,6753288,956350,
000089.SZ,000089,20251209,94001960,6757229,0,0,S,69300,400,6757228,956350,
000089.SZ,000089,20251209,94002020,6757561,0,0,S,69300,100,6757560,956350,
000089.SZ,000089,20251209,94002040,6757741,0,0,S,69300,100,6757740,956350,
000089.SZ,000089,20251209,94002080,6758127,0,0,S,69300,100,6758126,956350,
000089.SZ,000089,20251209,94002110,6758338,0,0,S,69300,100,6758337,956350,
000089.SZ,000089,20251209,94002240,6759039,0,0,S,69300,200,6759038,956350,
000089.SZ,000089,20251209,94002250,6759163,0,0,S,69300,100,6759162,956350,
000089.SZ,000089,20251209,94002330,6759763,0,0,S,69300,300,6759762,956350,
000089.SZ,000089,20251209,94002970,6763165,0,0,S,69300,1300,6763164,956350,
000089.SZ,000089,20251209,94006050,6786506,C,0, ,0,3000,686101,0,
000089.SZ,000089,20251209,94015720,6851505,0,0,B,69400,200,6620187,6851504,
000089.SZ,000089,20251209,94015720,6851506,0,0,B,69400,100,6622295,6851504,
000089.SZ,000089,20251209,94015720,6851507,0,0,B,69400,500,6638859,6851504,
000089.SZ,000089,20251209,94015730,6851574,C,0, ,0,100,4576225,0,
000089.SZ,000089,20251209,94015890,6852985,C,0, ,0,1000,0,3315667,
000089.SZ,000089,20251209,94016200,6856395,0,0,B,69400,100,6638859,6856394,
000089.SZ,000089,20251209,94029690,6942621,C,0, ,0,27900,38647,0,
000089.SZ,000089,20251209,94035190,6978779,0,0,B,69400,100,6638859,6978778,
000089.SZ,000089,20251209,94039350,7002172,C,0, ,0,5400,0,1502626,
000089.SZ,000089,20251209,94042160,7018338,C,0, ,0,100,0,6742739,
000089.SZ,000089,20251209,94043790,7027991,C,0, ,0,1000,206461,0,
000089.SZ,000089,20251209,94050190,7065352,C,0, ,0,22500,5292886,0,
000089.SZ,000089,20251209,94053850,7088005,0,0,B,69400,100,6638859,7088004,
000089.SZ,000089,20251209,94053850,7088006,0,0,B,69400,300,6639464,7088004,
000089.SZ,000089,20251209,94053850,7088007,0,0,B,69400,200,6639551,7088004,
000089.SZ,000089,20251209,94053850,7088008,0,0,B,69400,400,6639691,7088004,
000089.SZ,000089,20251209,94053850,7088009,0,0,B,69400,100,6639785,7088004,
000089.SZ,000089,20251209,94053850,7088010,0,0,B,69400,100,6640042,7088004,
000089.SZ,000089,20251209,94053850,7088011,0,0,B,69400,300,6640064,7088004,
000089.SZ,000089,20251209,94053850,7088012,0,0,B,69400,600,6670158,7088004,
000089.SZ,000089,20251209,94053850,7088013,0,0,B,69400,100,6755038,7088004,
000089.SZ,000089,20251209,94053850,7088014,0,0,B,69400,1700,6789039,7088004,
000089.SZ,000089,20251209,94053850,7088015,0,0,B,69400,100,6851951,7088004,
000089.SZ,000089,20251209,94053850,7088016,0,0,B,69400,100,6852174,7088004,
000089.SZ,000089,20251209,94053850,7088017,0,0,B,69400,1100,6856582,7088004,
000089.SZ,000089,20251209,94053850,7088018,0,0,B,69400,100,6856596,7088004,
000089.SZ,000089,20251209,94100080,7125586,C,0, ,0,2200,1334628,0,
000089.SZ,000089,20251209,94102060,7139514,0,0,S,69300,100,7139513,956350,
000089.SZ,000089,20251209,94102090,7139731,0,0,S,69300,100,7139730,956350,
000089.SZ,000089,20251209,94102120,7139968,0,0,S,69300,100,7139967,956350,
000089.SZ,000089,20251209,94102210,7140637,0,0,S,69300,100,7140636,956350,
000089.SZ,000089,20251209,94102310,7141424,0,0,S,69300,100,7141423,956350,
000089.SZ,000089,20251209,94115450,7216486,C,0, ,0,4000,0,5209892,
000089.SZ,000089,20251209,94116200,7220597,0,0,B,69400,100,6856596,7220596,
000089.SZ,000089,20251209,94117700,7228680,C,0, ,0,1200,1073539,0,
000089.SZ,000089,20251209,94117820,7229206,0,0,S,69300,2200,7229205,956350,
000089.SZ,000089,20251209,94125280,7270042,C,0, ,0,11800,0,2459322,
000089.SZ,000089,20251209,94146200,7386580,0,0,B,69400,100,6856596,7386579,
000089.SZ,000089,20251209,94146420,7387891,C,0, ,0,1900,1073048,0,
000089.SZ,000089,20251209,94147160,7391682,C,0, ,0,1000,1029740,0,
000089.SZ,000089,20251209,94151660,7420054,0,0,B,69400,900,6856596,7420053,
000089.SZ,000089,20251209,94151660,7420055,0,0,B,69400,900,6856597,7420053,
000089.SZ,000089,20251209,94151660,7420056,0,0,B,69400,100,6856931,7420053,
000089.SZ,000089,20251209,94151660,7420057,0,0,B,69400,100,6857163,7420053,
000089.SZ,000089,20251209,94151660,7420058,0,0,B,69400,1800,6872219,7420053,
000089.SZ,000089,20251209,94151660,7420059,0,0,B,69400,300,6872478,7420053,
000089.SZ,000089,20251209,94151660,7420060,0,0,B,69400,200,6872513,7420053,
000089.SZ,000089,20251209,94151660,7420061,0,0,B,69400,100,6883848,7420053,
000089.SZ,000089,20251209,94151660,7420062,0,0,B,69400,2000,6887763,7420053,
000089.SZ,000089,20251209,94151660,7420063,0,0,B,69400,100,6899053,7420053,
000089.SZ,000089,20251209,94151660,7420064,0,0,B,69400,700,6936814,7420053,
000089.SZ,000089,20251209,94151660,7420065,0,0,B,69400,2600,6943245,7420053,
000089.SZ,000089,20251209,94151660,7420066,0,0,B,69400,3500,6997439,7420053,
000089.SZ,000089,20251209,94151660,7420067,0,0,B,69400,4500,7003385,7420053,
000089.SZ,000089,20251209,94151660,7420068,0,0,B,69400,1700,7003416,7420053,
000089.SZ,000089,20251209,94151660,7420069,0,0,B,69400,500,7003417,7420053,
000089.SZ,000089,20251209,94202790,7482797,C,0, ,0,2600,6906642,0,
000089.SZ,000089,20251209,94207840,7516842,C,0, ,0,1400,0,763703,
000089.SZ,000089,20251209,94217840,7571812,0,0,B,69400,500,7003417,7571811,
000089.SZ,000089,20251209,94218600,7575933,0,0,S,69300,15000,7575932,956350,
000089.SZ,000089,20251209,94218600,7575971,C,0, ,0,12600,0,6103612,
000089.SZ,000089,20251209,94220330,7585206,0,0,B,69400,2100,7003417,7585205,
000089.SZ,000089,20251209,94220330,7585207,0,0,B,69400,100,7003899,7585205,
000089.SZ,000089,20251209,94220330,7585208,0,0,B,69400,200,7003906,7585205,
000089.SZ,000089,20251209,94220330,7585209,0,0,B,69400,2400,7004072,7585205,
000089.SZ,000089,20251209,94220330,7585210,0,0,B,69400,200,7045963,7585205,
000089.SZ,000089,20251209,94225660,7613862,0,0,B,69400,700,7045963,7613861,
000089.SZ,000089,20251209,94244930,7717852,0,0,S,69300,100,7717851,956350,
000089.SZ,000089,20251209,94246200,7727306,0,0,B,69400,100,7045963,7727305,
000089.SZ,000089,20251209,94247110,7733253,0,0,S,69300,800,7733252,956350,
000089.SZ,000089,20251209,94300520,7803153,C,0, ,0,600,7527918,0,
000089.SZ,000089,20251209,94300530,7803208,C,0, ,0,4100,7185347,0,
000089.SZ,000089,20251209,94300530,7803222,C,0, ,0,100,7185409,0,
000089.SZ,000089,20251209,94305650,7832974,C,0, ,0,3000,3689098,0,
000089.SZ,000089,20251209,94310070,7857978,0,0,B,69400,100,7045963,7857977,
000089.SZ,000089,20251209,94310080,7857998,0,0,S,69300,100,7857997,956350,
000089.SZ,000089,20251209,94317360,7898525,0,0,B,69400,100,7045963,7898524,
000089.SZ,000089,20251209,94319140,7907134,0,0,B,69400,1800,7045963,7907133,
000089.SZ,000089,20251209,94319140,7907135,0,0,B,69400,200,7080648,7907133,
000089.SZ,000089,20251209,94319140,7907136,0,0,B,69400,100,7090940,7907133,
000089.SZ,000089,20251209,94319140,7907137,0,0,B,69400,100,7090948,7907133,
000089.SZ,000089,20251209,94319140,7907138,0,0,B,69400,7800,7098531,7907133,
000089.SZ,000089,20251209,94319160,7907271,C,0, ,0,400,7146852,0,
000089.SZ,000089,20251209,94319160,7907284,0,0,S,69300,100,7907283,956350,
000089.SZ,000089,20251209,94321160,7916866,C,0, ,0,800,0,7270067,
000089.SZ,000089,20251209,94321160,7916869,C,0, ,0,1400,0,7270129,
000089.SZ,000089,20251209,94321160,7916870,C,0, ,0,1300,0,7270131,
000089.SZ,000089,20251209,94321160,7916871,C,0, ,0,1300,0,7270133,
000089.SZ,000089,20251209,94321160,7916872,C,0, ,0,1100,0,7270132,
000089.SZ,000089,20251209,94321160,7916873,C,0, ,0,900,0,7270138,
000089.SZ,000089,20251209,94321160,7916874,C,0, ,0,900,0,7270139,
000089.SZ,000089,20251209,94321160,7916875,C,0, ,0,900,0,7270140,
000089.SZ,000089,20251209,94321160,7916876,C,0, ,0,800,0,7270141,
000089.SZ,000089,20251209,94321760,7919994,C,0, ,0,1200,0,7915023,
000089.SZ,000089,20251209,94325860,7939490,C,0, ,0,8300,0,7766548,
000089.SZ,000089,20251209,94328270,7950928,C,0, ,0,10000,6243055,0,
000089.SZ,000089,20251209,94330450,7961345,C,0, ,0,700,0,5901130,
000089.SZ,000089,20251209,94338120,7998389,0,0,B,69400,1200,7098531,7998388,
000089.SZ,000089,20251209,94346170,8037736,C,0, ,0,10000,0,7979960,
000089.SZ,000089,20251209,94346200,8037916,0,0,B,69400,100,7098531,8037915,
000089.SZ,000089,20251209,94348300,8046822,0,0,S,69300,1400,8046821,956350,
000089.SZ,000089,20251209,94350810,8059422,0,0,S,69300,800,8059421,956350,
000089.SZ,000089,20251209,94350830,8059508,C,0, ,0,300,6550839,0,
000089.SZ,000089,20251209,94350830,8059509,C,0, ,0,100,6557301,0,
000089.SZ,000089,20251209,94351140,8060891,0,0,B,69400,900,7098531,8060890,
000089.SZ,000089,20251209,94351150,8060949,C,0, ,0,100,6388075,0,
000089.SZ,000089,20251209,94353450,8072452,0,0,S,69300,1600,8072451,956350,
000089.SZ,000089,20251209,94356550,8087490,0,0,S,69300,800,8087489,956350,
000089.SZ,000089,20251209,94358810,8100212,0,0,S,69300,1000,8100211,956350,
000089.SZ,000089,20251209,94401150,8113498,0,0,S,69300,700,8113497,956350,
000089.SZ,000089,20251209,94402190,8122269,0,0,S,69300,800,8122268,956350,
000089.SZ,000089,20251209,94402890,8126062,C,0, ,0,400,7925636,0,
000089.SZ,000089,20251209,94403770,8132138,0,0,S,69300,1700,8132137,956350,
000089.SZ,000089,20251209,94405170,8141138,0,0,S,69300,400,8141137,956350,
000089.SZ,000089,20251209,94409780,8163994,0,0,B,69400,5000,7098531,8163993,
000089.SZ,000089,20251209,94416590,8201430,0,0,S,69300,1500,8201429,956350,
000089.SZ,000089,20251209,94416600,8201460,0,0,S,69300,100,8201459,956350,
000089.SZ,000089,20251209,94416600,8201464,0,0,S,69300,100,8201463,956350,
000089.SZ,000089,20251209,94416600,8201466,0,0,S,69300,100,8201465,956350,
000089.SZ,000089,20251209,94418170,8209904,C,0, ,0,2500,0,7280144,
000089.SZ,000089,20251209,94428260,8259516,C,0, ,0,3000,8024174,0,
000089.SZ,000089,20251209,94430150,8268538,0,0,S,69300,100,8268537,956350,
000089.SZ,000089,20251209,94430150,8268559,0,0,S,69300,300,8268558,956350,
000089.SZ,000089,20251209,94430150,8268561,0,0,S,69300,100,8268560,956350,
000089.SZ,000089,20251209,94431680,8277495,C,0, ,0,800,0,8014503,
000089.SZ,000089,20251209,94431680,8277499,C,0, ,0,800,0,6225225,
000089.SZ,000089,20251209,94431680,8277515,C,0, ,0,800,0,7359457,
000089.SZ,000089,20251209,94431680,8277517,C,0, ,0,900,0,5011606,
000089.SZ,000089,20251209,94431860,8278456,0,0,B,69400,3300,7098531,8278455,
000089.SZ,000089,20251209,94432440,8281733,0,0,B,69400,100,7098531,8281732,
000089.SZ,000089,20251209,94433140,8285262,0,0,B,69400,100,7098531,8285261,
000089.SZ,000089,20251209,94433540,8287488,0,0,B,69400,100,7098531,8287487,
000089.SZ,000089,20251209,94434710,8293775,0,0,B,69400,100,7098531,8293774,
000089.SZ,000089,20251209,94434900,8294779,C,0, ,0,800,0,6283984,
000089.SZ,000089,20251209,94434900,8294781,C,0, ,0,800,0,8107175,
000089.SZ,000089,20251209,94434900,8294783,C,0, ,0,900,0,1302241,
000089.SZ,000089,20251209,94434900,8294786,C,0, ,0,800,0,6963271,
000089.SZ,000089,20251209,94435040,8295427,0,0,B,69400,100,7098531,8295426,
000089.SZ,000089,20251209,94435060,8295604,0,0,B,69400,3700,7098531,8295603,
000089.SZ,000089,20251209,94435060,8295605,0,0,B,69400,1200,7129049,8295603,
000089.SZ,000089,20251209,94435310,8296888,C,0, ,0,900,0,7664177,
000089.SZ,000089,20251209,94435310,8296889,C,0, ,0,900,0,6310483,
000089.SZ,000089,20251209,94435510,8297779,0,0,B,69400,700,7129049,8297778,
000089.SZ,000089,20251209,94435510,8297780,0,0,B,69400,2000,7132935,8297778,
000089.SZ,000089,20251209,94436600,8303471,C,0, ,0,9600,716200,0,
000089.SZ,000089,20251209,94437260,8306780,0,0,B,69400,200,7132935,8306779,
000089.SZ,000089,20251209,94438210,8311852,0,0,S,69300,100,8311851,956350,
000089.SZ,000089,20251209,94439810,8319380,0,0,B,69400,100,7132935,8319379,
000089.SZ,000089,20251209,94439850,8319576,0,0,S,69300,100,8319575,956350,
000089.SZ,000089,20251209,94440190,8321257,0,0,B,69400,100,7132935,8321256,
000089.SZ,000089,20251209,94443420,8336239,C,0, ,0,1400,0,6890978,
000089.SZ,000089,20251209,94444930,8342954,0,0,B,69400,1400,7132935,8342953,
000089.SZ,000089,20251209,94446200,8348448,0,0,B,69400,100,7132935,8348447,
000089.SZ,000089,20251209,94459740,8409532,0,0,S,69300,800,8409531,956350,
000089.SZ,000089,20251209,94502160,8425416,0,0,S,69300,200,8425415,956350,
000089.SZ,000089,20251209,94508030,8456320,0,0,S,69300,1600,8456319,956350,
000089.SZ,000089,20251209,94512030,8482288,0,0,S,69300,1500,8482287,956350,
000089.SZ,000089,20251209,94512630,8487078,0,0,S,69300,100,8487077,956350,
000089.SZ,000089,20251209,94512640,8487124,C,0, ,0,100,8335883,0,
000089.SZ,000089,20251209,94515830,8507145,0,0,S,69300,900,8507144,956350,
000089.SZ,000089,20251209,94515830,8507172,0,0,S,69300,800,8507171,956350,
000089.SZ,000089,20251209,94515840,8507208,0,0,S,69300,700,8507207,956350,
000089.SZ,000089,20251209,94515850,8507226,0,0,S,69300,700,8507225,956350,
000089.SZ,000089,20251209,94517700,8521264,C,0, ,0,20000,0,165456,
000089.SZ,000089,20251209,94517850,8522246,C,0, ,0,3000,3429416,0,
000089.SZ,000089,20251209,94541490,8657737,C,0, ,0,800,0,6104530,
000089.SZ,000089,20251209,94546200,8681751,0,0,B,69400,100,7132935,8681750,
000089.SZ,000089,20251209,94553890,8722724,C,0, ,0,100,7373059,0,
000089.SZ,000089,20251209,94601290,8767580,0,0,S,69300,400,8767579,956350,
000089.SZ,000089,20251209,94602110,8772299,0,0,S,69300,100,8772298,956350,
000089.SZ,000089,20251209,94609750,8824481,0,0,S,69300,200,8824480,956350,
000089.SZ,000089,20251209,94609760,8824515,C,0, ,0,12600,0,7784224,
000089.SZ,000089,20251209,94612080,8838511,0,0,S,69300,100,8838510,956350,
000089.SZ,000089,20251209,94612090,8838587,0,0,S,69300,500,8838586,956350,
000089.SZ,000089,20251209,94612130,8838755,0,0,S,69300,1200,8838754,956350,
000089.SZ,000089,20251209,94612140,8838850,0,0,S,69300,400,8838849,956350,
000089.SZ,000089,20251209,94612140,8838851,0,0,S,69300,800,8838849,962433,
000089.SZ,000089,20251209,94612140,8838852,0,0,S,69300,600,8838849,1503829,
000089.SZ,000089,20251209,94612150,8838887,0,0,S,69300,1500,8838886,1503829,
000089.SZ,000089,20251209,94612170,8839127,0,0,S,69300,1200,8839126,1503829,
000089.SZ,000089,20251209,94612190,8839320,0,0,S,69300,400,8839319,1503829,
000089.SZ,000089,20251209,94612190,8839353,0,0,S,69300,100,8839352,1503829,
000089.SZ,000089,20251209,94612200,8839443,0,0,S,69300,100,8839442,1503829,
000089.SZ,000089,20251209,94612220,8839495,0,0,S,69300,100,8839494,1503829,
000089.SZ,000089,20251209,94612220,8839540,0,0,S,69300,100,8839539,1503829,
000089.SZ,000089,20251209,94612240,8839648,0,0,S,69300,100,8839647,1503829,
000089.SZ,000089,20251209,94612970,8843793,0,0,S,69300,4400,8843792,1503829,
000089.SZ,000089,20251209,94612970,8843795,0,0,S,69300,900,8843794,1503829,
000089.SZ,000089,20251209,94612970,8843797,0,0,S,69300,300,8843796,1503829,
000089.SZ,000089,20251209,94612970,8843799,0,0,S,69300,100,8843798,1503829,
000089.SZ,000089,20251209,94612980,8843854,0,0,S,69300,700,8843853,1503829,
000089.SZ,000089,20251209,94615150,8855245,0,0,S,69300,200,8855244,1503829,
000089.SZ,000089,20251209,94615150,8855247,0,0,S,69300,2400,8855246,1503829,
000089.SZ,000089,20251209,94615150,8855249,0,0,S,69300,500,8855248,1503829,
000089.SZ,000089,20251209,94615150,8855251,0,0,S,69300,3000,8855250,1503829,
000089.SZ,000089,20251209,94615170,8855324,0,0,S,69300,300,8855323,1503829,
000089.SZ,000089,20251209,94615210,8855620,0,0,S,69300,1000,8855619,1503829,
000089.SZ,000089,20251209,94615210,8855657,0,0,S,69300,400,8855656,1841110,
000089.SZ,000089,20251209,94615230,8855771,0,0,S,69300,600,8855770,1841110,
000089.SZ,000089,20251209,94615270,8855966,0,0,S,69300,600,8855965,1841110,
000089.SZ,000089,20251209,94615460,8857226,0,0,S,69300,200,8857225,1841110,
000089.SZ,000089,20251209,94615460,8857227,0,0,S,69300,400,8857225,2035391,
000089.SZ,000089,20251209,94615460,8857232,0,0,S,69300,100,8857231,2035391,
000089.SZ,000089,20251209,94615460,8857233,0,0,S,69300,1600,8857231,2160470,
000089.SZ,000089,20251209,94615500,8857429,0,0,S,69300,400,8857428,2160470,
000089.SZ,000089,20251209,94616090,8860714,0,0,S,69300,100,8860713,2160470,
000089.SZ,000089,20251209,94616580,8863329,0,0,S,69300,2900,8863328,2160470,
000089.SZ,000089,20251209,94616580,8863330,0,0,S,69300,1100,8863328,2248014,
000089.SZ,000089,20251209,94616590,8863523,0,0,S,69300,100,8863522,2248014,
000089.SZ,000089,20251209,94616590,8863555,0,0,S,69300,200,8863554,2248014,
000089.SZ,000089,20251209,94616640,8863829,0,0,S,69300,100,8863828,2248014,
000089.SZ,000089,20251209,94617270,8866750,C,0, ,0,100,1260291,0,
000089.SZ,000089,20251209,94617330,8866952,C,0, ,0,300,1260290,0,
000089.SZ,000089,20251209,94618040,8870042,0,0,S,69300,1100,8870041,2248014,
000089.SZ,000089,20251209,94618050,8870119,C,0, ,0,200,6324180,0,
000089.SZ,000089,20251209,94618260,8871119,0,0,S,69300,2400,8871118,2248014,
000089.SZ,000089,20251209,94618260,8871120,0,0,S,69300,1300,8871118,2315562,
000089.SZ,000089,20251209,94618260,8871121,0,0,S,69300,2600,8871118,2425085,
000089.SZ,000089,20251209,94618260,8871123,0,0,S,69300,400,8871122,2425085,
000089.SZ,000089,20251209,94618260,8871124,0,0,S,69300,1000,8871122,2501184,
000089.SZ,000089,20251209,94618260,8871125,0,0,S,69300,4300,8871122,2991065,
000089.SZ,000089,20251209,94618260,8871126,0,0,S,69300,7500,8871122,3298210,
000089.SZ,000089,20251209,94618260,8871127,0,0,S,69300,1100,8871122,3576392,
000089.SZ,000089,20251209,94618260,8871128,0,0,S,69300,9500,8871122,3729763,
000089.SZ,000089,20251209,94618260,8871129,0,0,S,69300,1000,8871122,3919063,
000089.SZ,000089,20251209,94618260,8871130,0,0,S,69300,1000,8871122,3983474,
000089.SZ,000089,20251209,94618260,8871131,0,0,S,69300,4400,8871122,4168362,
000089.SZ,000089,20251209,94618260,8871134,0,0,S,69300,600,8871133,4168362,
000089.SZ,000089,20251209,94618260,8871135,0,0,S,69300,1000,8871133,4264708,
000089.SZ,000089,20251209,94618260,8871136,0,0,S,69300,1400,8871133,4407606,
000089.SZ,000089,20251209,94618260,8871138,0,0,S,69300,3800,8871137,4407606,
000089.SZ,000089,20251209,94618260,8871140,0,0,S,69300,2300,8871139,4407606,
000089.SZ,000089,20251209,94618260,8871142,0,0,S,69300,400,8871141,4407606,
000089.SZ,000089,20251209,94618260,8871143,0,0,S,69300,1100,8871141,4446494,
000089.SZ,000089,20251209,94618260,8871144,0,0,S,69300,200,8871141,4572420,
000089.SZ,000089,20251209,94618260,8871145,0,0,S,69300,2100,8871141,4607801,
000089.SZ,000089,20251209,94618260,8871146,0,0,S,69300,100,8871141,4610366,
000089.SZ,000089,20251209,94618260,8871148,0,0,S,69300,100,8871147,4610366,
000089.SZ,000089,20251209,94618260,8871149,0,0,S,69300,1000,8871147,4834617,
000089.SZ,000089,20251209,94618260,8871150,0,0,S,69300,400,8871147,4836199,
000089.SZ,000089,20251209,94618260,8871151,0,0,S,69300,100,8871147,4887558,
000089.SZ,000089,20251209,94618260,8871160,C,0, ,0,200,0,8268520,
000089.SZ,000089,20251209,94618260,8871161,C,0, ,0,100,0,8268522,
000089.SZ,000089,20251209,94618260,8871170,0,0,S,69300,5400,8871169,4887558,
000089.SZ,000089,20251209,94618260,8871174,0,0,S,69300,100,8871173,4963126,
000089.SZ,000089,20251209,94618260,8871175,0,0,S,69300,100,8871173,4963128,
000089.SZ,000089,20251209,94618260,8871176,0,0,S,69300,100,8871173,4963131,
000089.SZ,000089,20251209,94618260,8871177,0,0,S,69300,100,8871173,4963156,
000089.SZ,000089,20251209,94618260,8871178,0,0,S,69300,2000,8871173,5008163,
000089.SZ,000089,20251209,94618260,8871179,0,0,S,69300,100,8871173,5011719,
000089.SZ,000089,20251209,94618260,8871180,0,0,S,69300,100,8871173,5011721,
000089.SZ,000089,20251209,94618260,8871181,0,0,S,69300,100,8871173,5011737,
000089.SZ,000089,20251209,94618260,8871182,0,0,S,69300,200,8871173,5011746,
000089.SZ,000089,20251209,94618260,8871183,0,0,S,69300,100,8871173,5011787,
000089.SZ,000089,20251209,94618260,8871184,0,0,S,69300,100,8871173,5023301,
000089.SZ,000089,20251209,94618260,8871185,0,0,S,69300,200,8871173,5023408,
000089.SZ,000089,20251209,94618260,8871190,0,0,S,69300,100,8871189,5023408,
000089.SZ,000089,20251209,94618260,8871195,0,0,S,69300,100,8871194,5054598,
000089.SZ,000089,20251209,94618260,8871196,0,0,S,69300,100,8871194,5081389,
000089.SZ,000089,20251209,94618260,8871197,0,0,S,69300,100,8871194,5087855,
000089.SZ,000089,20251209,94618260,8871198,0,0,S,69300,100,8871194,5115235,
000089.SZ,000089,20251209,94618260,8871199,0,0,S,69300,1100,8871194,5119588,
000089.SZ,000089,20251209,94618260,8871200,0,0,S,69300,4400,8871194,5135258,
000089.SZ,000089,20251209,94618260,8871201,0,0,S,69300,2700,8871194,5152239,
000089.SZ,000089,20251209,94618260,8871203,0,0,S,69300,2300,8871202,5152239,
000089.SZ,000089,20251209,94618260,8871204,0,0,S,69300,100,8871202,5152334,
000089.SZ,000089,20251209,94618260,8871205,0,0,S,69300,300,8871202,5165821,
000089.SZ,000089,20251209,94618260,8871206,0,0,S,69300,100,8871202,5207821,
000089.SZ,000089,20251209,94618260,8871207,0,0,S,69300,100,8871202,5231222,
000089.SZ,000089,20251209,94618260,8871208,0,0,S,69300,100,8871202,5231223,
000089.SZ,000089,20251209,94618260,8871210,0,0,S,69300,100,8871209,5242869,
000089.SZ,000089,20251209,94618260,8871211,0,0,S,69300,100,8871209,5266466,
000089.SZ,000089,20251209,94618260,8871212,0,0,S,69300,300,8871209,5309546,
000089.SZ,000089,20251209,94618260,8871213,0,0,S,69300,100,8871209,5328976,
000089.SZ,000089,20251209,94618260,8871214,0,0,S,69300,800,8871209,5352227,
000089.SZ,000089,20251209,94618260,8871215,0,0,S,69300,300,8871209,5469972,
000089.SZ,000089,20251209,94618260,8871218,0,0,S,69300,2100,8871217,5469972,
000089.SZ,000089,20251209,94618260,8871220,0,0,S,69300,600,8871219,5469972,
000089.SZ,000089,20251209,94618260,8871221,0,0,S,69300,1000,8871219,5472253,
000089.SZ,000089,20251209,94618270,8871229,0,0,S,69300,300,8871228,5472253,
000089.SZ,000089,20251209,94618270,8871235,0,0,S,69300,1200,8871234,5472253,
000089.SZ,000089,20251209,94618270,8871242,0,0,S,69300,4100,8871241,5472253,
000089.SZ,000089,20251209,94618270,8871267,C,0, ,0,100,0,5894179,
000089.SZ,000089,20251209,94618270,8871272,0,0,S,69300,2200,8871271,5472253,
000089.SZ,000089,20251209,94618270,8871274,0,0,S,69300,1200,8871273,5472253,
000089.SZ,000089,20251209,94618270,8871275,0,0,S,69300,1800,8871273,5535967,
000089.SZ,000089,20251209,94618270,8871279,0,0,S,69300,600,8871278,5535967,
000089.SZ,000089,20251209,94618270,8871281,0,0,S,69300,1300,8871280,5535967,
000089.SZ,000089,20251209,94618270,8871283,0,0,S,69300,600,8871282,5535967,
000089.SZ,000089,20251209,94618270,8871284,0,0,S,69300,3000,8871282,5547477,
000089.SZ,000089,20251209,94618270,8871285,0,0,S,69300,1100,8871282,5610264,
000089.SZ,000089,20251209,94618270,8871286,0,0,S,69300,400,8871282,5793027,
000089.SZ,000089,20251209,94618270,8871287,0,0,S,69300,4400,8871282,5909783,
000089.SZ,000089,20251209,94618270,8871291,0,0,S,69300,1400,8871290,5909783,
000089.SZ,000089,20251209,94618270,8871293,0,0,S,69300,12600,8871292,5909783,
000089.SZ,000089,20251209,94618280,8871302,0,0,S,69300,1400,8871301,5909783,
000089.SZ,000089,20251209,94618280,8871306,0,0,S,69300,13000,8871305,5909783,
000089.SZ,000089,20251209,94618280,8871340,0,0,S,69300,100,8871339,5909783,
000089.SZ,000089,20251209,94618280,8871342,0,0,S,69300,100,8871341,5909783,
000089.SZ,000089,20251209,94618280,8871345,0,0,S,69300,100,8871344,5909783,
000089.SZ,000089,20251209,94618280,8871347,0,0,S,69300,100,8871346,5909783,
000089.SZ,000089,20251209,94618280,8871351,0,0,S,69300,400,8871350,5909783,
000089.SZ,000089,20251209,94618280,8871356,0,0,S,69300,100,8871355,5909783,
000089.SZ,000089,20251209,94618280,8871361,0,0,S,69300,1800,8871360,5909783,
000089.SZ,000089,20251209,94618280,8871365,0,0,S,69300,1600,8871364,5909783,
000089.SZ,000089,20251209,94618280,8871383,0,0,S,69300,4400,8871382,5909783,
000089.SZ,000089,20251209,94618280,8871386,0,0,S,69300,1300,8871385,5909783,
000089.SZ,000089,20251209,94618280,8871388,0,0,S,69300,1200,8871387,5909783,
000089.SZ,000089,20251209,94618280,8871396,0,0,S,69300,100,8871395,5909783,
000089.SZ,000089,20251209,94618290,8871420,0,0,S,69300,100,8871419,5909783,
000089.SZ,000089,20251209,94618290,8871438,C,0, ,0,1100,1072909,0,
000089.SZ,000089,20251209,94618290,8871444,0,0,S,69300,1400,8871443,5909783,
000089.SZ,000089,20251209,94618320,8871623,0,0,S,69300,300,8871622,5909783,
000089.SZ,000089,20251209,94618320,8871661,0,0,S,69300,100,8871660,5909783,
000089.SZ,000089,20251209,94618320,8871663,0,0,S,69300,100,8871662,5909783,
000089.SZ,000089,20251209,94618550,8872796,0,0,S,69300,100,8872795,5909783,
000089.SZ,000089,20251209,94618660,8873467,0,0,S,69300,100,8873466,5909783,
000089.SZ,000089,20251209,94618830,8874462,C,0, ,0,10300,8652085,0,
000089.SZ,000089,20251209,94619110,8876669,0,0,S,69300,1100,8876668,5909783,
000089.SZ,000089,20251209,94619340,8878249,0,0,S,69300,100,8878248,5909783,
000089.SZ,000089,20251209,94619350,8878260,0,0,S,69300,100,8878259,5909783,
000089.SZ,000089,20251209,94621210,8888273,C,0, ,0,300,0,8657111,
000089.SZ,000089,20251209,94621210,8888274,C,0, ,0,300,0,8657112,
000089.SZ,000089,20251209,94621210,8888279,C,0, ,0,300,0,8657222,
000089.SZ,000089,20251209,94621220,8888282,C,0, ,0,1500,0,8657124,
000089.SZ,000089,20251209,94621220,8888291,C,0, ,0,300,0,8657132,
000089.SZ,000089,20251209,94621220,8888300,C,0, ,0,500,0,8657150,
000089.SZ,000089,20251209,94621220,8888302,C,0, ,0,900,0,8657331,
000089.SZ,000089,20251209,94621220,8888330,C,0, ,0,300,0,8657174,
000089.SZ,000089,20251209,94621220,8888336,C,0, ,0,400,0,8657179,
000089.SZ,000089,20251209,94621220,8888339,C,0, ,0,600,0,8657177,
000089.SZ,000089,20251209,94621220,8888343,C,0, ,0,300,0,8657200,
000089.SZ,000089,20251209,94621220,8888344,C,0, ,0,1100,0,8657199,
000089.SZ,000089,20251209,94621220,8888346,C,0, ,0,600,0,8657180,
000089.SZ,000089,20251209,94621220,8888347,C,0, ,0,300,0,8657143,
000089.SZ,000089,20251209,94621240,8888418,C,0, ,0,300,0,8657269,
000089.SZ,000089,20251209,94621250,8888429,C,0, ,0,300,0,8657324,
000089.SZ,000089,20251209,94621250,8888431,0,0,S,69300,3200,8888430,5909783,
000089.SZ,000089,20251209,94621250,8888433,0,0,S,69300,12000,8888432,5909783,
000089.SZ,000089,20251209,94621250,8888434,0,0,S,69300,1700,8888432,5996300,
000089.SZ,000089,20251209,94621250,8888435,0,0,S,69300,1000,8888432,6075397,
000089.SZ,000089,20251209,94621250,8888437,0,0,S,69300,8400,8888436,6075397,
000089.SZ,000089,20251209,94621250,8888439,0,0,S,69300,1000,8888438,6075397,
000089.SZ,000089,20251209,94621250,8888440,0,0,S,69300,100,8888438,6148764,
000089.SZ,000089,20251209,94621250,8888441,0,0,S,69300,4700,8888438,6168674,
000089.SZ,000089,20251209,94621250,8888442,0,0,S,69300,800,8888438,6266994,
000089.SZ,000089,20251209,94621250,8888479,0,0,S,69300,4200,8888478,6266994,
000089.SZ,000089,20251209,94621250,8888480,0,0,S,69300,900,8888478,6300432,
000089.SZ,000089,20251209,94621250,8888482,0,0,S,69300,2000,8888481,6461551,
000089.SZ,000089,20251209,94621250,8888483,0,0,S,69300,500,8888481,6504394,
000089.SZ,000089,20251209,94621250,8888484,0,0,S,69300,500,8888481,6531260,
000089.SZ,000089,20251209,94621250,8888485,0,0,S,69300,200,8888481,6633312,
000089.SZ,000089,20251209,94621250,8888486,0,0,S,69300,100,8888481,6667333,
000089.SZ,000089,20251209,94621250,8888487,0,0,S,69300,100,8888481,6672414,
000089.SZ,000089,20251209,94621250,8888488,0,0,S,69300,100,8888481,6673373,
000089.SZ,000089,20251209,94621250,8888489,0,0,S,69300,100,8888481,6713702,
000089.SZ,000089,20251209,94621250,8888490,0,0,S,69300,200,8888481,6721597,
000089.SZ,000089,20251209,94621250,8888491,0,0,S,69300,200,8888481,6752405,
000089.SZ,000089,20251209,94621250,8888492,0,0,S,69300,700,8888481,6755024,
000089.SZ,000089,20251209,94621250,8888493,0,0,S,69300,200,8888481,6755033,
000089.SZ,000089,20251209,94621250,8888494,0,0,S,69300,200,8888481,6755046,
000089.SZ,000089,20251209,94621250,8888495,0,0,S,69300,100,8888481,6756130,
000089.SZ,000089,20251209,94621250,8888496,0,0,S,69300,200,8888481,6756134,
000089.SZ,000089,20251209,94621250,8888497,0,0,S,69300,100,8888481,6756135,
000089.SZ,000089,20251209,94621250,8888498,0,0,S,69300,3900,8888481,7024872,
000089.SZ,000089,20251209,94621260,8888528,0,0,S,69300,1500,8888527,7024872,
000089.SZ,000089,20251209,94621260,8888529,0,0,S,69300,200,8888527,7042998,
000089.SZ,000089,20251209,94621260,8888530,0,0,S,69300,1000,8888527,7346170,
000089.SZ,000089,20251209,94621260,8888531,0,0,S,69300,2000,8888527,7459787,
000089.SZ,000089,20251209,94621260,8888532,0,0,S,69300,1000,8888527,7736734,
000089.SZ,000089,20251209,94621260,8888533,0,0,S,69300,100,8888527,7784310,
000089.SZ,000089,20251209,94621260,8888534,0,0,S,69300,5700,8888527,7793081,
000089.SZ,000089,20251209,94621260,8888535,0,0,S,69300,1000,8888527,7801846,
000089.SZ,000089,20251209,94621260,8888536,0,0,S,69300,500,8888527,7852563,
000089.SZ,000089,20251209,94621260,8888537,0,0,S,69300,4500,8888527,7871619,
000089.SZ,000089,20251209,94621260,8888543,0,0,S,69300,3000,8888542,7871619,
000089.SZ,000089,20251209,94621260,8888545,0,0,S,69300,3500,8888544,7871619,
000089.SZ,000089,20251209,94621260,8888553,0,0,S,69300,800,8888552,7871619,
000089.SZ,000089,20251209,94621270,8888560,0,0,S,69300,1800,8888559,7871619,
000089.SZ,000089,20251209,94621270,8888562,0,0,S,69300,100,8888561,7871619,
000089.SZ,000089,20251209,94621270,8888563,0,0,S,69300,1500,8888561,7898323,
000089.SZ,000089,20251209,94621300,8888752,C,0, ,0,1400,1087577,0,
000089.SZ,000089,20251209,94621490,8889801,C,0, ,0,800,6131126,0,
000089.SZ,000089,20251209,94622020,8892496,0,0,S,69300,100,8892495,7898323,
000089.SZ,000089,20251209,94622020,8892519,0,0,S,69300,400,8892518,7898323,
000089.SZ,000089,20251209,94622020,8892520,0,0,S,69300,600,8892518,7951186,
000089.SZ,000089,20251209,94622080,8892738,0,0,S,69300,100,8892737,7951186,
000089.SZ,000089,20251209,94622100,8892857,0,0,S,69300,1300,8892856,7951186,
000089.SZ,000089,20251209,94622100,8892858,0,0,S,69300,700,8892856,8064257,
000089.SZ,000089,20251209,94622100,8892859,0,0,S,69300,700,8892856,8190757,
000089.SZ,000089,20251209,94622100,8892890,0,0,S,69300,300,8892889,8190757,
000089.SZ,000089,20251209,94622100,8892891,0,0,S,69300,600,8892889,8210475,
000089.SZ,000089,20251209,94622490,8895156,0,0,S,69300,100,8895155,8210475,
000089.SZ,000089,20251209,94624150,8902800,0,0,S,69300,400,8902799,8210475,
000089.SZ,000089,20251209,94626230,8913102,0,0,B,69400,100,7132935,8913101,
000089.SZ,000089,20251209,94626240,8913122,0,0,S,69300,1000,8913121,8210475,
000089.SZ,000089,20251209,94631620,8939467,0,0,S,69300,100,8939466,8210475,
000089.SZ,000089,20251209,94631620,8939507,0,0,S,69300,200,8939506,8210475,
000089.SZ,000089,20251209,94631620,8939508,0,0,S,69300,800,8939506,8228617,
000089.SZ,000089,20251209,94632320,8943177,C,0, ,0,100,7753170,0,
000089.SZ,000089,20251209,94632400,8943664,0,0,S,69300,5000,8943663,8228617,
000089.SZ,000089,20251209,94635130,8958526,0,0,B,69400,200,7132935,8958525,
000089.SZ,000089,20251209,94636980,8968075,C,0, ,0,800,8889803,0,
000089.SZ,000089,20251209,94646530,9018328,0,0,B,69400,5000,7132935,9018327,
000089.SZ,000089,20251209,94646600,9018725,C,0, ,0,3000,0,2040822,
000089.SZ,000089,20251209,94647930,9025126,C,0, ,0,8200,8874472,0,
000089.SZ,000089,20251209,94648890,9030674,0,0,B,69400,100,7132935,9030673,
000089.SZ,000089,20251209,94652600,9050738,0,0,S,69300,100,9050737,8228617,
000089.SZ,000089,20251209,94657520,9077452,C,0, ,0,5500,8964517,0,
000089.SZ,000089,20251209,94658300,9081627,C,0, ,0,3000,196481,0,
000089.SZ,000089,20251209,94658370,9081891,C,0, ,0,3000,191856,0,
000089.SZ,000089,20251209,94658430,9082302,C,0, ,0,500,0,8621266,
000089.SZ,000089,20251209,94658480,9082514,C,0, ,0,3000,191836,0,
000089.SZ,000089,20251209,94702150,9105637,C,0, ,0,100,7478942,0,
000089.SZ,000089,20251209,94706320,9130469,0,0,S,69300,100,9130468,8228617,
000089.SZ,000089,20251209,94712300,9163197,C,0, ,0,600,9087202,0,
000089.SZ,000089,20251209,94712500,9164213,C,0, ,0,15700,8871222,0,
000089.SZ,000089,20251209,94713300,9169283,0,0,S,69300,600,9169282,8228617,
000089.SZ,000089,20251209,94715150,9178508,C,0, ,0,100,8892517,0,
000089.SZ,000089,20251209,94720540,9206564,0,0,S,69300,100,9206563,8228617,
000089.SZ,000089,20251209,94725630,9232194,C,0, ,0,20000,0,200403,
000089.SZ,000089,20251209,94726230,9234860,C,0, ,0,16200,205186,0,
000089.SZ,000089,20251209,94729270,9248314,C,0, ,0,15600,817087,0,
000089.SZ,000089,20251209,94729520,9249377,0,0,S,69300,200,9249376,8228617,
000089.SZ,000089,20251209,94731660,9260779,C,0, ,0,4000,8957533,0,
000089.SZ,000089,20251209,94731720,9261077,C,0, ,0,4000,7412029,0,
000089.SZ,000089,20251209,94735420,9279377,C,0, ,0,4000,7342514,0,
000089.SZ,000089,20251209,94741340,9307964,0,0,B,69400,1200,7132935,9307963,
000089.SZ,000089,20251209,94742540,9313420,C,0, ,0,100,9176607,0,
000089.SZ,000089,20251209,94742560,9313498,0,0,S,69300,100,9313497,8228617,
000089.SZ,000089,20251209,94743470,9318088,0,0,S,69300,500,9318087,8228617,
000089.SZ,000089,20251209,94748630,9341844,C,0, ,0,1000,7144048,0,
000089.SZ,000089,20251209,94750130,9349825,C,0, ,0,6100,9025140,0,
000089.SZ,000089,20251209,94800760,9400320,0,0,S,69300,1000,9400319,8228617,
000089.SZ,000089,20251209,94805830,9429409,0,0,B,69400,500,7132935,9429408,
000089.SZ,000089,20251209,94806130,9430759,0,0,B,69400,1400,7132935,9430758,
000089.SZ,000089,20251209,94806130,9430764,C,0, ,0,1600,0,8703598,
000089.SZ,000089,20251209,94827760,9559163,0,0,B,69400,2800,7132935,9559162,
000089.SZ,000089,20251209,94848290,9659018,0,0,S,69300,100,9659017,8228617,
000089.SZ,000089,20251209,94901920,9724984,C,0, ,0,4800,7531290,0,
000089.SZ,000089,20251209,94901920,9724987,C,0, ,0,2500,7811784,0,
000089.SZ,000089,20251209,94901940,9725093,C,0, ,0,6300,7141565,0,
000089.SZ,000089,20251209,94902220,9727435,C,0, ,0,100,7811650,0,
000089.SZ,000089,20251209,94902220,9727436,C,0, ,0,100,7138387,0,
000089.SZ,000089,20251209,94902340,9727882,C,0, ,0,5300,9349832,0,
000089.SZ,000089,20251209,94902340,9727896,C,0, ,0,800,8652111,0,
000089.SZ,000089,20251209,94903030,9730842,C,0, ,0,100,0,9672013,
000089.SZ,000089,20251209,94904030,9735822,0,0,B,69400,100,7132935,9735821,
000089.SZ,000089,20251209,94907320,9753500,C,0, ,0,10800,9024771,0,
000089.SZ,000089,20251209,94907580,9755105,0,0,B,69400,200,7132935,9755104,
000089.SZ,000089,20251209,94918000,9803558,0,0,B,69400,100,7132935,9803557,
000089.SZ,000089,20251209,94918030,9803710,0,0,S,69300,100,9803709,8228617,
000089.SZ,000089,20251209,94918040,9803746,0,0,S,69300,100,9803745,8228617,
000089.SZ,000089,20251209,94918640,9806686,0,0,S,69300,100,9806685,8228617,
000089.SZ,000089,20251209,94918660,9806764,0,0,S,69300,100,9806763,8228617,
000089.SZ,000089,20251209,94923170,9827292,C,0, ,0,100,9206996,0,
000089.SZ,000089,20251209,94923170,9827296,0,0,S,69300,100,9827295,8228617,
000089.SZ,000089,20251209,94923180,9827357,0,0,S,69300,100,9827356,8228617,
000089.SZ,000089,20251209,94929340,9855132,C,0, ,0,1500,8652091,0,
