万得代码,交易所代码,自然日,时间,委托编号,交易所委托号,委托类型,委托代码,委托价格,委托数量,
600037.SH,600037,20251209,91400360,0,0,S,I,0,0,
600037.SH,600037,20251209,91500100,0,1745,A,S,82700,100,
600037.SH,600037,20251209,91501420,0,5164,A,S,82700,2100,
600037.SH,600037,20251209,91501450,0,5566,A,B,74700,100,
600037.SH,600037,20251209,91501450,0,5848,A,S,81400,600,
600037.SH,600037,20251209,91501630,0,6206,A,S,77900,5000,
600037.SH,600037,20251209,91501700,0,6592,A,S,77900,3100,
600037.SH,600037,20251209,91501720,0,7173,A,S,76500,500,
600037.SH,600037,20251209,91501720,0,7252,A,S,77000,1400,
600037.SH,600037,20251209,91501810,0,9715,A,S,82600,200,
600037.SH,600037,20251209,91501810,0,9866,A,B,74000,100,
600037.SH,600037,20251209,91501810,0,9881,A,B,74500,100,
600037.SH,600037,20251209,91501910,0,10223,A,B,74200,1500,
600037.SH,600037,20251209,91502080,0,11985,A,S,77000,600,
600037.SH,600037,20251209,91502080,0,12328,A,S,82600,100,
600037.SH,600037,20251209,91502080,0,12670,A,S,76800,100,
600037.SH,600037,20251209,91502080,0,12671,A,S,78000,100,
600037.SH,600037,20251209,91502080,0,13125,A,S,75700,10000,
600037.SH,600037,20251209,91502080,0,13126,A,S,76900,10000,
600037.SH,600037,20251209,91502080,0,13143,A,S,82700,200,
600037.SH,600037,20251209,91502080,0,13365,A,S,80000,9200,
600037.SH,600037,20251209,91502080,0,13373,A,B,74300,2000,
600037.SH,600037,20251209,91502080,0,13389,A,S,76300,2000,
600037.SH,600037,20251209,91502080,0,13390,A,S,76900,2000,
600037.SH,600037,20251209,91502080,0,13400,A,S,77700,2000,
600037.SH,600037,20251209,91502080,0,13414,A,S,78800,1900,
600037.SH,600037,20251209,91502080,0,13422,A,S,76300,10000,
600037.SH,600037,20251209,91502080,0,13587,A,S,76600,200,
600037.SH,600037,20251209,91502080,0,13819,A,S,81700,900,
600037.SH,600037,20251209,91502080,0,13859,A,S,80700,400,
600037.SH,600037,20251209,91502200,0,13945,A,S,82600,100,
600037.SH,600037,20251209,91502200,0,14150,A,B,68400,100,
600037.SH,600037,20251209,91502270,0,15187,A,S,77400,2000,
600037.SH,600037,20251209,91502270,0,15959,A,B,75300,700,
600037.SH,600037,20251209,91502420,0,17337,A,S,82700,2000,
600037.SH,600037,20251209,91502420,0,17341,A,S,82300,2000,
600037.SH,600037,20251209,91502420,0,17344,A,S,81800,2000,
600037.SH,600037,20251209,91502420,0,17512,A,S,82700,2000,
600037.SH,600037,20251209,91502420,0,17517,A,S,82200,2000,
600037.SH,600037,20251209,91502470,0,17623,A,S,82700,2000,
600037.SH,600037,20251209,91502470,0,17645,A,S,82200,2000,
600037.SH,600037,20251209,91502470,0,17667,A,S,82700,2000,
600037.SH,600037,20251209,91502470,0,17682,A,S,82200,2000,
600037.SH,600037,20251209,91502490,0,17984,A,B,72200,6000,
600037.SH,600037,20251209,91502510,0,18435,A,B,74600,4500,
600037.SH,600037,20251209,91502590,0,19906,A,S,76800,100,
600037.SH,600037,20251209,91502590,0,19910,A,S,78800,100,
600037.SH,600037,20251209,91502590,0,19921,A,S,79800,100,
600037.SH,600037,20251209,91502590,0,19929,A,B,74100,100,
600037.SH,600037,20251209,91502720,0,21791,A,S,76400,2400,
600037.SH,600037,20251209,91502720,0,22238,A,S,82700,200,
600037.SH,600037,20251209,91502720,0,23358,A,B,74300,800,
600037.SH,600037,20251209,91502720,0,23369,A,S,81500,100,
600037.SH,600037,20251209,91502850,0,23695,A,B,74600,500,
600037.SH,600037,20251209,91502850,0,24778,A,B,73500,400,
600037.SH,600037,20251209,91502850,0,25143,A,B,67700,1600,
600037.SH,600037,20251209,91502970,0,26998,A,S,82300,100,
600037.SH,600037,20251209,91503100,0,28101,A,S,76800,1000,
600037.SH,600037,20251209,91503100,0,28537,A,S,77700,2000,
600037.SH,600037,20251209,91503100,0,28551,A,S,76500,1000,
600037.SH,600037,20251209,91503100,0,28559,A,S,76000,1000,
600037.SH,600037,20251209,91503100,0,28568,A,B,73000,3000,
600037.SH,600037,20251209,91503100,0,28583,A,B,74000,2000,
600037.SH,600037,20251209,91503100,0,28601,A,B,74500,1000,
600037.SH,600037,20251209,91503100,0,28612,A,B,75200,1000,
600037.SH,600037,20251209,91503100,0,28619,A,S,77000,1000,
600037.SH,600037,20251209,91503350,0,31751,A,S,79500,200,
600037.SH,600037,20251209,91503350,0,31939,A,S,81000,100,
600037.SH,600037,20251209,91503350,0,32208,A,S,79300,5000,
600037.SH,600037,20251209,91503350,0,32236,A,S,77800,5000,
600037.SH,600037,20251209,91503350,0,32470,A,S,76000,10000,
600037.SH,600037,20251209,91503350,0,32909,A,S,75900,2000,
600037.SH,600037,20251209,91503350,0,33233,A,S,75600,18100,
600037.SH,600037,20251209,91503480,0,33271,A,S,75800,17700,
600037.SH,600037,20251209,91503480,0,33732,A,S,79900,5700,
600037.SH,600037,20251209,91503480,0,34054,A,S,80600,400,
600037.SH,600037,20251209,91503480,0,34125,A,S,76000,30800,
600037.SH,600037,20251209,91503480,0,34126,A,S,76100,29100,
600037.SH,600037,20251209,91503480,0,34127,A,S,76200,20500,
600037.SH,600037,20251209,91503480,0,34163,A,S,76800,39100,
600037.SH,600037,20251209,91503480,0,34410,A,S,82300,16200,
600037.SH,600037,20251209,91503480,0,35015,A,S,79700,10000,
600037.SH,600037,20251209,91503480,0,35213,A,B,67900,2500,
600037.SH,600037,20251209,91503610,0,35835,A,S,77200,2500,
600037.SH,600037,20251209,91503610,0,36437,A,S,82700,100,
600037.SH,600037,20251209,91503610,0,37047,A,S,78000,6000,
600037.SH,600037,20251209,91503610,0,37048,A,S,80000,5000,
600037.SH,600037,20251209,91503610,0,37049,A,S,82500,10000,
600037.SH,600037,20251209,91503610,0,37096,A,B,71500,6000,
600037.SH,600037,20251209,91503610,0,37097,A,B,69000,6000,
600037.SH,600037,20251209,91503750,0,38643,A,S,81600,1000,
600037.SH,600037,20251209,91503910,0,40592,A,S,82000,1200,
600037.SH,600037,20251209,91504070,0,41759,A,B,67700,700,
600037.SH,600037,20251209,91504070,0,42601,A,S,76900,1300,
600037.SH,600037,20251209,91504180,0,43957,A,B,74400,800,
600037.SH,600037,20251209,91504180,0,43965,A,B,74600,400,
600037.SH,600037,20251209,91504340,0,44718,A,B,74000,2400,
600037.SH,600037,20251209,91504340,0,45014,A,S,76200,200,
600037.SH,600037,20251209,91504340,0,45047,A,S,82000,100,
600037.SH,600037,20251209,91504340,0,45625,A,S,80500,100,
600037.SH,600037,20251209,91504340,0,45626,A,S,76300,2500,
600037.SH,600037,20251209,91504340,0,45685,A,S,78300,2800,
600037.SH,600037,20251209,91504340,0,46170,A,S,82700,1600,
600037.SH,600037,20251209,91504490,0,46873,A,S,77500,1000,
600037.SH,600037,20251209,91504490,0,47085,A,S,78600,400,
600037.SH,600037,20251209,91504490,0,47365,A,B,72600,400,
600037.SH,600037,20251209,91504490,0,47917,A,S,80500,200,
600037.SH,600037,20251209,91504630,0,49428,A,S,82700,14000,
600037.SH,600037,20251209,91504630,0,49974,A,S,82600,3200,
600037.SH,600037,20251209,91504630,0,50355,A,B,68800,400,
600037.SH,600037,20251209,91504930,0,53379,A,B,69500,2400,
600037.SH,600037,20251209,91504930,0,53620,A,S,82600,100,
600037.SH,600037,20251209,91504930,0,54045,A,B,74600,5000,
600037.SH,600037,20251209,91504930,0,54077,A,B,74100,5000,
600037.SH,600037,20251209,91504930,0,54090,A,S,76900,5000,
600037.SH,600037,20251209,91505060,0,54656,A,S,76300,500,
600037.SH,600037,20251209,91505060,0,54657,A,S,76400,500,
600037.SH,600037,20251209,91505060,0,54716,A,S,76500,500,
600037.SH,600037,20251209,91505060,0,54741,A,S,76600,500,
600037.SH,600037,20251209,91505060,0,54743,A,S,76700,500,
600037.SH,600037,20251209,91505060,0,54775,A,S,76700,500,
600037.SH,600037,20251209,91505060,0,54805,A,S,76800,500,
600037.SH,600037,20251209,91505060,0,54832,A,S,76900,500,
600037.SH,600037,20251209,91505060,0,54853,A,S,77000,500,
600037.SH,600037,20251209,91505060,0,55008,A,B,68400,100,
600037.SH,600037,20251209,91505060,0,55465,A,S,75300,1000,
600037.SH,600037,20251209,91505060,0,55466,A,S,75400,1000,
600037.SH,600037,20251209,91505060,0,55467,A,S,75500,1000,
600037.SH,600037,20251209,91505060,0,55491,A,B,74200,2000,
600037.SH,600037,20251209,91505060,0,55758,A,B,74100,600,
600037.SH,600037,20251209,91505060,0,56019,A,S,81500,800,
600037.SH,600037,20251209,91505220,0,56777,A,S,82700,5000,
600037.SH,600037,20251209,91505220,0,57172,A,B,75400,100,
600037.SH,600037,20251209,91505220,0,57443,A,B,73300,5000,
600037.SH,600037,20251209,91505380,0,58662,A,B,73500,200,
600037.SH,600037,20251209,91505380,0,58683,A,B,72000,200,
600037.SH,600037,20251209,91505530,0,60816,A,S,82600,400,
600037.SH,600037,20251209,91505530,0,60865,A,S,81500,500,
600037.SH,600037,20251209,91505530,0,61503,A,B,70000,2000,
600037.SH,600037,20251209,91505690,0,63096,A,S,79700,10000,
600037.SH,600037,20251209,91505690,0,63097,A,S,82700,10000,
600037.SH,600037,20251209,91505850,0,65955,A,S,76000,21800,
600037.SH,600037,20251209,91506000,0,66125,A,S,82200,2200,
600037.SH,600037,20251209,91506000,0,66335,A,S,76100,500,
600037.SH,600037,20251209,91506000,0,66465,A,B,70000,100,
600037.SH,600037,20251209,91506000,0,67052,A,S,76100,60000,
600037.SH,600037,20251209,91506000,0,67336,A,B,75300,6500,
600037.SH,600037,20251209,91506130,0,69623,A,S,82700,75600,
600037.SH,600037,20251209,91506130,0,69626,A,B,74000,200,
600037.SH,600037,20251209,91506130,0,69639,A,S,82700,1200,
600037.SH,600037,20251209,91506290,0,71050,A,B,74500,100000,
600037.SH,600037,20251209,91506290,0,71058,A,S,76400,100000,
600037.SH,600037,20251209,91506290,0,71300,A,S,82500,100,
600037.SH,600037,20251209,91506290,0,71302,A,S,79500,500,
600037.SH,600037,20251209,91506430,0,73013,A,S,78900,1500,
600037.SH,600037,20251209,91506430,0,73543,A,B,74900,2000,
600037.SH,600037,20251209,91506590,0,74156,A,S,80000,200,
600037.SH,600037,20251209,91506590,0,74164,A,S,77500,2000,
600037.SH,600037,20251209,91506590,0,74165,A,S,77600,10000,
600037.SH,600037,20251209,91506590,0,74217,A,S,77700,20000,
600037.SH,600037,20251209,91506590,0,74375,A,S,76600,10000,
600037.SH,600037,20251209,91506590,0,74452,A,S,82700,200,
600037.SH,600037,20251209,91506590,0,74492,A,B,74600,1000,
600037.SH,600037,20251209,91506590,0,74495,A,B,70000,200,
600037.SH,600037,20251209,91506590,0,74514,A,B,67700,200,
600037.SH,600037,20251209,91506590,0,74720,A,S,80300,100,
600037.SH,600037,20251209,91506590,0,75201,A,S,76700,5600,
600037.SH,600037,20251209,91506590,0,75535,A,S,82600,200,
600037.SH,600037,20251209,91506740,0,76885,A,S,81900,100,
600037.SH,600037,20251209,91506740,0,77819,A,B,74500,1500,
600037.SH,600037,20251209,91506740,0,77838,A,B,70000,2200,
600037.SH,600037,20251209,91507030,0,79240,A,S,82700,7000,
600037.SH,600037,20251209,91507030,0,79357,A,B,75000,100,
600037.SH,600037,20251209,91507180,0,81135,A,S,79600,500,
600037.SH,600037,20251209,91507180,0,82290,A,S,82100,100,
600037.SH,600037,20251209,91507180,0,82573,A,S,82300,100,
600037.SH,600037,20251209,91507340,0,84138,A,S,79500,200,
600037.SH,600037,20251209,91507510,0,85560,A,S,76500,500,
600037.SH,600037,20251209,91507510,0,85830,A,B,74700,1400,
600037.SH,600037,20251209,91507510,0,85995,A,S,81600,200,
600037.SH,600037,20251209,91507510,0,86707,A,S,82700,10000,
600037.SH,600037,20251209,91507850,0,90911,A,B,75300,300,
600037.SH,600037,20251209,91508010,0,92335,A,S,76600,600,
600037.SH,600037,20251209,91508010,0,92336,A,S,75900,600,
600037.SH,600037,20251209,91508180,0,93471,A,B,71300,100,
600037.SH,600037,20251209,91508180,0,93472,A,B,67800,100,
600037.SH,600037,20251209,91508180,0,93739,A,S,82000,50000,
600037.SH,600037,20251209,91508180,0,93740,A,S,81000,10000,
600037.SH,600037,20251209,91508180,0,93741,A,S,80000,20000,
600037.SH,600037,20251209,91508180,0,94157,A,B,72000,5000,
600037.SH,600037,20251209,91508340,0,95547,A,S,82100,100,
600037.SH,600037,20251209,91508340,0,95896,A,B,71800,100,
600037.SH,600037,20251209,91508340,0,95903,A,B,68800,100,
600037.SH,600037,20251209,91508340,0,96606,A,S,76900,2000,
600037.SH,600037,20251209,91508660,0,99235,A,S,82100,2000,
600037.SH,600037,20251209,91508920,0,103445,A,B,74700,2900,
600037.SH,600037,20251209,91509070,0,104053,A,S,82700,100,
600037.SH,600037,20251209,91509070,0,104317,A,S,79800,5000,
600037.SH,600037,20251209,91509070,0,104318,A,S,81700,5000,
600037.SH,600037,20251209,91509070,0,104970,A,S,82700,6000,
600037.SH,600037,20251209,91509070,0,104971,A,S,79800,5000,
600037.SH,600037,20251209,91509070,0,105448,A,B,72800,300,
600037.SH,600037,20251209,91509070,0,105612,A,S,76000,3000,
600037.SH,600037,20251209,91509070,0,105619,A,S,80000,3000,
600037.SH,600037,20251209,91509070,0,105620,A,S,82700,3000,
600037.SH,600037,20251209,91509070,0,105721,A,S,77500,500,
600037.SH,600037,20251209,91509240,0,106976,A,B,71100,1200,
600037.SH,600037,20251209,91509240,0,106982,A,S,78800,1100,
600037.SH,600037,20251209,91509240,0,107229,A,B,74900,2000,
600037.SH,600037,20251209,91509240,0,107230,A,B,74500,2000,
600037.SH,600037,20251209,91509240,0,107233,A,S,76100,1500,
600037.SH,600037,20251209,91509240,0,107309,A,S,76800,2000,
600037.SH,600037,20251209,91509240,0,107310,A,S,77700,2000,
600037.SH,600037,20251209,91509410,0,107876,A,S,79100,300,
600037.SH,600037,20251209,91509410,0,108053,A,S,82700,1300,
600037.SH,600037,20251209,91509410,0,108994,A,B,75300,13000,
600037.SH,600037,20251209,91509580,0,110097,A,S,80000,200,
600037.SH,600037,20251209,91509580,0,110200,A,B,72700,100,
600037.SH,600037,20251209,91509730,0,112150,A,B,74500,2000,
600037.SH,600037,20251209,91509730,0,112959,A,S,76300,600,
600037.SH,600037,20251209,91509730,0,112961,A,S,77000,700,
600037.SH,600037,20251209,91510090,0,117076,A,S,77900,500,
600037.SH,600037,20251209,91510260,0,117887,A,S,78200,300,
600037.SH,600037,20251209,91510260,0,118276,A,S,80000,500,
600037.SH,600037,20251209,91510540,0,120798,A,S,77500,1800,
600037.SH,600037,20251209,91510540,0,120799,A,S,78500,1800,
600037.SH,600037,20251209,91510540,0,120829,A,B,73600,2200,
600037.SH,600037,20251209,91510540,0,120830,A,B,72600,2600,
600037.SH,600037,20251209,91510540,0,120954,A,B,72600,400,
600037.SH,600037,20251209,91510540,0,121728,A,B,74500,1000,
600037.SH,600037,20251209,91510540,0,122119,A,S,78000,3000,
600037.SH,600037,20251209,91510540,0,122267,A,B,72000,9000,
600037.SH,600037,20251209,91510700,0,123698,A,B,74000,500,
600037.SH,600037,20251209,91510700,0,124125,A,S,76100,1000,
600037.SH,600037,20251209,91510700,0,124268,A,S,82600,500,
600037.SH,600037,20251209,91510890,0,125850,A,S,82700,100,
600037.SH,600037,20251209,91510890,0,126399,A,S,75200,300,
600037.SH,600037,20251209,91510890,0,126445,A,S,78800,500,
600037.SH,600037,20251209,91510890,0,126446,A,S,79800,500,
600037.SH,600037,20251209,91510890,0,126447,A,S,80800,500,
600037.SH,600037,20251209,91510890,0,126454,A,S,79000,500,
600037.SH,600037,20251209,91510890,0,126457,A,S,80000,500,
600037.SH,600037,20251209,91511030,0,126583,A,S,82700,2000,
600037.SH,600037,20251209,91511030,0,127702,A,S,82700,1400,
600037.SH,600037,20251209,91511030,0,127703,A,S,81800,1400,
600037.SH,600037,20251209,91511030,0,128068,A,S,80000,500,
600037.SH,600037,20251209,91511030,0,128369,A,S,76700,1500,
600037.SH,600037,20251209,91511200,0,128430,A,B,73600,2000,
600037.SH,600037,20251209,91511370,0,130832,A,S,78500,700,
600037.SH,600037,20251209,91511370,0,131600,A,B,74500,1500,
600037.SH,600037,20251209,91511370,0,131723,A,S,82700,500,
600037.SH,600037,20251209,91511370,0,131896,A,S,81700,500,
600037.SH,600037,20251209,91511370,0,131966,A,B,72000,500,
600037.SH,600037,20251209,91511570,0,134075,A,S,79900,700,
600037.SH,600037,20251209,91511570,0,134080,A,S,82600,800,
600037.SH,600037,20251209,91511570,0,134409,A,S,78800,500,
600037.SH,600037,20251209,91511570,0,134410,A,S,79600,500,
600037.SH,600037,20251209,91511570,0,134411,A,S,80300,500,
600037.SH,600037,20251209,91511570,0,134556,A,S,81600,800,
600037.SH,600037,20251209,91511740,0,135885,A,S,80500,10000,
600037.SH,600037,20251209,91511920,0,136931,A,S,82700,2200,
600037.SH,600037,20251209,91511920,0,136947,A,S,77900,1600,
600037.SH,600037,20251209,91511920,0,137668,A,S,82600,2500,
600037.SH,600037,20251209,91512100,0,138913,A,B,74300,800,
600037.SH,600037,20251209,91512100,0,138954,A,S,82100,100,
600037.SH,600037,20251209,91512100,0,139062,A,B,74600,2500,
600037.SH,600037,20251209,91512100,0,139064,A,S,75900,2000,
600037.SH,600037,20251209,91512100,0,139353,A,S,82700,100,
600037.SH,600037,20251209,91512100,0,139430,A,B,73300,100,
600037.SH,600037,20251209,91512100,0,139431,A,B,69800,100,
600037.SH,600037,20251209,91512270,0,140735,A,S,77700,6500,
600037.SH,600037,20251209,91512270,0,140981,A,B,74500,3000,
600037.SH,600037,20251209,91512450,0,143418,A,B,73000,500,
600037.SH,600037,20251209,91512630,0,145199,A,S,75700,12100,
600037.SH,600037,20251209,91512630,0,145308,A,S,75900,20800,
600037.SH,600037,20251209,91512630,0,145310,A,S,76200,40200,
600037.SH,600037,20251209,91512630,0,145311,A,S,76400,36900,
600037.SH,600037,20251209,91512630,0,145312,A,S,76600,42300,
600037.SH,600037,20251209,91512630,0,145939,A,B,73500,3600,
600037.SH,600037,20251209,91512780,0,146174,A,S,80500,1000,
600037.SH,600037,20251209,91512780,0,146175,A,B,71500,1000,
600037.SH,600037,20251209,91512780,0,146678,A,S,82700,4000,
600037.SH,600037,20251209,91512960,0,149111,A,S,77200,500,
600037.SH,600037,20251209,91513140,0,150176,A,B,74100,5000,
600037.SH,600037,20251209,91513140,0,150177,A,B,72800,5000,
600037.SH,600037,20251209,91513140,0,150180,A,S,77500,5000,
600037.SH,600037,20251209,91513140,0,150182,A,S,80300,5000,
600037.SH,600037,20251209,91513140,0,150501,A,S,67700,700,
600037.SH,600037,20251209,91513380,0,152632,A,B,74100,10000,
600037.SH,600037,20251209,91513380,0,152650,A,B,74100,5000,
600037.SH,600037,20251209,91513380,0,152659,A,B,73900,10000,
600037.SH,600037,20251209,91513380,0,152662,A,B,73200,9000,
600037.SH,600037,20251209,91513380,0,152763,A,B,74300,5000,
600037.SH,600037,20251209,91513380,0,154377,A,S,78400,1000,
600037.SH,600037,20251209,91513540,0,154719,A,B,74200,3000,
600037.SH,600037,20251209,91513540,0,155331,A,S,80400,1000,
600037.SH,600037,20251209,91513540,0,156052,A,S,82400,1000,
600037.SH,600037,20251209,91513850,0,158535,A,S,78200,4000,
600037.SH,600037,20251209,91513850,0,158722,A,B,74300,2800,
600037.SH,600037,20251209,91513850,0,159330,A,B,74100,1000,
600037.SH,600037,20251209,91513850,0,159331,A,B,72100,1000,
600037.SH,600037,20251209,91513850,0,159332,A,B,70100,1000,
600037.SH,600037,20251209,91513850,0,159626,A,S,77600,2000,
600037.SH,600037,20251209,91513850,0,159630,A,S,78000,3000,
600037.SH,600037,20251209,91513850,0,159631,A,S,78500,5000,
600037.SH,600037,20251209,91513850,0,159632,A,S,79200,5000,
600037.SH,600037,20251209,91514460,0,164281,A,B,72100,3000,
600037.SH,600037,20251209,91514460,0,164402,A,S,76600,100,
600037.SH,600037,20251209,91514460,0,165132,A,B,73600,12700,
600037.SH,600037,20251209,91514580,0,165589,A,S,82700,2000,
600037.SH,600037,20251209,91514580,0,166340,A,S,76900,1800,
600037.SH,600037,20251209,91514580,0,166341,A,S,77400,2000,
600037.SH,600037,20251209,91514750,0,167032,A,B,74100,6300,
600037.SH,600037,20251209,91514920,0,169745,A,S,82700,6500,
600037.SH,600037,20251209,91514920,0,169776,A,S,82700,27400,
600037.SH,600037,20251209,91514920,0,169862,A,B,67800,3000,
600037.SH,600037,20251209,91515110,0,171219,A,B,74300,500,
600037.SH,600037,20251209,91515110,0,171874,A,B,74400,300,
600037.SH,600037,20251209,91515110,0,172777,A,S,76400,4000,
600037.SH,600037,20251209,91515280,0,173461,A,B,67700,100,
600037.SH,600037,20251209,91515280,0,173598,A,S,76200,600,
600037.SH,600037,20251209,91515280,0,173600,A,S,76800,600,
600037.SH,600037,20251209,91515280,0,173630,A,B,74100,2800,
600037.SH,600037,20251209,91515280,0,173966,A,S,77300,600,
600037.SH,600037,20251209,91515280,0,173998,A,B,72100,200,
600037.SH,600037,20251209,91515280,0,174507,A,S,76000,800,
600037.SH,600037,20251209,91515280,0,174610,A,S,76500,800,
600037.SH,600037,20251209,91515280,0,174611,A,S,77200,800,
600037.SH,600037,20251209,91515450,0,175113,A,S,76500,300,
600037.SH,600037,20251209,91515450,0,175707,A,B,75000,12600,
600037.SH,600037,20251209,91515450,0,176297,A,S,78000,300,
600037.SH,600037,20251209,91515450,0,176368,A,S,82000,100,
600037.SH,600037,20251209,91515640,0,176833,A,B,72000,100,
600037.SH,600037,20251209,91515640,0,177584,A,S,82000,13000,
600037.SH,600037,20251209,91515640,0,177759,A,S,82600,400,
600037.SH,600037,20251209,91515640,0,177792,A,S,78000,800,
600037.SH,600037,20251209,91515640,0,177981,A,B,70000,100,
600037.SH,600037,20251209,91515640,0,177996,A,B,69000,100,
600037.SH,600037,20251209,91515640,0,178167,A,B,74000,100,
600037.SH,600037,20251209,91515640,0,178319,A,S,78500,800,
600037.SH,600037,20251209,91515640,0,178320,A,S,79000,800,
600037.SH,600037,20251209,91515640,0,178322,A,S,79500,800,
600037.SH,600037,20251209,91515640,0,178323,A,S,80000,800,
600037.SH,600037,20251209,91515640,0,178415,A,B,74200,100,
600037.SH,600037,20251209,91515640,0,178571,A,S,80500,800,
600037.SH,600037,20251209,91515640,0,178572,A,S,81000,800,
600037.SH,600037,20251209,91515640,0,178573,A,S,81500,800,
600037.SH,600037,20251209,91515640,0,178574,A,S,82000,800,
600037.SH,600037,20251209,91515810,0,179021,A,B,67800,800,
600037.SH,600037,20251209,91515810,0,179282,A,B,75000,1000,
600037.SH,600037,20251209,91515950,0,179902,A,S,82600,500,
600037.SH,600037,20251209,91515950,0,179911,A,B,73800,600,
600037.SH,600037,20251209,91516120,0,181508,A,S,82700,1000,
600037.SH,600037,20251209,91516120,0,181576,A,B,74000,300,
600037.SH,600037,20251209,91516360,0,184385,A,B,75500,200,
600037.SH,600037,20251209,91516360,0,185180,A,B,75300,400,
600037.SH,600037,20251209,91516360,0,185657,A,S,79500,500,
600037.SH,600037,20251209,91516360,0,185658,A,S,81500,500,
600037.SH,600037,20251209,91516360,0,185811,A,B,74400,2500,
600037.SH,600037,20251209,91516360,0,185812,A,S,76100,2500,
600037.SH,600037,20251209,91516600,0,186635,A,B,73700,300,
600037.SH,600037,20251209,91516610,0,186723,A,S,81900,1000,
600037.SH,600037,20251209,91516780,0,188569,A,S,80000,1500,
600037.SH,600037,20251209,91516780,0,189727,A,S,82500,100,
600037.SH,600037,20251209,91516960,0,190773,A,B,73000,100,
600037.SH,600037,20251209,91516960,0,191030,A,B,70500,1000,
600037.SH,600037,20251209,91516960,0,191034,A,S,76000,10000,
600037.SH,600037,20251209,91516960,0,191412,A,B,71000,100,
600037.SH,600037,20251209,91516960,0,192096,A,B,68000,100,
600037.SH,600037,20251209,91517200,0,192614,A,B,68100,100,
600037.SH,600037,20251209,91517200,0,193858,A,B,72300,500,
600037.SH,600037,20251209,91517390,0,194651,A,B,74100,10000,
600037.SH,600037,20251209,91517390,0,194652,A,B,73500,10000,
600037.SH,600037,20251209,91517470,0,195198,A,B,74900,10000,
600037.SH,600037,20251209,91517470,0,195698,A,B,72100,10000,
600037.SH,600037,20251209,91517470,0,196195,A,B,71200,20000,
600037.SH,600037,20251209,91517650,0,197094,A,S,82600,14300,
600037.SH,600037,20251209,91517850,0,199631,A,B,68800,5000,
600037.SH,600037,20251209,91517990,0,200968,A,S,78900,800,
600037.SH,600037,20251209,91518130,0,201551,A,S,81000,6000,
600037.SH,600037,20251209,91518130,0,201575,A,S,82700,300,
600037.SH,600037,20251209,91518260,0,203205,A,S,77200,400,
600037.SH,600037,20251209,91518440,0,205400,A,S,75500,1700,
600037.SH,600037,20251209,91518440,0,205403,A,S,75700,1800,
600037.SH,600037,20251209,91518440,0,205405,A,S,75900,1900,
600037.SH,600037,20251209,91518640,0,206742,A,S,82700,1900,
600037.SH,600037,20251209,91518830,0,208291,A,S,77500,300,
600037.SH,600037,20251209,91518830,0,208372,A,B,71000,500,
600037.SH,600037,20251209,91518830,0,208533,A,S,76100,5000,
600037.SH,600037,20251209,91518830,0,208698,A,B,73000,1700,
600037.SH,600037,20251209,91518830,0,208749,A,S,79500,500,
600037.SH,600037,20251209,91519180,0,210700,A,S,78000,800,
600037.SH,600037,20251209,91519180,0,210829,A,S,82000,7700,
600037.SH,600037,20251209,91519180,0,211013,A,B,70000,1600,
600037.SH,600037,20251209,91519180,0,211114,A,B,74400,5000,
600037.SH,600037,20251209,91519180,0,211183,A,S,82000,1600,
600037.SH,600037,20251209,91519180,0,212095,A,S,79500,500,
600037.SH,600037,20251209,91519180,0,212256,A,S,78400,1000,
600037.SH,600037,20251209,91519180,0,212261,A,S,80400,1000,
600037.SH,600037,20251209,91519180,0,212435,A,S,82400,1000,
600037.SH,600037,20251209,91519360,0,212566,A,S,82700,2000,
600037.SH,600037,20251209,91519360,0,212833,A,B,72100,3000,
600037.SH,600037,20251209,91519360,0,212968,A,B,74800,1000,
600037.SH,600037,20251209,91519360,0,212969,A,B,74500,1700,
600037.SH,600037,20251209,91519450,0,214124,A,S,82700,600,
600037.SH,600037,20251209,91519450,0,214819,A,S,82700,500,
600037.SH,600037,20251209,91519630,0,215195,A,B,74100,1000,
600037.SH,600037,20251209,91519630,0,215288,A,B,72100,1000,
600037.SH,600037,20251209,91519630,0,215449,A,B,70100,1000,
600037.SH,600037,20251209,91519630,0,215849,A,S,77600,1000,
600037.SH,600037,20251209,91519630,0,216251,A,S,78000,5000,
600037.SH,600037,20251209,91519630,0,216607,A,B,75000,400,
600037.SH,600037,20251209,91519630,0,216821,A,S,79000,10000,
600037.SH,600037,20251209,91519810,0,218633,A,B,75000,17100,
600037.SH,600037,20251209,91519810,0,218664,A,B,74900,19900,
600037.SH,600037,20251209,91520000,0,218801,A,S,82700,2000,
600037.SH,600037,20251209,91520000,0,219286,A,B,70000,100,
600037.SH,600037,20251209,91520000,0,219374,A,S,82700,36000,
600037.SH,600037,20251209,91520090,0,219600,A,B,74800,10000,
600037.SH,600037,20251209,91520120,0,219865,A,S,81100,2000,
600037.SH,600037,20251209,91520200,0,221168,A,S,82700,1500,
600037.SH,600037,20251209,91520350,0,222507,A,B,74100,40000,
600037.SH,600037,20251209,91520350,0,222532,A,S,82700,1800,
600037.SH,600037,20251209,91520440,0,222588,A,S,77500,40000,
600037.SH,600037,20251209,91520440,0,222611,A,B,72800,100000,
600037.SH,600037,20251209,91520440,0,222724,A,S,77500,100000,
600037.SH,600037,20251209,91520440,0,222725,A,S,80300,100000,
600037.SH,600037,20251209,91520440,0,222727,A,S,77500,40000,
600037.SH,600037,20251209,91520440,0,223032,A,B,72800,40000,
600037.SH,600037,20251209,91520440,0,223033,A,S,80300,40000,
600037.SH,600037,20251209,91520440,0,223034,A,B,74100,100000,
600037.SH,600037,20251209,91520440,0,223214,A,B,74100,40000,
600037.SH,600037,20251209,91520440,0,223245,A,B,72800,40000,
600037.SH,600037,20251209,91520440,0,223265,A,S,80300,40000,
600037.SH,600037,20251209,91520620,0,224996,A,S,79800,900,
600037.SH,600037,20251209,91520620,0,225045,A,S,82700,1000,
600037.SH,600037,20251209,91520730,0,212968,D,B,74800,1000,
600037.SH,600037,20251209,91520730,0,212969,D,B,74500,1700,
600037.SH,600037,20251209,91520730,0,225749,A,B,74900,1400,
600037.SH,600037,20251209,91520730,0,225750,A,B,74700,2700,
600037.SH,600037,20251209,91520730,0,225763,A,B,74500,4500,
600037.SH,600037,20251209,91520730,0,226315,A,S,82700,1000,
600037.SH,600037,20251209,91520910,0,228116,A,B,74800,23100,
600037.SH,600037,20251209,91520910,0,228117,A,B,74700,21100,
600037.SH,600037,20251209,91520910,0,228168,A,B,74600,25100,
600037.SH,600037,20251209,91521120,0,229197,A,S,82700,1000,
600037.SH,600037,20251209,91522390,0,234227,A,S,76400,100,
600037.SH,600037,20251209,91522390,0,234240,A,B,74000,100,
600037.SH,600037,20251209,91522440,0,234363,A,S,82400,1000,
600037.SH,600037,20251209,91522440,0,234368,A,S,79300,100,
600037.SH,600037,20251209,91522440,0,234412,A,B,74000,10000,
600037.SH,600037,20251209,91522440,0,234413,A,B,70000,10000,
600037.SH,600037,20251209,91522740,0,235207,A,S,78600,1000,
600037.SH,600037,20251209,91523420,0,237019,A,S,78600,2200,
600037.SH,600037,20251209,91524710,0,237931,A,S,76200,5100,
600037.SH,600037,20251209,91530880,0,239511,A,S,82700,400,
600037.SH,600037,20251209,91535430,0,240699,A,S,75600,100,
600037.SH,600037,20251209,91537050,0,241103,A,S,82000,100,
600037.SH,600037,20251209,91537050,0,241104,A,B,73000,100,
600037.SH,600037,20251209,91541380,0,242368,A,S,76000,100,
600037.SH,600037,20251209,91542100,0,126399,D,S,75200,300,
600037.SH,600037,20251209,91546320,0,243876,A,S,82700,1900,
600037.SH,600037,20251209,91547440,0,244234,A,S,76400,100,
600037.SH,600037,20251209,91553570,0,246097,A,S,76800,100,
600037.SH,600037,20251209,91556200,0,246933,A,S,75900,400,
600037.SH,600037,20251209,91556200,0,246935,A,B,74300,400,
600037.SH,600037,20251209,91559620,0,247997,A,S,77200,100,
600037.SH,600037,20251209,91600080,0,248186,A,S,78500,200,
600037.SH,600037,20251209,91600080,0,248187,A,B,72700,200,
600037.SH,600037,20251209,91600150,0,248217,A,S,82600,500,
600037.SH,600037,20251209,91605000,0,249880,A,B,69600,1200,
600037.SH,600037,20251209,91605710,0,250112,A,B,74800,100,
600037.SH,600037,20251209,91611750,0,251590,A,B,74400,100,
600037.SH,600037,20251209,91612220,0,251673,A,S,82700,15500,
600037.SH,600037,20251209,91622810,0,253594,A,S,80000,1000,
600037.SH,600037,20251209,91623020,0,253625,A,S,82700,2000,
600037.SH,600037,20251209,91635060,0,256049,A,B,73500,1000,
600037.SH,600037,20251209,91638220,0,256693,A,B,73500,400,
600037.SH,600037,20251209,91650930,0,259390,A,S,75800,2500,
600037.SH,600037,20251209,91700170,0,261345,A,B,74000,100,
600037.SH,600037,20251209,91702800,0,262013,A,S,82700,2200,
600037.SH,600037,20251209,91705640,0,262661,A,S,79900,1900,
600037.SH,600037,20251209,91705920,0,262712,A,S,82600,5000,
600037.SH,600037,20251209,91718390,0,265399,A,S,75300,300,
600037.SH,600037,20251209,91719930,0,265767,A,S,82700,4000,
600037.SH,600037,20251209,91720600,0,265918,A,S,82700,1000,
600037.SH,600037,20251209,91724220,0,266747,A,S,75900,2600,
600037.SH,600037,20251209,91736650,0,269709,A,S,82700,200,
600037.SH,600037,20251209,91740630,0,270629,A,B,74900,3000,
600037.SH,600037,20251209,91742750,0,271131,A,S,82000,2000,
600037.SH,600037,20251209,91742980,0,271185,A,S,77700,5000,
600037.SH,600037,20251209,91744350,0,271514,A,S,76500,3000,
600037.SH,600037,20251209,91747420,0,272278,A,S,78000,300,
600037.SH,600037,20251209,91807730,0,277266,A,B,75400,1200,
600037.SH,600037,20251209,91809190,0,277628,A,S,82700,169000,
600037.SH,600037,20251209,91830490,0,282909,A,S,75800,6900,
600037.SH,600037,20251209,91833090,0,283529,A,S,67700,1700,
600037.SH,600037,20251209,91836800,0,284370,A,S,82600,2700,
600037.SH,600037,20251209,91840710,0,285287,A,S,79500,1000,
600037.SH,600037,20251209,91848060,0,287160,A,S,78200,1000,
600037.SH,600037,20251209,91856770,0,289265,A,B,74600,3000,
600037.SH,600037,20251209,91858350,0,289663,A,S,75800,2000,
600037.SH,600037,20251209,91858490,0,289710,A,S,75600,9800,
600037.SH,600037,20251209,91902260,0,290683,A,S,79900,2000,
600037.SH,600037,20251209,91908680,0,292342,A,B,74300,1000,
600037.SH,600037,20251209,91917440,0,294646,A,S,75800,2400,
600037.SH,600037,20251209,91920100,0,295297,A,S,82500,500,
600037.SH,600037,20251209,91935930,0,299455,A,S,82700,200,
600037.SH,600037,20251209,92023380,0,312951,A,S,82700,1900,
600037.SH,600037,20251209,92027520,0,314157,A,B,74000,3000,
600037.SH,600037,20251209,92028590,0,314424,A,S,82700,1000,
600037.SH,600037,20251209,92033810,0,315868,A,B,75300,100,
600037.SH,600037,20251209,92039580,0,317455,A,B,74000,100,
600037.SH,600037,20251209,92040510,0,317728,A,B,73000,3000,
600037.SH,600037,20251209,92048140,0,319877,A,B,75200,5000,
600037.SH,600037,20251209,92052660,0,321172,A,S,82500,100,
600037.SH,600037,20251209,92053660,0,321461,A,S,82600,2000,
600037.SH,600037,20251209,92104830,0,324718,A,S,79500,6800,
600037.SH,600037,20251209,92117260,0,328377,A,S,82000,40000,
600037.SH,600037,20251209,92117920,0,328609,A,S,76400,1200,
600037.SH,600037,20251209,92119760,0,329151,A,B,75300,200,
600037.SH,600037,20251209,92125140,0,330724,A,B,75300,900,
600037.SH,600037,20251209,92132560,0,332948,A,B,75000,2000,
600037.SH,600037,20251209,92134210,0,333438,A,B,72300,1200,
600037.SH,600037,20251209,92137570,0,334538,A,B,68800,500,
600037.SH,600037,20251209,92138130,0,334714,A,S,75900,3000,
600037.SH,600037,20251209,92139690,0,335207,A,B,74900,800,
600037.SH,600037,20251209,92155340,0,340111,A,B,72100,2000,
600037.SH,600037,20251209,92157550,0,340740,A,S,75300,500,
600037.SH,600037,20251209,92158540,0,341030,A,B,69100,3200,
600037.SH,600037,20251209,92203690,0,342992,A,B,74800,2600,
600037.SH,600037,20251209,92206340,0,343829,A,B,75000,10000,
600037.SH,600037,20251209,92217360,0,347439,A,B,75400,31000,
600037.SH,600037,20251209,92219850,0,348230,A,B,69000,2000,
600037.SH,600037,20251209,92220580,0,348472,A,S,75800,5000,
600037.SH,600037,20251209,92221410,0,348774,A,B,75300,1600,
600037.SH,600037,20251209,92231010,0,352030,A,S,76400,20000,
600037.SH,600037,20251209,92232940,0,352680,A,B,74800,3000,
600037.SH,600037,20251209,92238670,0,354595,A,B,74500,3000,
600037.SH,600037,20251209,92239580,0,354901,A,B,69000,2000,
600037.SH,600037,20251209,92240140,0,355098,A,B,75000,500,
600037.SH,600037,20251209,92242520,0,355940,A,S,77500,2000,
600037.SH,600037,20251209,92242530,0,355943,A,B,75000,10000,
600037.SH,600037,20251209,92243150,0,356123,A,S,75800,3500,
600037.SH,600037,20251209,92249810,0,358500,A,S,77600,5200,
600037.SH,600037,20251209,92249930,0,358540,A,B,74500,1000,
600037.SH,600037,20251209,92250580,0,358767,A,B,74900,500,
600037.SH,600037,20251209,92252440,0,359418,A,B,74200,3000,
600037.SH,600037,20251209,92306100,0,364375,A,B,74000,100,
600037.SH,600037,20251209,92311690,0,366417,A,B,74900,1900,
600037.SH,600037,20251209,92311990,0,366531,A,S,74100,300,
600037.SH,600037,20251209,92317720,0,368760,A,B,74900,4000,
600037.SH,600037,20251209,92320660,0,370005,A,S,82700,300,
600037.SH,600037,20251209,92321600,0,370382,A,S,82700,300,
600037.SH,600037,20251209,92321920,0,370487,A,B,68000,1000,
600037.SH,600037,20251209,92322500,0,370732,A,S,75400,500,
600037.SH,600037,20251209,92323350,0,371077,A,B,75400,1000,
600037.SH,600037,20251209,92325080,0,371735,A,B,75400,100,
600037.SH,600037,20251209,92325730,0,372003,A,S,79500,100,
600037.SH,600037,20251209,92330600,0,374060,A,S,82700,1000,
600037.SH,600037,20251209,92336910,0,376666,A,S,76500,4500,
600037.SH,600037,20251209,92337450,0,376872,A,S,80000,1200,
600037.SH,600037,20251209,92341800,0,378673,A,S,76500,7000,
600037.SH,600037,20251209,92343790,0,379454,A,S,77500,5000,
600037.SH,600037,20251209,92344870,0,379961,A,S,79300,2000,
600037.SH,600037,20251209,92346350,0,380596,A,S,75700,800,
600037.SH,600037,20251209,92347070,0,380924,A,S,77000,2000,
600037.SH,600037,20251209,92347590,0,381179,A,S,76000,4000,
600037.SH,600037,20251209,92350190,0,382268,A,B,75000,12600,
600037.SH,600037,20251209,92353510,0,383646,A,B,69000,2000,
600037.SH,600037,20251209,92358580,0,385765,A,S,76400,5000,
600037.SH,600037,20251209,92359770,0,386250,A,S,82700,100,
600037.SH,600037,20251209,92406770,0,389777,A,S,82700,100,
600037.SH,600037,20251209,92407520,0,390158,A,B,74800,10000,
600037.SH,600037,20251209,92411650,0,392385,A,B,76000,5000,
600037.SH,600037,20251209,92416460,0,395096,A,S,81700,100,
600037.SH,600037,20251209,92417340,0,395645,A,B,75400,95100,
600037.SH,600037,20251209,92422470,0,398659,A,S,76600,1000,
600037.SH,600037,20251209,92425880,0,400807,A,S,82600,300,
600037.SH,600037,20251209,92429870,0,403253,A,S,76700,3000,
600037.SH,600037,20251209,92430540,0,403714,A,S,71800,2600,
600037.SH,600037,20251209,92433120,0,405401,A,B,75200,1700,
600037.SH,600037,20251209,92434830,0,406550,A,S,79800,200,
600037.SH,600037,20251209,92436920,0,407948,A,S,75300,10000,
600037.SH,600037,20251209,92437160,0,408098,A,S,75300,3000,
600037.SH,600037,20251209,92448420,0,416584,A,S,75400,1500,
600037.SH,600037,20251209,92448680,0,416883,A,S,73900,1300,
600037.SH,600037,20251209,92449550,0,417673,A,S,74300,400,
600037.SH,600037,20251209,92449900,0,417984,A,S,73900,400,
600037.SH,600037,20251209,92450290,0,418561,A,S,74300,300,
600037.SH,600037,20251209,92450380,0,418756,A,S,73900,400,
600037.SH,600037,20251209,92453120,0,421636,A,B,82700,500,
600037.SH,600037,20251209,92453890,0,422483,A,S,75100,400,
600037.SH,600037,20251209,92453940,0,422505,A,S,75100,2100,
600037.SH,600037,20251209,92454620,0,423212,A,S,73000,400,
600037.SH,600037,20251209,92457110,0,426966,A,B,77700,3700,
600037.SH,600037,20251209,92457440,0,427671,A,B,76000,2000,
600037.SH,600037,20251209,92457700,0,428312,A,S,74700,5600,
600037.SH,600037,20251209,92458460,0,429987,A,S,74500,6800,
600037.SH,600037,20251209,92458740,0,430795,A,S,73100,4300,
600037.SH,600037,20251209,92459940,0,433915,A,S,75300,3000,
600037.SH,600037,20251209,92501310,0,0,S,O,0,0,
600037.SH,600037,20251209,93000290,0,435290,A,S,75500,200,
600037.SH,600037,20251209,93000480,0,437027,A,B,67700,20000,
600037.SH,600037,20251209,93002590,0,439864,A,S,77700,25700,
600037.SH,600037,20251209,93002590,0,440080,A,B,74800,2300,
600037.SH,600037,20251209,93002650,0,440210,A,S,76300,1600,
600037.SH,600037,20251209,93002950,0,443795,A,S,76600,10000,
600037.SH,600037,20251209,93003090,0,446049,A,S,77600,500,
600037.SH,600037,20251209,93003400,0,450154,A,S,76100,3000,
600037.SH,600037,20251209,93003990,0,456018,A,S,79800,500,
600037.SH,600037,20251209,93003990,0,456214,A,S,75900,1000,
600037.SH,600037,20251209,93004150,0,458007,A,S,75700,1500,
600037.SH,600037,20251209,93004310,0,458988,A,S,75700,5000,
600037.SH,600037,20251209,93004310,0,459205,A,S,75700,5000,
600037.SH,600037,20251209,93004310,0,459210,A,S,76100,1500,
600037.SH,600037,20251209,93004450,0,461947,A,S,76300,26600,
600037.SH,600037,20251209,93004760,0,465569,A,S,82700,3000,
600037.SH,600037,20251209,93004900,0,467120,A,S,76300,3900,
600037.SH,600037,20251209,93005210,0,470074,A,S,75700,500,
600037.SH,600037,20251209,93005210,0,470400,A,B,74600,1000,
600037.SH,600037,20251209,93005350,0,471035,A,S,76000,10000,
600037.SH,600037,20251209,93005350,0,471406,A,B,73000,1000,
600037.SH,600037,20251209,93005350,0,472283,A,S,76400,1000,
600037.SH,600037,20251209,93005350,0,472564,A,B,74400,5000,
600037.SH,600037,20251209,93005510,0,472706,A,B,75000,1000,
600037.SH,600037,20251209,93005650,0,475207,A,S,77500,1000,
600037.SH,600037,20251209,93005650,0,475773,A,B,71600,1000,
600037.SH,600037,20251209,93005800,0,476128,A,B,70600,1000,
600037.SH,600037,20251209,93006100,0,479908,A,S,75900,3000,
600037.SH,600037,20251209,93006100,0,480258,A,S,82700,4800,
600037.SH,600037,20251209,93006420,0,483824,A,S,76100,3000,
600037.SH,600037,20251209,93006560,0,485275,A,S,78900,1500,
600037.SH,600037,20251209,93006560,0,485359,A,B,74600,600,
600037.SH,600037,20251209,93006710,0,487095,A,S,75600,3000,
600037.SH,600037,20251209,93006710,0,487950,A,S,75800,3000,
600037.SH,600037,20251209,93006710,0,487971,A,S,75600,2000,
600037.SH,600037,20251209,93006840,0,488949,A,S,79000,1700,
600037.SH,600037,20251209,93006990,0,491055,A,S,75700,1300,
600037.SH,600037,20251209,93007290,0,493464,A,S,75500,400,
600037.SH,600037,20251209,93007900,0,500113,A,S,76200,1300,
600037.SH,600037,20251209,93007900,0,500337,A,S,75800,3600,
600037.SH,600037,20251209,93007900,0,501486,A,S,76000,2000,
600037.SH,600037,20251209,93008040,0,503026,A,S,75500,1100,
600037.SH,600037,20251209,93008200,0,504052,A,B,74700,500,
600037.SH,600037,20251209,93008350,0,505350,A,S,75500,46600,
600037.SH,600037,20251209,93008630,0,509724,A,S,76500,1400,
600037.SH,600037,20251209,93008760,0,510992,A,S,75500,100,
600037.SH,600037,20251209,93008900,0,511784,A,S,82700,500,
600037.SH,600037,20251209,93009190,0,516395,A,S,81900,5000,
600037.SH,600037,20251209,93009340,0,516802,A,B,75000,3000,
600037.SH,600037,20251209,93009340,0,517310,A,S,76900,1500,
600037.SH,600037,20251209,93009340,0,518268,A,S,75700,5000,
600037.SH,600037,20251209,93009480,0,519742,A,B,67700,100,
600037.SH,600037,20251209,93009480,0,519970,A,B,69700,100,
600037.SH,600037,20251209,93009630,0,520392,A,B,71700,100,
600037.SH,600037,20251209,93009670,0,520699,A,B,73700,100,
600037.SH,600037,20251209,93009830,0,522448,A,S,75800,40000,
600037.SH,600037,20251209,93009970,0,525719,A,B,74800,13400,
600037.SH,600037,20251209,93010380,0,529350,A,B,73500,20000,
600037.SH,600037,20251209,93010380,0,530084,A,S,76100,2200,
600037.SH,600037,20251209,93011040,0,537071,A,S,82700,10000,
600037.SH,600037,20251209,93011040,0,537125,A,B,75400,100,
600037.SH,600037,20251209,93011340,0,540163,A,S,77500,500,
600037.SH,600037,20251209,93011340,0,540840,A,S,76400,3900,
600037.SH,600037,20251209,93011340,0,541497,A,S,75500,2000,
600037.SH,600037,20251209,93011490,0,542185,A,B,74600,500,
600037.SH,600037,20251209,93011490,0,543080,A,S,75500,100,
600037.SH,600037,20251209,93011640,0,544750,A,S,75500,700,
600037.SH,600037,20251209,93011950,0,548850,A,S,75500,1100,
600037.SH,600037,20251209,93012420,0,554241,A,S,75500,1800,
600037.SH,600037,20251209,93012580,0,555137,A,B,73000,500,
600037.SH,600037,20251209,93012640,0,555743,A,S,75500,200,
600037.SH,600037,20251209,93012640,0,556242,A,S,75700,19700,
600037.SH,600037,20251209,93012790,0,557123,A,B,71600,500,
600037.SH,600037,20251209,93012790,0,558111,A,S,75500,800,
600037.SH,600037,20251209,93013080,0,560941,A,B,70300,1000,
600037.SH,600037,20251209,93013240,0,563287,A,B,70600,6400,
600037.SH,600037,20251209,93013480,0,565391,A,B,75100,3000,
600037.SH,600037,20251209,93013480,0,566338,A,S,82700,600,
600037.SH,600037,20251209,93013920,0,571528,A,S,76900,1500,
600037.SH,600037,20251209,93014070,0,572897,A,S,75500,200,
600037.SH,600037,20251209,93014070,0,573300,A,S,76200,500,
600037.SH,600037,20251209,93014490,0,577110,A,S,78600,3000,
600037.SH,600037,20251209,93014490,0,578337,A,S,75600,14000,
600037.SH,600037,20251209,93014490,0,578531,A,S,76300,400,
600037.SH,600037,20251209,93014630,0,578654,A,S,75400,13100,
600037.SH,600037,20251209,93014630,0,578657,A,S,75400,2100,
600037.SH,600037,20251209,93014630,0,579191,A,S,75600,6100,
600037.SH,600037,20251209,93014630,0,579246,A,B,75100,1000,
600037.SH,600037,20251209,93014630,0,579361,A,B,74600,1000,
600037.SH,600037,20251209,93014630,0,579863,A,B,75000,3000,
600037.SH,600037,20251209,93014780,0,580574,A,S,75400,300,
600037.SH,600037,20251209,93014780,0,581069,A,S,75400,6300,
600037.SH,600037,20251209,93014780,0,581092,A,S,75400,600,
600037.SH,600037,20251209,93015230,0,586336,A,S,82700,500,
600037.SH,600037,20251209,93015380,0,556242,D,S,75700,19700,
600037.SH,600037,20251209,93015530,0,590018,A,S,75400,200,
600037.SH,600037,20251209,93015830,0,592465,A,B,74400,2700,
600037.SH,600037,20251209,93015830,0,592487,A,S,75600,3000,
600037.SH,600037,20251209,93015830,0,592839,A,B,74800,1500,
600037.SH,600037,20251209,93015830,0,593556,A,S,75400,300,
600037.SH,600037,20251209,93015830,0,593568,A,S,75400,200,
600037.SH,600037,20251209,93015830,0,593581,A,S,75400,1300,
600037.SH,600037,20251209,93015830,0,593582,A,S,75400,700,
600037.SH,600037,20251209,93015830,0,593587,A,S,75400,1500,
600037.SH,600037,20251209,93015830,0,593589,A,S,75400,2200,
600037.SH,600037,20251209,93015830,0,593604,A,S,75400,2100,
600037.SH,600037,20251209,93015830,0,593695,A,S,76500,3000,
600037.SH,600037,20251209,93015830,0,593835,A,S,76700,3000,
600037.SH,600037,20251209,93015830,0,593856,A,S,75400,3700,
600037.SH,600037,20251209,93015830,0,593867,A,S,75400,1500,
600037.SH,600037,20251209,93015830,0,593872,A,S,75400,900,
600037.SH,600037,20251209,93015990,0,594311,A,S,75500,1000,
600037.SH,600037,20251209,93015990,0,594469,A,S,76900,3000,
600037.SH,600037,20251209,93015990,0,594620,A,S,77200,3000,
600037.SH,600037,20251209,93015990,0,594784,A,S,75500,1500,
600037.SH,600037,20251209,93015990,0,595860,A,S,76900,2000,
600037.SH,600037,20251209,93016140,0,597018,A,S,75400,800,
600037.SH,600037,20251209,93016140,0,597034,A,B,74300,1000,
600037.SH,600037,20251209,93016140,0,597288,A,S,75500,100,
600037.SH,600037,20251209,93016450,0,600929,A,S,75900,4600,
600037.SH,600037,20251209,93016600,0,601127,A,S,75400,100,
600037.SH,600037,20251209,93016600,0,602036,A,S,75500,2500,
600037.SH,600037,20251209,93016600,0,602039,A,S,75500,400,
600037.SH,600037,20251209,93016890,0,605592,A,S,77400,800,
600037.SH,600037,20251209,93016890,0,605722,A,S,79800,6000,
600037.SH,600037,20251209,93016890,0,606097,A,S,77000,5000,
600037.SH,600037,20251209,93017040,0,606522,A,S,75400,200,
600037.SH,600037,20251209,93017040,0,606097,D,S,77000,5000,
600037.SH,600037,20251209,93017040,0,607862,A,S,75400,700,
600037.SH,600037,20251209,93017180,0,609445,A,S,75500,200,
600037.SH,600037,20251209,93017330,0,610345,A,S,75400,2400,
600037.SH,600037,20251209,93017940,0,618258,A,S,77000,4000,
600037.SH,600037,20251209,93018080,0,618990,A,S,75400,900,
600037.SH,600037,20251209,93018080,0,619133,A,S,75400,800,
600037.SH,600037,20251209,93018080,0,619942,A,B,75200,10600,
600037.SH,600037,20251209,93018080,0,619942,D,B,75200,10600,
600037.SH,600037,20251209,93018230,0,621749,A,S,75400,1400,
600037.SH,600037,20251209,93018530,0,624376,A,S,75500,700,
600037.SH,600037,20251209,93018530,0,625029,A,S,79500,1000,
600037.SH,600037,20251209,93018670,0,625506,A,S,82700,3000,
600037.SH,600037,20251209,93018670,0,625900,A,S,75500,700,
600037.SH,600037,20251209,93018670,0,625937,A,S,75500,200,
600037.SH,600037,20251209,93018670,0,626112,A,S,76000,500,
600037.SH,600037,20251209,93019160,0,631733,A,S,75400,2900,
600037.SH,600037,20251209,93019160,0,632108,A,S,75400,2600,
600037.SH,600037,20251209,93019330,0,633559,A,S,75500,500,
600037.SH,600037,20251209,93019330,0,633661,A,S,75400,1100,
600037.SH,600037,20251209,93019480,0,633976,A,S,75500,600,
600037.SH,600037,20251209,93019480,0,634780,A,S,75400,100,
600037.SH,600037,20251209,93019480,0,634782,A,S,75400,100,
600037.SH,600037,20251209,93019480,0,634783,A,S,75400,300,
600037.SH,600037,20251209,93019480,0,634784,A,S,75400,200,
600037.SH,600037,20251209,93019480,0,634785,A,S,75400,200,
600037.SH,600037,20251209,93019480,0,634786,A,S,75400,500,
600037.SH,600037,20251209,93019480,0,634787,A,S,75400,400,
600037.SH,600037,20251209,93019480,0,634788,A,S,75400,400,
600037.SH,600037,20251209,93019480,0,634790,A,S,75400,100,
600037.SH,600037,20251209,93019480,0,634792,A,S,75400,100,
600037.SH,600037,20251209,93019480,0,634793,A,S,75400,300,
600037.SH,600037,20251209,93019480,0,634797,A,S,75400,200,
600037.SH,600037,20251209,93019480,0,634802,A,S,75400,3400,
600037.SH,600037,20251209,93019480,0,634806,A,S,75400,200,
600037.SH,600037,20251209,93019480,0,634807,A,S,75400,400,
600037.SH,600037,20251209,93019480,0,634819,A,S,75400,1100,
600037.SH,600037,20251209,93019480,0,634842,A,S,75500,3400,
600037.SH,600037,20251209,93019480,0,634995,A,S,75400,5700,
600037.SH,600037,20251209,93019480,0,635028,A,S,75400,100,
600037.SH,600037,20251209,93019480,0,635183,A,S,75500,8400,
600037.SH,600037,20251209,93019480,0,635295,A,S,75400,8700,
600037.SH,600037,20251209,93019670,0,637174,A,S,75400,200,
600037.SH,600037,20251209,93019670,0,637323,A,S,75400,1200,
600037.SH,600037,20251209,93019670,0,637343,A,S,75400,800,
600037.SH,600037,20251209,93019670,0,637443,A,S,75400,4000,
600037.SH,600037,20251209,93019670,0,637530,A,S,75400,1100,
600037.SH,600037,20251209,93019940,0,639842,A,S,75400,400,
600037.SH,600037,20251209,93020080,0,640968,A,S,75900,52200,
600037.SH,600037,20251209,93020080,0,641367,A,S,75400,100,
600037.SH,600037,20251209,93020160,0,641568,A,S,76500,5000,
600037.SH,600037,20251209,93020160,0,642201,A,S,75400,1200,
600037.SH,600037,20251209,93020160,0,642611,A,S,75500,400,
600037.SH,600037,20251209,93020320,0,643635,A,S,75400,200,
600037.SH,600037,20251209,93020320,0,643637,A,S,75400,100,
600037.SH,600037,20251209,93020320,0,643639,A,S,75400,100,
600037.SH,600037,20251209,93020500,0,645579,A,S,75400,900,
600037.SH,600037,20251209,93020500,0,645942,A,S,75400,900,
600037.SH,600037,20251209,93020620,0,646627,A,S,75400,900,
600037.SH,600037,20251209,93020620,0,647678,A,S,75400,900,
600037.SH,600037,20251209,93020780,0,648181,A,S,75400,19300,
600037.SH,600037,20251209,93020780,0,648298,A,S,78200,10000,
600037.SH,600037,20251209,93020780,0,648889,A,S,75500,300,
600037.SH,600037,20251209,93020930,0,650782,A,S,75700,19300,
600037.SH,600037,20251209,93021050,0,650997,A,S,75400,800,
600037.SH,600037,20251209,93021240,0,653828,A,S,75500,100,
600037.SH,600037,20251209,93021240,0,654412,A,S,75700,24400,
600037.SH,600037,20251209,93021410,0,648181,D,S,75400,19300,
600037.SH,600037,20251209,93021410,0,654958,A,S,75400,100,
600037.SH,600037,20251209,93021410,0,655506,A,B,75200,3000,
600037.SH,600037,20251209,93021410,0,655631,A,S,75400,1300,
600037.SH,600037,20251209,93021600,0,626112,D,S,76000,500,
600037.SH,600037,20251209,93021900,0,659650,A,S,78400,400,
600037.SH,600037,20251209,93021900,0,659670,A,B,74100,600,
600037.SH,600037,20251209,93021900,0,660383,A,S,75900,2700,
600037.SH,600037,20251209,93021900,0,661223,A,S,75400,11100,
600037.SH,600037,20251209,93021900,0,661259,A,S,75400,22100,
600037.SH,600037,20251209,93022050,0,661371,A,S,75400,400,
600037.SH,600037,20251209,93022050,0,661384,A,S,75400,6900,
600037.SH,600037,20251209,93022050,0,661410,A,S,75400,1400,
600037.SH,600037,20251209,93022050,0,661425,A,S,75400,7800,
600037.SH,600037,20251209,93022050,0,661429,A,S,75400,1700,
600037.SH,600037,20251209,93022050,0,661432,A,S,75400,1400,
600037.SH,600037,20251209,93022050,0,661460,A,S,75400,1000,
600037.SH,600037,20251209,93022050,0,661465,A,S,75400,1000,
600037.SH,600037,20251209,93022050,0,661486,A,S,75400,1900,
600037.SH,600037,20251209,93022050,0,661923,A,S,82700,4000,
600037.SH,600037,20251209,93022050,0,661960,A,S,75400,1100,
600037.SH,600037,20251209,93022370,0,665060,A,S,75400,300,
600037.SH,600037,20251209,93022370,0,665068,A,S,75400,900,
600037.SH,600037,20251209,93022530,0,667225,A,S,75400,300,
600037.SH,600037,20251209,93022690,0,668239,A,S,75900,38000,
600037.SH,600037,20251209,93022690,0,668697,A,S,82000,6000,
600037.SH,600037,20251209,93022690,0,668936,A,S,75400,100,
600037.SH,600037,20251209,93022810,0,669689,A,S,75400,600,
600037.SH,600037,20251209,93022810,0,670167,A,S,75400,300,
600037.SH,600037,20251209,93022810,0,670205,A,S,75400,700,
600037.SH,600037,20251209,93022810,0,635028,D,S,75400,100,
600037.SH,600037,20251209,93022960,0,671166,A,S,75400,5000,
600037.SH,600037,20251209,93022960,0,671814,A,S,75400,300,
600037.SH,600037,20251209,93023110,0,672594,A,S,75400,1200,
600037.SH,600037,20251209,93023110,0,673646,A,S,75500,500,
600037.SH,600037,20251209,93023270,0,674210,A,S,75400,200,
600037.SH,600037,20251209,93023570,0,678335,A,S,75500,2000,
600037.SH,600037,20251209,93023740,0,679037,A,S,75500,100,
600037.SH,600037,20251209,93023810,0,679984,A,S,75400,17400,
600037.SH,600037,20251209,93023810,0,680246,A,B,72700,300,
600037.SH,600037,20251209,93024110,0,683324,A,S,75400,800,
600037.SH,600037,20251209,93024120,0,684319,A,S,76800,3000,
600037.SH,600037,20251209,93024260,0,684354,A,S,75400,3000,
600037.SH,600037,20251209,93024550,0,688302,A,S,75300,500,
600037.SH,600037,20251209,93024550,0,593568,D,S,75400,200,
600037.SH,600037,20251209,93024550,0,688332,A,S,75300,1500,
600037.SH,600037,20251209,93024550,0,597018,D,S,75400,800,
600037.SH,600037,20251209,93024550,0,688344,A,S,75300,500,
600037.SH,600037,20251209,93024550,0,688359,A,S,75300,400,
600037.SH,600037,20251209,93024550,0,578657,D,S,75400,2100,
600037.SH,600037,20251209,93024550,0,688371,A,S,75300,400,
600037.SH,600037,20251209,93024550,0,688383,A,S,75300,4400,
600037.SH,600037,20251209,93024550,0,688385,A,S,75300,600,
600037.SH,600037,20251209,93024550,0,578654,D,S,75400,12000,
600037.SH,600037,20251209,93024550,0,688413,A,S,75300,7200,
600037.SH,600037,20251209,93024550,0,593856,D,S,75400,3700,
600037.SH,600037,20251209,93024550,0,593867,D,S,75400,1500,
600037.SH,600037,20251209,93024550,0,593872,D,S,75400,900,
600037.SH,600037,20251209,93024550,0,593604,D,S,75400,2100,
600037.SH,600037,20251209,93024550,0,590018,D,S,75400,200,
600037.SH,600037,20251209,93024780,0,690641,A,S,77500,2000,
600037.SH,600037,20251209,93024780,0,690880,A,S,75400,100,
600037.SH,600037,20251209,93025130,0,694558,A,S,75400,700,
600037.SH,600037,20251209,93025270,0,696029,A,S,75900,2000,
600037.SH,600037,20251209,93025490,0,698352,A,B,75000,1000,
600037.SH,600037,20251209,93025830,0,701790,A,S,75400,400,
600037.SH,600037,20251209,93025830,0,701854,A,S,75400,200,
600037.SH,600037,20251209,93026130,0,704612,A,B,74800,5000,
600037.SH,600037,20251209,93026130,0,704613,A,S,76300,1300,
600037.SH,600037,20251209,93026130,0,704944,A,B,73100,2000,
600037.SH,600037,20251209,93026270,0,706051,A,S,75400,200,
600037.SH,600037,20251209,93026270,0,706496,A,S,75400,8300,
600037.SH,600037,20251209,93026270,0,706497,A,S,75400,4000,
600037.SH,600037,20251209,93026420,0,635295,D,S,75400,8700,
600037.SH,600037,20251209,93026420,0,708539,A,B,75100,10000,
600037.SH,600037,20251209,93026420,0,708728,A,S,75400,100,
600037.SH,600037,20251209,93026570,0,709439,A,S,75300,1300,
600037.SH,600037,20251209,93026570,0,709440,A,S,75300,200,
600037.SH,600037,20251209,93026570,0,709441,A,S,75300,700,
600037.SH,600037,20251209,93026570,0,289663,D,S,75800,2000,
600037.SH,600037,20251209,93026570,0,709811,A,S,75400,2800,
600037.SH,600037,20251209,93026570,0,710639,A,S,75700,5000,
600037.SH,600037,20251209,93026850,0,712714,A,S,75500,300,
600037.SH,600037,20251209,93026850,0,712719,A,S,75500,100,
600037.SH,600037,20251209,93027290,0,601127,D,S,75400,100,
600037.SH,600037,20251209,93027290,0,621749,D,S,75400,1400,
600037.SH,600037,20251209,93027290,0,618990,D,S,75400,900,
600037.SH,600037,20251209,93027400,0,717989,A,S,75500,100,
600037.SH,600037,20251209,93027400,0,717999,A,S,75300,400,
600037.SH,600037,20251209,93027400,0,718110,A,S,75300,400,
600037.SH,600037,20251209,93027400,0,718218,A,S,75400,100,
600037.SH,600037,20251209,93027400,0,718220,A,S,75400,500,
600037.SH,600037,20251209,93027720,0,722316,A,S,76400,18100,
600037.SH,600037,20251209,93027860,0,723375,A,S,75400,2900,
600037.SH,600037,20251209,93027940,0,724283,A,S,78900,900,
600037.SH,600037,20251209,93027940,0,708728,D,S,75400,100,
600037.SH,600037,20251209,93028080,0,726323,A,B,75100,300,
600037.SH,600037,20251209,93028220,0,727807,A,S,75300,200,
600037.SH,600037,20251209,93028380,0,728619,A,S,75400,100000,
600037.SH,600037,20251209,93028380,0,728883,A,S,75300,200,
600037.SH,600037,20251209,93028440,0,609445,D,S,75500,200,
600037.SH,600037,20251209,93028540,0,602036,D,S,75500,2500,
600037.SH,600037,20251209,93028680,0,602039,D,S,75500,400,
600037.SH,600037,20251209,93028780,0,732672,A,S,75400,2900,
600037.SH,600037,20251209,93028780,0,625900,D,S,75500,700,
600037.SH,600037,20251209,93028970,0,661384,D,S,75400,6900,
600037.SH,600037,20251209,93028970,0,661371,D,S,75400,400,
600037.SH,600037,20251209,93028970,0,634782,D,S,75400,100,
600037.SH,600037,20251209,93028970,0,625937,D,S,75500,200,
600037.SH,600037,20251209,93028970,0,735298,A,S,75300,200,
600037.SH,600037,20251209,93029100,0,735753,A,S,76000,600,
600037.SH,600037,20251209,93029220,0,737079,A,S,75400,300,
600037.SH,600037,20251209,93029220,0,737080,A,S,75400,100,
600037.SH,600037,20251209,93029220,0,738153,A,S,76700,700,
600037.SH,600037,20251209,93029380,0,738625,A,S,76200,3000,
600037.SH,600037,20251209,93029380,0,739120,A,S,75400,200,
600037.SH,600037,20251209,93029380,0,637530,D,S,75400,1100,
600037.SH,600037,20251209,93029380,0,637443,D,S,75400,4000,
600037.SH,600037,20251209,93029520,0,637323,D,S,75400,1200,
600037.SH,600037,20251209,93029520,0,637343,D,S,75400,800,
600037.SH,600037,20251209,93029520,0,740606,A,S,81000,100,
600037.SH,600037,20251209,93029520,0,740674,A,S,82700,6000,
600037.SH,600037,20251209,93029520,0,741144,A,S,76300,2800,
600037.SH,600037,20251209,93029640,0,742362,A,S,82700,10000,
600037.SH,600037,20251209,93029780,0,742731,A,S,75300,100,
600037.SH,600037,20251209,93029780,0,637174,D,S,75400,200,
600037.SH,600037,20251209,93029780,0,742742,A,S,75300,1700,
600037.SH,600037,20251209,93029780,0,742743,A,S,75300,1100,
600037.SH,600037,20251209,93029780,0,742747,A,S,75300,3000,
600037.SH,600037,20251209,93029780,0,742748,A,S,75300,2000,
600037.SH,600037,20251209,93029780,0,742749,A,S,75300,9500,
600037.SH,600037,20251209,93029780,0,742753,A,S,75300,2100,
600037.SH,600037,20251209,93029780,0,742762,A,S,75300,700,
600037.SH,600037,20251209,93029780,0,742763,A,S,75300,1000,
600037.SH,600037,20251209,93029780,0,661465,D,S,75400,1000,
600037.SH,600037,20251209,93029780,0,647678,D,S,75400,900,
600037.SH,600037,20251209,93029780,0,661410,D,S,75400,1400,
600037.SH,600037,20251209,93029780,0,661460,D,S,75400,1000,
600037.SH,600037,20251209,93029780,0,661486,D,S,75400,1900,
600037.SH,600037,20251209,93029780,0,661425,D,S,75400,7800,
600037.SH,600037,20251209,93029780,0,661429,D,S,75400,1700,
600037.SH,600037,20251209,93029780,0,661432,D,S,75400,1400,
600037.SH,600037,20251209,93029780,0,742864,A,S,75300,6000,
600037.SH,600037,20251209,93029780,0,742866,A,S,75300,2100,
600037.SH,600037,20251209,93029780,0,742880,A,S,75300,1400,
600037.SH,600037,20251209,93029780,0,742896,A,S,75300,400,
600037.SH,600037,20251209,93029780,0,742898,A,S,75300,400,
600037.SH,600037,20251209,93029780,0,742900,A,S,75300,1300,
600037.SH,600037,20251209,93029780,0,742923,A,S,75300,14800,
600037.SH,600037,20251209,93029780,0,742925,A,S,75300,900,
600037.SH,600037,20251209,93029780,0,634995,D,S,75400,5700,
600037.SH,600037,20251209,93029780,0,743258,A,S,75300,5800,
600037.SH,600037,20251209,93029780,0,743289,A,S,75300,1100,
600037.SH,600037,20251209,93029780,0,743985,A,S,75300,400,
600037.SH,600037,20251209,93029920,0,744386,A,S,75300,400,
600037.SH,600037,20251209,93030060,0,491055,D,S,75700,1300,
600037.SH,600037,20251209,93030200,0,747228,A,S,75300,2100,
600037.SH,600037,20251209,93030200,0,748019,A,S,75400,5000,
600037.SH,600037,20251209,93030330,0,334714,D,S,75900,3000,
600037.SH,600037,20251209,93030330,0,749847,A,S,75300,400,
600037.SH,600037,20251209,93030480,0,751460,A,S,77300,200,
600037.SH,600037,20251209,93030890,0,754054,A,B,75000,1000,
600037.SH,600037,20251209,93030890,0,754716,A,S,75300,1800,
600037.SH,600037,20251209,93031000,0,755563,A,S,75500,400,
600037.SH,600037,20251209,93031000,0,756185,A,S,75300,300,
600037.SH,600037,20251209,93031130,0,757730,A,S,75400,2400,
600037.SH,600037,20251209,93031270,0,758254,A,S,76400,100,
600037.SH,600037,20251209,93031600,0,679984,D,S,75400,17400,
600037.SH,600037,20251209,93031600,0,762807,A,S,75400,300,
600037.SH,600037,20251209,93031980,0,765564,A,S,79000,7000,
600037.SH,600037,20251209,93031980,0,765654,A,S,76000,3000,
600037.SH,600037,20251209,93031980,0,765907,A,S,75300,100,
600037.SH,600037,20251209,93031980,0,581092,D,S,75400,600,
600037.SH,600037,20251209,93031980,0,766564,A,S,75300,100,
600037.SH,600037,20251209,93032120,0,581069,D,S,75400,6300,
600037.SH,600037,20251209,93032120,0,767301,A,B,74900,1000,
600037.SH,600037,20251209,93032120,0,661259,D,S,75400,22100,
600037.SH,600037,20251209,93032120,0,688385,D,S,75300,600,
600037.SH,600037,20251209,93032120,0,634802,D,S,75400,3400,
600037.SH,600037,20251209,93032120,0,688413,D,S,75300,7200,
600037.SH,600037,20251209,93032120,0,688383,D,S,75300,600,
600037.SH,600037,20251209,93032120,0,543080,D,S,75500,100,
600037.SH,600037,20251209,93032260,0,544750,D,S,75500,700,
600037.SH,600037,20251209,93032260,0,768424,A,S,75800,35900,
600037.SH,600037,20251209,93032260,0,597288,D,S,75500,100,
600037.SH,600037,20251209,93032260,0,655631,D,S,75400,1300,
600037.SH,600037,20251209,93032260,0,769469,A,S,75400,200,
600037.SH,600037,20251209,93032460,0,770096,A,S,75400,100,
600037.SH,600037,20251209,93032460,0,771173,A,S,75400,100,
600037.SH,600037,20251209,93032600,0,771591,A,B,75100,10600,
600037.SH,600037,20251209,93032600,0,642611,D,S,75500,400,
600037.SH,600037,20251209,93032740,0,678335,D,S,75500,2000,
600037.SH,600037,20251209,93032740,0,774228,A,S,75300,100,
600037.SH,600037,20251209,93032740,0,774229,A,S,75300,100,
600037.SH,600037,20251209,93032740,0,774231,A,S,75400,500,
600037.SH,600037,20251209,93032890,0,594311,D,S,75500,1000,
600037.SH,600037,20251209,93032890,0,594784,D,S,75500,1500,
600037.SH,600037,20251209,93032890,0,775059,A,S,75400,1000,
600037.SH,600037,20251209,93032890,0,775602,A,S,75400,1200,
600037.SH,600037,20251209,93032890,0,775642,A,S,75400,700,
600037.SH,600037,20251209,93033020,0,776209,A,S,75400,300,
600037.SH,600037,20251209,93033160,0,777461,A,S,75400,100,
600037.SH,600037,20251209,93033160,0,777465,A,S,75400,200,
600037.SH,600037,20251209,93033160,0,661223,D,S,75400,11100,
600037.SH,600037,20251209,93033290,0,779902,A,B,75000,5000,
600037.SH,600037,20251209,93033440,0,780044,A,S,75300,1500,
600037.SH,600037,20251209,93033710,0,783343,A,S,75300,700,
600037.SH,600037,20251209,93033710,0,783362,A,S,75400,800,
600037.SH,600037,20251209,93033710,0,783477,A,S,75300,1200,
600037.SH,600037,20251209,93033850,0,219600,D,B,74800,10000,
600037.SH,600037,20251209,93033990,0,785836,A,S,75300,1700,
600037.SH,600037,20251209,93033990,0,633976,D,S,75500,600,
600037.SH,600037,20251209,93033990,0,786031,A,S,75300,600,
600037.SH,600037,20251209,93033990,0,672594,D,S,75400,1200,
600037.SH,600037,20251209,93034200,0,673646,D,S,75500,500,
600037.SH,600037,20251209,93034200,0,788494,A,S,75300,500,
600037.SH,600037,20251209,93034200,0,788585,A,S,75300,11600,
600037.SH,600037,20251209,93034200,0,593582,D,S,75400,700,
600037.SH,600037,20251209,93034200,0,593587,D,S,75400,1500,
600037.SH,600037,20251209,93034200,0,593581,D,S,75400,1300,
600037.SH,600037,20251209,93034200,0,593589,D,S,75400,2200,
600037.SH,600037,20251209,93034480,0,791605,A,S,75700,1300,
600037.SH,600037,20251209,93034480,0,791857,A,S,75300,400,
600037.SH,600037,20251209,93034750,0,794299,A,S,75500,21000,
600037.SH,600037,20251209,93034890,0,619133,D,S,75400,800,
600037.SH,600037,20251209,93035020,0,706051,D,S,75400,200,
600037.SH,600037,20251209,93035020,0,797107,A,S,75400,100,
600037.SH,600037,20251209,93035160,0,799025,A,S,75300,1100,
600037.SH,600037,20251209,93035160,0,799098,A,S,75300,4000,
600037.SH,600037,20251209,93035290,0,799138,A,S,75300,800,
600037.SH,600037,20251209,93035290,0,799195,A,S,75300,1200,
600037.SH,600037,20251209,93035290,0,799469,A,S,75300,200,
600037.SH,600037,20251209,93035290,0,799534,A,S,75300,700,
600037.SH,600037,20251209,93035290,0,435290,D,S,75500,200,
600037.SH,600037,20251209,93035700,0,804090,A,S,76000,15000,
600037.SH,600037,20251209,93035700,0,804757,A,S,75300,600,
600037.SH,600037,20251209,93035700,0,804758,A,S,75300,1200,
600037.SH,600037,20251209,93035830,0,805213,A,S,75400,400,
600037.SH,600037,20251209,93035830,0,805217,A,S,75400,400,
600037.SH,600037,20251209,93035830,0,805220,A,S,75300,200,
600037.SH,600037,20251209,93035830,0,631733,D,S,75400,2900,
600037.SH,600037,20251209,93035830,0,805402,A,S,75400,600,
600037.SH,600037,20251209,93035830,0,743258,D,S,75300,5800,
600037.SH,600037,20251209,93035830,0,732672,D,S,75400,2900,
600037.SH,600037,20251209,93035960,0,806466,A,S,75500,50000,
600037.SH,600037,20251209,93035960,0,807197,A,S,75400,100,
600037.SH,600037,20251209,93036100,0,650997,D,S,75400,800,
600037.SH,600037,20251209,93036280,0,742880,D,S,75300,1400,
600037.SH,600037,20251209,93036280,0,742925,D,S,75300,900,
600037.SH,600037,20251209,93036280,0,742866,D,S,75300,2100,
600037.SH,600037,20251209,93036280,0,742896,D,S,75300,400,
600037.SH,600037,20251209,93036280,0,742898,D,S,75300,400,
600037.SH,600037,20251209,93036280,0,493464,D,S,75500,400,
600037.SH,600037,20251209,93036280,0,555743,D,S,75500,200,
600037.SH,600037,20251209,93036420,0,810850,A,S,75300,900,
600037.SH,600037,20251209,93036420,0,742864,D,S,75300,6000,
600037.SH,600037,20251209,93036420,0,742900,D,S,75300,1300,
600037.SH,600037,20251209,93036570,0,812298,A,S,76700,402,
600037.SH,600037,20251209,93036570,0,812530,A,S,75700,20000,
600037.SH,600037,20251209,93036570,0,747228,D,S,75300,2100,
600037.SH,600037,20251209,93036570,0,813362,A,B,75200,600,
600037.SH,600037,20251209,93036570,0,813382,A,B,75200,500,
600037.SH,600037,20251209,93036570,0,813400,A,B,75200,600,
600037.SH,600037,20251209,93036570,0,742923,D,S,75300,14800,
600037.SH,600037,20251209,93036710,0,813532,A,S,75300,300,
600037.SH,600037,20251209,93036840,0,749847,D,S,75300,400,
600037.SH,600037,20251209,93036840,0,671814,D,S,75400,300,
600037.SH,600037,20251209,93036960,0,817389,A,S,75300,14800,
600037.SH,600037,20251209,93037340,0,820414,A,S,75300,4700,
600037.SH,600037,20251209,93037340,0,821650,A,S,75300,100,
600037.SH,600037,20251209,93037490,0,821827,A,S,75300,8000,
600037.SH,600037,20251209,93037900,0,701790,D,S,75400,400,
600037.SH,600037,20251209,93038160,0,829214,A,S,75300,600,
600037.SH,600037,20251209,93038160,0,829519,A,B,75200,100,
600037.SH,600037,20251209,93038160,0,829537,A,B,75200,400,
600037.SH,600037,20251209,93038570,0,833677,A,B,75200,300,
600037.SH,600037,20251209,93038690,0,834170,A,S,82700,1000,
600037.SH,600037,20251209,93038960,0,837722,A,S,75300,6800,
600037.SH,600037,20251209,93038960,0,780044,D,S,75300,1500,
600037.SH,600037,20251209,93039220,0,839816,A,S,82700,1300,
600037.SH,600037,20251209,93039220,0,840515,A,S,75400,4300,
600037.SH,600037,20251209,93039220,0,840516,A,S,75400,10300,
600037.SH,600037,20251209,93039220,0,840519,A,S,75400,10200,
600037.SH,600037,20251209,93039220,0,840520,A,S,75400,11100,
600037.SH,600037,20251209,93039220,0,840539,A,S,75400,9600,
600037.SH,600037,20251209,93039220,0,840551,A,S,75500,100,
600037.SH,600037,20251209,93039220,0,840670,A,S,75400,9500,
600037.SH,600037,20251209,93039220,0,840808,A,S,75400,11900,
600037.SH,600037,20251209,93039350,0,841047,A,S,75400,10000,
600037.SH,600037,20251209,93039350,0,841558,A,S,75900,3000,
600037.SH,600037,20251209,93039350,0,785836,D,S,75300,1700,
600037.SH,600037,20251209,93039880,0,791857,D,S,75300,400,
600037.SH,600037,20251209,93040010,0,848883,A,S,75200,500,
600037.SH,600037,20251209,93040010,0,848970,A,S,75200,200,
600037.SH,600037,20251209,93040010,0,717989,D,S,75500,100,
600037.SH,600037,20251209,93040140,0,849626,A,S,75200,200,
600037.SH,600037,20251209,93040140,0,849630,A,S,75200,200,
600037.SH,600037,20251209,93040260,0,821827,D,S,75300,8000,
600037.SH,600037,20251209,93040260,0,837722,D,S,75300,6800,
600037.SH,600037,20251209,93040390,0,799534,D,S,75300,700,
600037.SH,600037,20251209,93040390,0,799469,D,S,75300,200,
600037.SH,600037,20251209,93040390,0,853470,A,S,75200,100,
600037.SH,600037,20251209,93040390,0,853480,A,S,75200,100,
600037.SH,600037,20251209,93040530,0,853732,A,S,75500,2800,
600037.SH,600037,20251209,93040530,0,853872,A,S,75200,200,
600037.SH,600037,20251209,93040670,0,855852,A,S,75200,100,
600037.SH,600037,20251209,93040670,0,855942,A,S,75200,100,
600037.SH,600037,20251209,93040790,0,856466,A,S,75300,700,
600037.SH,600037,20251209,93040790,0,799138,D,S,75300,800,
600037.SH,600037,20251209,93040790,0,799195,D,S,75300,1200,
600037.SH,600037,20251209,93040790,0,799025,D,S,75300,1100,
600037.SH,600037,20251209,93040920,0,799098,D,S,75300,4000,
600037.SH,600037,20251209,93040920,0,858576,A,S,75200,300,
600037.SH,600037,20251209,93040920,0,858605,A,S,75200,500,
600037.SH,600037,20251209,93041320,0,862375,A,S,75200,500,
600037.SH,600037,20251209,93041320,0,862868,A,S,75500,3000,
600037.SH,600037,20251209,93041320,0,863003,A,B,74800,1000,
600037.SH,600037,20251209,93041490,0,864384,A,S,75400,800,
600037.SH,600037,20251209,93041620,0,865188,A,S,75300,400,
600037.SH,600037,20251209,93041620,0,633661,D,S,75400,1100,
600037.SH,600037,20251209,93041620,0,865430,A,S,75300,200,
600037.SH,600037,20251209,93041760,0,866548,A,S,75200,200,
600037.SH,600037,20251209,93042150,0,871521,A,S,75200,500,
600037.SH,600037,20251209,93042150,0,871593,A,B,75100,5000,
600037.SH,600037,20251209,93042280,0,872529,A,S,75200,500,
600037.SH,600037,20251209,93042280,0,755563,D,S,75500,400,
600037.SH,600037,20251209,93042280,0,820414,D,S,75300,4700,
600037.SH,600037,20251209,93042280,0,829214,D,S,75300,600,
600037.SH,600037,20251209,93042420,0,874508,A,S,75600,100,
600037.SH,600037,20251209,93042420,0,874510,A,S,75500,100,
600037.SH,600037,20251209,93042560,0,875384,A,S,75200,700,
600037.SH,600037,20251209,93042560,0,875391,A,S,75200,700,
600037.SH,600037,20251209,93042560,0,728619,D,S,75400,100000,
600037.SH,600037,20251209,93042710,0,877172,A,S,75200,400,
600037.SH,600037,20251209,93042840,0,878812,A,S,75400,1700,
600037.SH,600037,20251209,93042970,0,879425,A,S,75200,100,
600037.SH,600037,20251209,93042970,0,879480,A,S,75200,500,
600037.SH,600037,20251209,93042970,0,766564,D,S,75300,100,
600037.SH,600037,20251209,93042970,0,765907,D,S,75300,100,
600037.SH,600037,20251209,93042970,0,727807,D,S,75300,200,
600037.SH,600037,20251209,93042970,0,774228,D,S,75300,100,
600037.SH,600037,20251209,93042970,0,774229,D,S,75300,100,
600037.SH,600037,20251209,93043110,0,756185,D,S,75300,300,
600037.SH,600037,20251209,93043110,0,881050,A,S,75200,100,
600037.SH,600037,20251209,93043110,0,881110,A,S,75200,100,
600037.SH,600037,20251209,93043110,0,881435,A,S,75200,700,
600037.SH,600037,20251209,93043240,0,882162,A,S,75200,100,
600037.SH,600037,20251209,93043380,0,884426,A,S,75200,200,
600037.SH,600037,20251209,93043380,0,884622,A,S,75200,100,
600037.SH,600037,20251209,93043520,0,885231,A,S,75200,400,
600037.SH,600037,20251209,93043520,0,632108,D,S,75400,2600,
600037.SH,600037,20251209,93043520,0,775642,D,S,75400,700,
600037.SH,600037,20251209,93043520,0,879480,D,S,75200,500,
600037.SH,600037,20251209,93043520,0,858605,D,S,75200,500,
600037.SH,600037,20251209,93043520,0,879425,D,S,75200,100,
600037.SH,600037,20251209,93043520,0,872529,D,S,75200,500,
600037.SH,600037,20251209,93043520,0,805220,D,S,75300,200,
600037.SH,600037,20251209,93043640,0,886469,A,S,75200,100,
600037.SH,600037,20251209,93043640,0,886777,A,S,75200,3200,
600037.SH,600037,20251209,93043640,0,709811,D,S,75400,2800,
600037.SH,600037,20251209,93043640,0,887065,A,S,75200,4600,
600037.SH,600037,20251209,93043910,0,889584,A,S,76100,8000,
600037.SH,600037,20251209,93043910,0,856466,D,S,75300,700,
600037.SH,600037,20251209,93044120,0,892118,A,S,75200,1200,
600037.SH,600037,20251209,93044120,0,892191,A,S,75200,4000,
600037.SH,600037,20251209,93044120,0,892210,A,S,75200,800,
600037.SH,600037,20251209,93044120,0,892247,A,S,75200,1100,
600037.SH,600037,20251209,93044120,0,892929,A,S,77100,5000,
600037.SH,600037,20251209,93044270,0,757730,D,S,75400,2400,
600037.SH,600037,20251209,93044270,0,744386,D,S,75300,400,
600037.SH,600037,20251209,93044270,0,610345,D,S,75400,2400,
600037.SH,600037,20251209,93044540,0,896526,A,S,75500,100,
600037.SH,600037,20251209,93044680,0,742762,D,S,75300,700,
600037.SH,600037,20251209,93044680,0,899012,A,B,75100,100,
600037.SH,600037,20251209,93044820,0,634842,D,S,75500,3400,
600037.SH,600037,20251209,93044820,0,899891,A,S,75300,200,
600037.SH,600037,20251209,93044820,0,742743,D,S,75300,1100,
600037.SH,600037,20251209,93044960,0,900577,A,S,75500,200,
600037.SH,600037,20251209,93044960,0,754716,D,S,75300,1800,
600037.SH,600037,20251209,93044960,0,742742,D,S,75300,1700,
600037.SH,600037,20251209,93044960,0,742747,D,S,75300,3000,
600037.SH,600037,20251209,93044960,0,742748,D,S,75300,2000,
600037.SH,600037,20251209,93044960,0,742753,D,S,75300,2100,
600037.SH,600037,20251209,93044960,0,901511,A,B,75100,100,
600037.SH,600037,20251209,93045120,0,742763,D,S,75300,1000,
600037.SH,600037,20251209,93045120,0,902060,A,B,75100,100,
600037.SH,600037,20251209,93045120,0,804757,D,S,75300,600,
600037.SH,600037,20251209,93045300,0,903486,A,S,75300,4100,
600037.SH,600037,20251209,93045300,0,804758,D,S,75300,1200,
600037.SH,600037,20251209,93045300,0,783477,D,S,75300,1200,
600037.SH,600037,20251209,93045430,0,742749,D,S,75300,9500,
600037.SH,600037,20251209,93045430,0,905719,A,S,77800,1300,
600037.SH,600037,20251209,93045560,0,817389,D,S,75300,14800,
600037.SH,600037,20251209,93045820,0,633559,D,S,75500,500,
600037.SH,600037,20251209,93045820,0,708539,D,B,75100,10000,
600037.SH,600037,20251209,93045970,0,806466,D,S,75500,50000,
600037.SH,600037,20251209,93046100,0,912009,A,S,75200,100,
600037.SH,600037,20251209,93046160,0,771173,D,S,75400,100,
600037.SH,600037,20251209,93046300,0,892210,D,S,75200,800,
600037.SH,600037,20251209,93046300,0,892118,D,S,75200,1200,
600037.SH,600037,20251209,93046300,0,892191,D,S,75200,4000,
600037.SH,600037,20251209,93046690,0,917572,A,B,70700,2000,
600037.SH,600037,20251209,93046780,0,918380,A,S,79800,500,
600037.SH,600037,20251209,93046780,0,877172,D,S,75200,400,
600037.SH,600037,20251209,93046780,0,841047,D,S,75400,10000,
600037.SH,600037,20251209,93046780,0,840808,D,S,75400,11900,
600037.SH,600037,20251209,93046780,0,840539,D,S,75400,9600,
600037.SH,600037,20251209,93046780,0,840670,D,S,75400,9500,
600037.SH,600037,20251209,93046780,0,840519,D,S,75400,10200,
600037.SH,600037,20251209,93046780,0,840520,D,S,75400,11100,
600037.SH,600037,20251209,93046780,0,840515,D,S,75400,4300,
600037.SH,600037,20251209,93046780,0,840516,D,S,75400,10300,
600037.SH,600037,20251209,93046780,0,739120,D,S,75400,200,
600037.SH,600037,20251209,93047100,0,878812,D,S,75400,1700,
600037.SH,600037,20251209,93047250,0,864384,D,S,75400,800,
600037.SH,600037,20251209,93047470,0,788585,D,S,75300,11600,
600037.SH,600037,20251209,93047670,0,903486,D,S,75300,4100,
600037.SH,600037,20251209,93047850,0,912009,D,S,75200,100,
600037.SH,600037,20251209,93047900,0,522448,D,S,75800,40000,
600037.SH,600037,20251209,93048460,0,930622,A,S,78800,1900,
600037.SH,600037,20251209,93048500,0,579191,D,S,75600,6100,
600037.SH,600037,20251209,93048600,0,900577,D,S,75500,200,
600037.SH,600037,20251209,93048780,0,896526,D,S,75500,100,
600037.SH,600037,20251209,93049450,0,937054,A,S,75200,50000,
600037.SH,600037,20251209,93049490,0,866548,D,S,75200,200,
600037.SH,600037,20251209,93049520,0,937448,A,S,75200,200,
600037.SH,600037,20251209,93049550,0,937675,A,S,75200,100,
600037.SH,600037,20251209,93049570,0,937760,A,B,75100,100,
600037.SH,600037,20251209,93049570,0,937776,A,S,75200,800,
600037.SH,600037,20251209,93049570,0,892247,D,S,75200,1100,
600037.SH,600037,20251209,93049590,0,937848,A,S,75200,1200,
600037.SH,600037,20251209,93049590,0,937921,A,S,75200,100,
600037.SH,600037,20251209,93049610,0,937926,A,S,75200,4000,
600037.SH,600037,20251209,93049980,0,939757,A,S,75500,2000,
600037.SH,600037,20251209,93050440,0,794299,D,S,75500,21000,
600037.SH,600037,20251209,93053590,0,959282,A,S,76800,2300,
600037.SH,600037,20251209,93054530,0,963957,A,B,74800,5000,
600037.SH,600037,20251209,93054990,0,966349,A,S,75200,100,
600037.SH,600037,20251209,93055380,0,968534,A,B,75100,10700,
600037.SH,600037,20251209,93055930,0,971064,A,B,74800,10000,
600037.SH,600037,20251209,93056460,0,937776,D,S,75200,800,
600037.SH,600037,20251209,93056460,0,937926,D,S,75200,4000,
600037.SH,600037,20251209,93056500,0,937848,D,S,75200,1200,
600037.SH,600037,20251209,93056800,0,855852,D,S,75200,100,
600037.SH,600037,20251209,93056800,0,855942,D,S,75200,100,
600037.SH,600037,20251209,93058620,0,984993,A,B,74700,1000,
600037.SH,600037,20251209,93059270,0,871521,D,S,75200,500,
600037.SH,600037,20251209,93059880,0,875391,D,S,75200,700,
600037.SH,600037,20251209,93100100,0,875384,D,S,75200,700,
600037.SH,600037,20251209,93100320,0,993939,A,S,77700,3000,
600037.SH,600037,20251209,93101190,0,1000158,A,B,74500,5000,
600037.SH,600037,20251209,93101560,0,1002328,A,B,75100,300,
600037.SH,600037,20251209,93101560,0,874510,D,S,75500,100,
600037.SH,600037,20251209,93101560,0,874508,D,S,75600,100,
600037.SH,600037,20251209,93101560,0,1002463,A,S,75300,100,
600037.SH,600037,20251209,93101580,0,1002517,A,S,75200,200,
600037.SH,600037,20251209,93101770,0,1003601,A,B,74700,40000,
600037.SH,600037,20251209,93105230,0,548850,D,S,75500,1100,
600037.SH,600037,20251209,93109180,0,1046734,A,S,78000,3000,
600037.SH,600037,20251209,93110300,0,775602,D,S,75400,1200,
600037.SH,600037,20251209,93110600,0,1053882,A,B,75100,600,
600037.SH,600037,20251209,93110600,0,1053886,A,B,75100,800,
600037.SH,600037,20251209,93110600,0,1053887,A,B,75100,1400,
600037.SH,600037,20251209,93110600,0,1053914,A,B,75100,2300,
600037.SH,600037,20251209,93111040,0,1056109,A,B,74700,500,
600037.SH,600037,20251209,93111130,0,968534,D,B,75100,10700,
600037.SH,600037,20251209,93111130,0,1056579,A,B,75100,100,
600037.SH,600037,20251209,93112210,0,1062109,A,S,76000,1000,
600037.SH,600037,20251209,93113550,0,1068763,A,B,75100,100,
600037.SH,600037,20251209,93113550,0,1068769,A,B,75100,100,
600037.SH,600037,20251209,93113550,0,1068776,A,B,75100,200,
600037.SH,600037,20251209,93113550,0,1068808,A,B,75100,400,
600037.SH,600037,20251209,93114900,0,1075535,A,B,75100,2000,
600037.SH,600037,20251209,93116590,0,1083532,A,B,75100,100,
600037.SH,600037,20251209,93116590,0,1083538,A,B,75100,100,
600037.SH,600037,20251209,93116590,0,1083540,A,B,75100,200,
600037.SH,600037,20251209,93116590,0,1083561,A,B,75100,300,
600037.SH,600037,20251209,93116920,0,1085020,A,B,75100,6800,
600037.SH,600037,20251209,93117640,0,1088117,A,B,75100,100,
600037.SH,600037,20251209,93117640,0,1088138,A,B,75100,1000,
600037.SH,600037,20251209,93117920,0,1089741,A,B,75100,45000,
600037.SH,600037,20251209,93118860,0,1094188,A,B,74000,1300,
600037.SH,600037,20251209,93119490,0,1097251,A,S,75200,500,
600037.SH,600037,20251209,93119490,0,1097257,A,B,75100,100,
600037.SH,600037,20251209,93119490,0,1097259,A,B,75100,100,
600037.SH,600037,20251209,93119490,0,1097260,A,B,75100,200,
600037.SH,600037,20251209,93119490,0,1097272,A,B,75100,400,
600037.SH,600037,20251209,93119570,0,1097514,A,S,75200,1500,
600037.SH,600037,20251209,93119570,0,1097520,A,S,75200,1000,
600037.SH,600037,20251209,93122850,0,1114070,A,B,75100,2300,
600037.SH,600037,20251209,93127710,0,1137407,A,B,75100,600,
600037.SH,600037,20251209,93128150,0,554241,D,S,75500,1800,
600037.SH,600037,20251209,93129160,0,1144821,A,S,79000,3000,
600037.SH,600037,20251209,93129800,0,1147596,A,B,75100,1200,
600037.SH,600037,20251209,93130150,0,1149310,A,S,82700,3500,
600037.SH,600037,20251209,93130500,0,728883,D,S,75300,200,
600037.SH,600037,20251209,93130870,0,1152702,A,S,80100,1100,
600037.SH,600037,20251209,93131560,0,1156194,A,S,75600,6000,
600037.SH,600037,20251209,93133960,0,1166859,A,S,76300,1000,
600037.SH,600037,20251209,93134600,0,1169597,A,B,75100,20200,
600037.SH,600037,20251209,93135000,0,1171180,A,S,79700,8000,
600037.SH,600037,20251209,93135950,0,1175595,A,B,75100,5000,
600037.SH,600037,20251209,93136080,0,1176265,A,S,78000,1000,
600037.SH,600037,20251209,93136500,0,709439,D,S,75300,1100,
600037.SH,600037,20251209,93136500,0,709440,D,S,75300,200,
600037.SH,600037,20251209,93136500,0,709441,D,S,75300,700,
600037.SH,600037,20251209,93136500,0,1178850,A,B,75100,3000,
600037.SH,600037,20251209,93136540,0,1179063,A,S,75200,1000,
600037.SH,600037,20251209,93138190,0,1186265,A,B,74100,1000,
600037.SH,600037,20251209,93138890,0,1189820,A,S,82600,8800,
600037.SH,600037,20251209,93139640,0,1193950,A,B,75000,100,
600037.SH,600037,20251209,93139840,0,1195038,A,B,75100,6500,
600037.SH,600037,20251209,93140060,0,1196046,A,B,75100,600,
600037.SH,600037,20251209,93140420,0,382268,D,B,75000,12600,
600037.SH,600037,20251209,93140500,0,690880,D,S,75400,100,
600037.SH,600037,20251209,93140500,0,1198294,A,B,75100,100,
600037.SH,600037,20251209,93140500,0,1198303,A,B,75200,500,
600037.SH,600037,20251209,93140530,0,1198309,A,B,75200,4700,
600037.SH,600037,20251209,93140530,0,1198451,A,B,75200,100,
600037.SH,600037,20251209,93141190,0,1201835,A,B,75200,100,
600037.SH,600037,20251209,93141430,0,1203005,A,B,75200,1000,
600037.SH,600037,20251209,93142280,0,840551,D,S,75500,100,
600037.SH,600037,20251209,93142280,0,1207459,A,B,75200,700,
600037.SH,600037,20251209,93142430,0,1208188,A,S,75300,100,
600037.SH,600037,20251209,93142610,0,1209237,A,B,75200,1000,
600037.SH,600037,20251209,93142880,0,1210581,A,S,76000,5000,
600037.SH,600037,20251209,93143510,0,1198309,D,B,75200,4300,
600037.SH,600037,20251209,93143540,0,899891,D,S,75300,200,
600037.SH,600037,20251209,93143650,0,1214406,A,B,75200,1200,
600037.SH,600037,20251209,93144630,0,1219567,A,B,75200,1000,
600037.SH,600037,20251209,93144880,0,1195038,D,B,75100,6500,
600037.SH,600037,20251209,93144950,0,1221545,A,B,75200,6500,
600037.SH,600037,20251209,93145180,0,1222735,A,S,75500,1500,
600037.SH,600037,20251209,93148160,0,1237767,A,B,72000,1000,
600037.SH,600037,20251209,93148200,0,1237979,A,S,75300,2200,
600037.SH,600037,20251209,93148850,0,1241044,A,S,76000,900,
600037.SH,600037,20251209,93151310,0,1252403,A,B,75200,5000,
600037.SH,600037,20251209,93151540,0,1253325,A,B,75100,400,
600037.SH,600037,20251209,93152010,0,1255340,A,B,75200,300,
600037.SH,600037,20251209,93152150,0,963957,D,B,74800,5000,
600037.SH,600037,20251209,93153030,0,1260047,A,B,75200,1000,
600037.SH,600037,20251209,93155270,0,210829,D,S,82000,7700,
600037.SH,600037,20251209,93156020,0,1273299,A,S,75300,100,
600037.SH,600037,20251209,93156880,0,1277124,A,S,77800,2000,
600037.SH,600037,20251209,93157180,0,1278341,A,S,76200,2000,
600037.SH,600037,20251209,93200610,0,510992,D,S,75500,100,
600037.SH,600037,20251209,93201110,0,1221545,D,B,75200,6500,
600037.SH,600037,20251209,93201210,0,1297882,A,B,75200,6500,
600037.SH,600037,20251209,93202160,0,1303160,A,B,75100,5000,
600037.SH,600037,20251209,93204080,0,723375,D,S,75400,2900,
600037.SH,600037,20251209,93204360,0,1314213,A,B,75000,1000,
600037.SH,600037,20251209,93207520,0,1330504,A,S,75300,100,
600037.SH,600037,20251209,93207570,0,1330621,A,S,75300,300,
600037.SH,600037,20251209,93208200,0,1333504,A,S,82700,9700,
600037.SH,600037,20251209,93209670,0,1340115,A,S,75500,5000,
600037.SH,600037,20251209,93212960,0,1356117,A,S,75300,1000,
600037.SH,600037,20251209,93213090,0,1356736,A,B,74500,5000,
600037.SH,600037,20251209,93213170,0,1357406,A,S,75300,100,
600037.SH,600037,20251209,93213370,0,1358607,A,S,75300,100,
600037.SH,600037,20251209,93213580,0,1359894,A,S,75400,100,
600037.SH,600037,20251209,93214840,0,1368521,A,S,75300,1400,
600037.SH,600037,20251209,93215170,0,1370560,A,S,75300,100,
600037.SH,600037,20251209,93215170,0,1370563,A,S,75300,100,
600037.SH,600037,20251209,93215200,0,1370591,A,S,75400,10000,
600037.SH,600037,20251209,93215640,0,1373525,A,B,75200,10000,
600037.SH,600037,20251209,93216520,0,1378484,A,B,75100,3000,
600037.SH,600037,20251209,93218750,0,1390931,A,S,75700,100,
600037.SH,600037,20251209,93219180,0,1297882,D,B,75200,6500,
600037.SH,600037,20251209,93220340,0,1398639,A,S,82700,700,
600037.SH,600037,20251209,93220680,0,1400379,A,S,75300,1100,
600037.SH,600037,20251209,93222570,0,1252403,D,B,75200,2800,
600037.SH,600037,20251209,93223440,0,1412778,A,S,75700,33100,
600037.SH,600037,20251209,93223640,0,1413555,A,B,75200,600,
600037.SH,600037,20251209,93224540,0,1417366,A,S,78700,8000,
600037.SH,600037,20251209,93228830,0,1435564,A,B,75200,12600,
600037.SH,600037,20251209,93229110,0,1436550,A,S,75600,5000,
600037.SH,600037,20251209,93229110,0,1436642,A,B,75200,200,
600037.SH,600037,20251209,93229110,0,1436656,A,B,75200,100,
600037.SH,600037,20251209,93229140,0,1053914,D,B,75100,2300,
600037.SH,600037,20251209,93229140,0,1053886,D,B,75100,300,
600037.SH,600037,20251209,93229140,0,1068763,D,B,75100,100,
600037.SH,600037,20251209,93229140,0,1053887,D,B,75100,1400,
600037.SH,600037,20251209,93229360,0,1437720,A,B,75200,200,
600037.SH,600037,20251209,93229380,0,1437748,A,B,75200,4800,
600037.SH,600037,20251209,93229380,0,1437761,A,B,75200,400,
600037.SH,600037,20251209,93229380,0,1437762,A,B,75200,2500,
600037.SH,600037,20251209,93229380,0,737080,D,S,75400,100,
600037.SH,600037,20251209,93229380,0,1437768,A,B,75200,1200,
600037.SH,600037,20251209,93229650,0,1439149,A,B,75200,700,
600037.SH,600037,20251209,93231340,0,641367,D,S,75400,100,
600037.SH,600037,20251209,93231470,0,1447771,A,S,75300,20000,
600037.SH,600037,20251209,93231500,0,1068769,D,B,75100,100,
600037.SH,600037,20251209,93231500,0,1068776,D,B,75100,200,
600037.SH,600037,20251209,93231530,0,1068808,D,B,75100,400,
600037.SH,600037,20251209,93231650,0,1448550,A,S,75300,100,
600037.SH,600037,20251209,93232010,0,1450122,A,B,75100,3900,
600037.SH,600037,20251209,93232710,0,1453419,A,S,81800,1800,
600037.SH,600037,20251209,93234490,0,1461855,A,S,75300,300,
600037.SH,600037,20251209,93236160,0,1468683,A,S,76500,100000,
600037.SH,600037,20251209,93236400,0,1469670,A,B,75200,700,
600037.SH,600037,20251209,93236990,0,1147596,D,B,75100,1200,
600037.SH,600037,20251209,93237390,0,939757,D,S,75500,2000,
600037.SH,600037,20251209,93238280,0,1477538,A,B,74800,5000,
600037.SH,600037,20251209,93240270,0,1486631,A,S,75300,5000,
600037.SH,600037,20251209,93240380,0,1487193,A,S,75600,5000,
600037.SH,600037,20251209,93241090,0,1490008,A,B,68100,3000,
600037.SH,600037,20251209,93241260,0,289710,D,S,75600,9800,
600037.SH,600037,20251209,93241960,0,1494485,A,S,75800,1000,
600037.SH,600037,20251209,93243670,0,1503012,A,B,75200,1400,
600037.SH,600037,20251209,93245870,0,1512827,A,B,75200,4400,
600037.SH,600037,20251209,93246030,0,1513472,A,S,82700,700,
600037.SH,600037,20251209,93246080,0,1513616,A,B,75200,2000,
600037.SH,600037,20251209,93249280,0,1527181,A,S,76400,10000,
600037.SH,600037,20251209,93250630,0,1533467,A,B,75200,1200,
600037.SH,600037,20251209,93252080,0,1539321,A,B,75100,300,
600037.SH,600037,20251209,93253580,0,1085020,D,B,75100,6800,
600037.SH,600037,20251209,93255330,0,1552803,A,B,75200,20000,
600037.SH,600037,20251209,93256810,0,1558846,A,S,78900,1800,
600037.SH,600037,20251209,93258470,0,1566050,A,B,73900,3500,
600037.SH,600037,20251209,93259390,0,1569355,A,S,78900,700,
600037.SH,600037,20251209,93301650,0,1579689,A,S,76300,60000,
600037.SH,600037,20251209,93304340,0,1591776,A,B,73100,500,
600037.SH,600037,20251209,93309290,0,1612818,A,S,75300,100,
600037.SH,600037,20251209,93310460,0,1618167,A,B,74900,2000,
600037.SH,600037,20251209,93310650,0,1618959,A,B,75200,800,
600037.SH,600037,20251209,93311530,0,1622817,A,S,75300,20000,
600037.SH,600037,20251209,93312140,0,1137407,D,B,75100,600,
600037.SH,600037,20251209,93312400,0,1626358,A,S,75300,400,
600037.SH,600037,20251209,93314260,0,1633664,A,S,75300,200,
600037.SH,600037,20251209,93315260,0,1637545,A,S,75300,100,
600037.SH,600037,20251209,93316260,0,1641414,A,S,77900,700,
600037.SH,600037,20251209,93316510,0,706496,D,S,75400,8300,
600037.SH,600037,20251209,93316510,0,706497,D,S,75400,4000,
600037.SH,600037,20251209,93316660,0,1642904,A,S,75300,300,
600037.SH,600037,20251209,93316660,0,1642933,A,S,75300,400,
600037.SH,600037,20251209,93316890,0,769469,D,S,75400,200,
600037.SH,600037,20251209,93317170,0,1644732,A,S,75200,200,
600037.SH,600037,20251209,93317370,0,1645647,A,B,75100,500,
600037.SH,600037,20251209,93318950,0,1651684,A,B,75200,100,
600037.SH,600037,20251209,93320230,0,1656678,A,S,76500,13100,
600037.SH,600037,20251209,93320280,0,1656894,A,S,76100,1300,
600037.SH,600037,20251209,93320380,0,1657331,A,B,75200,1100,
600037.SH,600037,20251209,93321540,0,1661646,A,S,76300,2000,
600037.SH,600037,20251209,93322180,0,1664169,A,B,75200,1000,
600037.SH,600037,20251209,93322350,0,1664801,A,B,75200,1000,
600037.SH,600037,20251209,93325210,0,1303160,D,B,75100,5000,
600037.SH,600037,20251209,93325980,0,1678621,A,S,75300,2700,
600037.SH,600037,20251209,93325980,0,1678660,A,S,76700,10000,
600037.SH,600037,20251209,93327760,0,1685234,A,S,80900,1000,
600037.SH,600037,20251209,93327950,0,1685977,A,B,75000,10000,
600037.SH,600037,20251209,93328030,0,1686191,A,B,75200,3000,
600037.SH,600037,20251209,93329600,0,1691927,A,S,76800,700,
600037.SH,600037,20251209,93329990,0,1693315,A,S,77000,1600,
600037.SH,600037,20251209,93330690,0,1156194,D,S,75600,6000,
600037.SH,600037,20251209,93332660,0,1703479,A,B,75200,3000,
600037.SH,600037,20251209,93334460,0,1710342,A,B,75200,1000,
600037.SH,600037,20251209,93336360,0,1717754,A,B,74900,5000,
600037.SH,600037,20251209,93341810,0,1739616,A,S,75200,10300,
600037.SH,600037,20251209,93341880,0,1739963,A,S,75200,10000,
600037.SH,600037,20251209,93342370,0,1741824,A,B,75100,400,
600037.SH,600037,20251209,93342370,0,1741843,A,B,75100,100,
600037.SH,600037,20251209,93342370,0,1741847,A,B,75100,100,
600037.SH,600037,20251209,93342370,0,1741887,A,B,75100,1500,
600037.SH,600037,20251209,93342370,0,1741911,A,B,75100,1300,
600037.SH,600037,20251209,93343060,0,1744534,A,S,75800,6000,
600037.SH,600037,20251209,93343370,0,1745736,A,B,75100,200,
600037.SH,600037,20251209,93343520,0,1461855,D,S,75300,300,
600037.SH,600037,20251209,93344160,0,1748877,A,B,74900,10000,
600037.SH,600037,20251209,93345000,0,696029,D,S,75900,2000,
600037.SH,600037,20251209,93345750,0,1755267,A,B,75000,600,
600037.SH,600037,20251209,93345790,0,1755335,A,S,76000,700,
600037.SH,600037,20251209,93348630,0,1767039,A,S,79200,200,
600037.SH,600037,20251209,93351360,0,1777971,A,B,75100,10000,
600037.SH,600037,20251209,93351460,0,1739963,D,S,75200,10000,
600037.SH,600037,20251209,93354370,0,1412778,D,S,75700,33100,
600037.SH,600037,20251209,93356150,0,1797639,A,S,75900,700,
600037.SH,600037,20251209,93357790,0,1803655,A,S,75200,600,
600037.SH,600037,20251209,93357970,0,1745736,D,B,75100,200,
600037.SH,600037,20251209,93358240,0,1741824,D,B,75100,400,
600037.SH,600037,20251209,93358770,0,1807657,A,S,75500,33100,
600037.SH,600037,20251209,93359950,0,1739616,D,S,75200,8300,
600037.SH,600037,20251209,93400170,0,1812864,A,S,75200,1400,
600037.SH,600037,20251209,93400260,0,1448550,D,S,75300,100,
600037.SH,600037,20251209,93400260,0,1813251,A,S,75200,100,
600037.SH,600037,20251209,93400940,0,1816528,A,S,75200,700,
600037.SH,600037,20251209,93401340,0,1818445,A,S,75500,4000,
600037.SH,600037,20251209,93402050,0,1821242,A,B,75100,1000,
600037.SH,600037,20251209,93403070,0,503026,D,S,75500,1100,
600037.SH,600037,20251209,93403580,0,1827319,A,S,75200,4100,
600037.SH,600037,20251209,93404020,0,1829128,A,S,75200,100,
600037.SH,600037,20251209,93404080,0,1829385,A,S,75200,10000,
600037.SH,600037,20251209,93404100,0,1829510,A,B,75100,100,
600037.SH,600037,20251209,93404140,0,1829577,A,B,75100,100,
600037.SH,600037,20251209,93404220,0,1829878,A,B,74400,700,
600037.SH,600037,20251209,93404580,0,1831278,A,S,76000,500,
600037.SH,600037,20251209,93404610,0,112150,D,B,74500,2000,
600037.SH,600037,20251209,93404910,0,1359894,D,S,75400,100,
600037.SH,600037,20251209,93404940,0,1832656,A,S,75200,100,
600037.SH,600037,20251209,93405400,0,1834602,A,S,76100,300,
600037.SH,600037,20251209,93405960,0,1836762,A,S,80000,2000,
600037.SH,600037,20251209,93410820,0,1855763,A,B,75200,900,
600037.SH,600037,20251209,93411110,0,1856790,A,B,75200,100,
600037.SH,600037,20251209,93411110,0,1856791,A,B,75200,100,
600037.SH,600037,20251209,93411110,0,1856794,A,B,75200,100,
600037.SH,600037,20251209,93411520,0,1858480,A,B,75200,9800,
600037.SH,600037,20251209,93412140,0,1860803,A,B,75200,3500,
600037.SH,600037,20251209,93412450,0,1862076,A,B,75200,33200,
600037.SH,600037,20251209,93412610,0,1862671,A,B,75200,1000,
600037.SH,600037,20251209,93413460,0,85830,D,B,74700,1400,
600037.SH,600037,20251209,93414810,0,1871036,A,B,74800,1100,
600037.SH,600037,20251209,93415020,0,1871763,A,S,75300,100,
600037.SH,600037,20251209,93417350,0,1880224,A,S,75300,6600,
600037.SH,600037,20251209,93418550,0,1717754,D,B,74900,5000,
600037.SH,600037,20251209,93419370,0,1089741,D,B,75100,45000,
600037.SH,600037,20251209,93420980,0,1893369,A,B,74300,1000,
600037.SH,600037,20251209,93421170,0,1893969,A,S,79000,300,
600037.SH,600037,20251209,93421170,0,1894067,A,B,75200,200,
600037.SH,600037,20251209,93421700,0,1896203,A,B,75200,120300,
600037.SH,600037,20251209,93421870,0,1807657,D,S,75500,33100,
600037.SH,600037,20251209,93423580,0,1903023,A,B,75100,400,
600037.SH,600037,20251209,93425620,0,1910202,A,B,75000,500,
600037.SH,600037,20251209,93425840,0,1910984,A,B,75100,5000,
600037.SH,600037,20251209,93428480,0,1919953,A,B,75200,400,
600037.SH,600037,20251209,93428970,0,1921511,A,B,75100,1000,
600037.SH,600037,20251209,93429010,0,1921632,A,S,81100,8000,
600037.SH,600037,20251209,93429390,0,541497,D,S,75500,2000,
600037.SH,600037,20251209,93431200,0,1929512,A,B,75000,300,
600037.SH,600037,20251209,93431260,0,592487,D,S,75600,3000,
600037.SH,600037,20251209,93431910,0,1932061,A,S,75700,100,
600037.SH,600037,20251209,93434320,0,1940375,A,B,75300,91500,
600037.SH,600037,20251209,93434540,0,1741843,D,B,75100,100,
600037.SH,600037,20251209,93434540,0,1829510,D,B,75100,100,
600037.SH,600037,20251209,93434540,0,1941137,A,B,75300,100,
600037.SH,600037,20251209,93434540,0,1741847,D,B,75100,100,
600037.SH,600037,20251209,93434540,0,1829577,D,B,75100,100,
600037.SH,600037,20251209,93434540,0,1083532,D,B,75100,100,
600037.SH,600037,20251209,93434540,0,1097257,D,B,75100,100,
600037.SH,600037,20251209,93434540,0,1196046,D,B,75100,600,
600037.SH,600037,20251209,93434540,0,1083538,D,B,75100,100,
600037.SH,600037,20251209,93434540,0,1083540,D,B,75100,200,
600037.SH,600037,20251209,93434540,0,1097259,D,B,75100,100,
600037.SH,600037,20251209,93434540,0,1097260,D,B,75100,200,
600037.SH,600037,20251209,93434540,0,1645647,D,B,75100,500,
600037.SH,600037,20251209,93434540,0,1741911,D,B,75100,1300,
600037.SH,600037,20251209,93434540,0,1083561,D,B,75100,300,
600037.SH,600037,20251209,93434540,0,1097272,D,B,75100,400,
600037.SH,600037,20251209,93434540,0,1741887,D,B,75100,1500,
600037.SH,600037,20251209,93435260,0,1943640,A,B,74700,900,
600037.SH,600037,20251209,93435370,0,1944016,A,B,75300,200,
600037.SH,600037,20251209,93435370,0,1944033,A,B,75300,200,
600037.SH,600037,20251209,93435370,0,1944077,A,B,75300,2200,
600037.SH,600037,20251209,93435370,0,1944086,A,B,75300,600,
600037.SH,600037,20251209,93435370,0,1944097,A,B,75300,800,
600037.SH,600037,20251209,93435370,0,1944108,A,B,75300,1700,
600037.SH,600037,20251209,93436260,0,748019,D,S,75400,5000,
600037.SH,600037,20251209,93436350,0,1947421,A,B,75300,100,
600037.SH,600037,20251209,93437740,0,1951900,A,B,74900,6500,
600037.SH,600037,20251209,93438690,0,853732,D,S,75500,2800,
600037.SH,600037,20251209,93438960,0,1340115,D,S,75500,5000,
600037.SH,600037,20251209,93440030,0,1960176,A,S,75400,100,
600037.SH,600037,20251209,93440390,0,1961467,A,S,75400,5000,
600037.SH,600037,20251209,93441950,0,1966586,A,B,75100,10000,
600037.SH,600037,20251209,93442280,0,1903023,D,B,75100,400,
600037.SH,600037,20251209,93444570,0,1975156,A,S,78000,1000,
600037.SH,600037,20251209,93447000,0,1983247,A,S,78200,300,
600037.SH,600037,20251209,93447530,0,1985262,A,S,75400,1000,
600037.SH,600037,20251209,93449480,0,1991778,A,B,75200,400,
600037.SH,600037,20251209,93449760,0,1992751,A,B,75300,1100,
600037.SH,600037,20251209,93449950,0,1993313,A,S,75500,100,
600037.SH,600037,20251209,93450250,0,1994307,A,S,75600,2000,
600037.SH,600037,20251209,93452210,0,2000355,A,S,75400,700,
600037.SH,600037,20251209,93452310,0,1370591,D,S,75400,10000,
600037.SH,600037,20251209,93453150,0,2003381,A,S,75400,2100,
600037.SH,600037,20251209,93454430,0,1777971,D,B,75100,10000,
600037.SH,600037,20251209,93456640,0,2014188,A,B,75400,500,
600037.SH,600037,20251209,93456880,0,2014870,A,B,75400,5400,
600037.SH,600037,20251209,93456900,0,1241044,D,S,76000,900,
600037.SH,600037,20251209,93457540,0,2016978,A,S,79600,2600,
600037.SH,600037,20251209,93500070,0,2025406,A,S,80200,100,
600037.SH,600037,20251209,93501010,0,2029884,A,B,75300,60100,
600037.SH,600037,20251209,93502250,0,2035085,A,B,75300,7300,
600037.SH,600037,20251209,93502510,0,2036155,A,B,75400,100,
600037.SH,600037,20251209,93502580,0,2036292,A,B,75400,100,
600037.SH,600037,20251209,93503750,0,2040872,A,B,75400,1200,
600037.SH,600037,20251209,93503780,0,2040952,A,B,75300,7700,
600037.SH,600037,20251209,93503780,0,2040953,A,B,75300,10000,
600037.SH,600037,20251209,93503890,0,2041367,A,B,75400,400,
600037.SH,600037,20251209,93504520,0,2043855,A,B,75400,100,
600037.SH,600037,20251209,93504520,0,2043860,A,B,75400,100,
600037.SH,600037,20251209,93504520,0,2043861,A,B,75400,100,
600037.SH,600037,20251209,93504520,0,2043868,A,B,75400,400,
600037.SH,600037,20251209,93504600,0,2044125,A,B,75400,100,
600037.SH,600037,20251209,93504600,0,2044229,A,B,75400,400,
600037.SH,600037,20251209,93504860,0,1198294,D,B,75100,100,
600037.SH,600037,20251209,93505010,0,2046010,A,B,75500,3500,
600037.SH,600037,20251209,93505080,0,2046224,A,B,75500,4700,
600037.SH,600037,20251209,93505110,0,2046483,A,B,75400,100,
600037.SH,600037,20251209,93505110,0,2046491,A,B,75500,4700,
600037.SH,600037,20251209,93505110,0,2046639,A,B,75500,600,
600037.SH,600037,20251209,93505110,0,2046674,A,S,75400,177500,
600037.SH,600037,20251209,93505370,0,2047968,A,B,75300,100,
600037.SH,600037,20251209,93505370,0,1944033,D,B,75300,200,
600037.SH,600037,20251209,93505370,0,1947421,D,B,75300,100,
600037.SH,600037,20251209,93505370,0,1944077,D,B,75300,2200,
600037.SH,600037,20251209,93505370,0,1944086,D,B,75300,600,
600037.SH,600037,20251209,93505400,0,2048122,A,B,75400,37400,
600037.SH,600037,20251209,93505400,0,2048123,A,B,75400,6400,
600037.SH,600037,20251209,93505400,0,2048127,A,B,75400,200,
600037.SH,600037,20251209,93505400,0,2048208,A,B,75400,3800,
600037.SH,600037,20251209,93505400,0,2048236,A,S,75600,100,
600037.SH,600037,20251209,93505420,0,2048268,A,S,75500,100,
600037.SH,600037,20251209,93505420,0,2048335,A,B,75400,100,
600037.SH,600037,20251209,93505460,0,2048368,A,B,75400,100,
600037.SH,600037,20251209,93505460,0,2048416,A,B,75400,17400,
600037.SH,600037,20251209,93505460,0,2048418,A,B,75400,9500,
600037.SH,600037,20251209,93505460,0,2048423,A,B,75300,21000,
600037.SH,600037,20251209,93505460,0,2048518,A,B,75400,15100,
600037.SH,600037,20251209,93505460,0,2048522,A,B,75400,9300,
600037.SH,600037,20251209,93505510,0,2048656,A,B,75400,4400,
600037.SH,600037,20251209,93505570,0,2048815,A,B,75400,200,
600037.SH,600037,20251209,93505590,0,2048922,A,B,75400,1500,
600037.SH,600037,20251209,93505620,0,2049087,A,B,75400,8000,
600037.SH,600037,20251209,93505620,0,2049092,A,B,75400,1600,
600037.SH,600037,20251209,93505620,0,2049094,A,B,75400,4800,
600037.SH,600037,20251209,93505620,0,2049102,A,B,75400,4700,
600037.SH,600037,20251209,93505620,0,2049111,A,B,75400,6300,
600037.SH,600037,20251209,93505620,0,2049115,A,B,75400,1600,
600037.SH,600037,20251209,93505620,0,2049116,A,B,75400,1400,
600037.SH,600037,20251209,93505620,0,2049120,A,B,75400,5700,
600037.SH,600037,20251209,93505620,0,2049123,A,B,75500,4600,
600037.SH,600037,20251209,93505620,0,2049131,A,B,75400,1000,
600037.SH,600037,20251209,93505620,0,2049161,A,B,75400,1600,
600037.SH,600037,20251209,93505640,0,2049308,A,B,75400,100,
600037.SH,600037,20251209,93505640,0,2049410,A,B,75500,100,
600037.SH,600037,20251209,93505640,0,2049464,A,B,75400,100,
600037.SH,600037,20251209,93505640,0,2049517,A,B,75500,100,
600037.SH,600037,20251209,93505640,0,2049531,A,B,75500,100,
600037.SH,600037,20251209,93505680,0,2049582,A,B,75500,5000,
600037.SH,600037,20251209,93505680,0,2049671,A,B,75400,1000,
600037.SH,600037,20251209,93505680,0,2049674,A,B,75400,100,
600037.SH,600037,20251209,93505680,0,2049679,A,B,75400,1000,
600037.SH,600037,20251209,93505860,0,2050330,A,B,75500,100,
600037.SH,600037,20251209,93506230,0,2052076,A,B,75200,9900,
600037.SH,600037,20251209,93506360,0,1941137,D,B,75300,100,
600037.SH,600037,20251209,93506360,0,1944016,D,B,75300,200,
600037.SH,600037,20251209,93506360,0,1944097,D,B,75300,800,
600037.SH,600037,20251209,93506360,0,1944108,D,B,75300,1700,
600037.SH,600037,20251209,93506620,0,2053940,A,B,75400,200,
600037.SH,600037,20251209,93506620,0,2053967,A,B,75600,2400,
600037.SH,600037,20251209,93506620,0,2053971,A,B,75600,5000,
600037.SH,600037,20251209,93506620,0,2053972,A,B,75600,4900,
600037.SH,600037,20251209,93506620,0,2053973,A,B,75600,2500,
600037.SH,600037,20251209,93506620,0,2054008,A,B,75600,1500,
600037.SH,600037,20251209,93506730,0,2054359,A,B,75600,6500,
600037.SH,600037,20251209,93506730,0,2054360,A,B,75600,8200,
600037.SH,600037,20251209,93506730,0,2054363,A,B,75600,5100,
600037.SH,600037,20251209,93506730,0,2054364,A,B,75600,5000,
600037.SH,600037,20251209,93506730,0,2054424,A,B,75600,600,
600037.SH,600037,20251209,93506760,0,2049517,D,B,75500,100,
600037.SH,600037,20251209,93506760,0,2049464,D,B,75400,100,
600037.SH,600037,20251209,93506790,0,2054623,A,B,75600,200,
600037.SH,600037,20251209,93506870,0,2049531,D,B,75500,100,
600037.SH,600037,20251209,93506910,0,2055131,A,B,75600,4000,
600037.SH,600037,20251209,93506940,0,2055269,A,B,75400,100,
600037.SH,600037,20251209,93507090,0,2055719,A,B,75400,100,
600037.SH,600037,20251209,93507170,0,2056246,A,S,76000,1500,
600037.SH,600037,20251209,93507290,0,2048122,D,B,75400,37400,
600037.SH,600037,20251209,93507290,0,2048123,D,B,75400,6400,
600037.SH,600037,20251209,93507660,0,2058113,A,B,75200,6000,
600037.SH,600037,20251209,93507870,0,2049410,D,B,75500,100,
600037.SH,600037,20251209,93507870,0,2050330,D,B,75500,100,
600037.SH,600037,20251209,93508050,0,2059458,A,B,75100,200000,
600037.SH,600037,20251209,93508110,0,2049087,D,B,75400,8000,
600037.SH,600037,20251209,93508110,0,2049111,D,B,75400,6300,
600037.SH,600037,20251209,93508110,0,2049094,D,B,75400,4800,
600037.SH,600037,20251209,93508320,0,2060497,A,S,76100,2000,
