万得代码,交易所代码,自然日,时间,成交编号,成交代码,委托代码,BS标志,成交价格,成交数量,叫卖序号,叫买序号,
000010.SZ,000010,20251209,91501670,182325,C,0, ,0,100,0,182302,
000010.SZ,000010,20251209,91507660,285433,C,0, ,0,10600,0,281030,
000010.SZ,000010,20251209,91536310,299333,C,0, ,0,100,214627,0,
000010.SZ,000010,20251209,92500000,567851,0,0,S,37000,1300,566324,143982,
000010.SZ,000010,20251209,92500000,567852,0,0,S,37000,600,153006,143982,
000010.SZ,000010,20251209,92500000,567853,0,0,B,37000,1400,153006,216924,
000010.SZ,000010,20251209,92500000,567854,0,0,S,37000,100,555479,216924,
000010.SZ,000010,20251209,92500000,567855,0,0,B,37000,3300,80117,216924,
000010.SZ,000010,20251209,92500000,567856,0,0,B,37000,100,80117,219052,
000010.SZ,000010,20251209,92500000,567857,0,0,B,37000,200,80117,244681,
000010.SZ,000010,20251209,92500000,567858,0,0,B,37000,500,80117,174717,
000010.SZ,000010,20251209,92500000,567859,0,0,S,37000,500,543313,174717,
000010.SZ,000010,20251209,92500000,567860,0,0,S,37000,600,543313,366582,
000010.SZ,000010,20251209,92500000,567861,0,0,S,37000,2600,563896,447770,
000010.SZ,000010,20251209,92500000,567862,0,0,S,37000,2000,563991,447770,
000010.SZ,000010,20251209,92500000,567863,0,0,S,37000,400,564433,447770,
000010.SZ,000010,20251209,92500000,567864,0,0,B,37000,1600,136964,447770,
000010.SZ,000010,20251209,93000060,686182,0,0,S,37000,3000,686181,447770,
000010.SZ,000010,20251209,93000140,736558,0,0,B,37100,100,283550,736557,
000010.SZ,000010,20251209,93000140,736559,0,0,B,37100,2900,322780,736557,
000010.SZ,000010,20251209,93000290,798310,0,0,S,37000,2000,798309,447770,
000010.SZ,000010,20251209,93000820,897546,0,0,S,37000,1400,897545,447770,
000010.SZ,000010,20251209,93000820,897547,0,0,S,37000,4000,897545,462423,
000010.SZ,000010,20251209,93000820,897548,0,0,S,37000,1000,897545,760349,
000010.SZ,000010,20251209,93000820,897549,0,0,S,37000,1000,897545,851395,
000010.SZ,000010,20251209,93001000,925410,C,0, ,0,1000,0,471064,
000010.SZ,000010,20251209,93002040,1028733,0,0,B,37000,200,897545,1028732,
000010.SZ,000010,20251209,93002600,1067906,0,0,B,37000,100,897545,1067905,
000010.SZ,000010,20251209,93002650,1071578,0,0,B,37000,100,897545,1071577,
000010.SZ,000010,20251209,93002960,1090947,C,0, ,0,5500,0,537566,
000010.SZ,000010,20251209,93003230,1110636,0,0,B,37000,100,897545,1110635,
000010.SZ,000010,20251209,93003680,1134077,0,0,B,37000,2800,897545,1134076,
000010.SZ,000010,20251209,93003720,1137133,C,0, ,0,3600,0,152430,
000010.SZ,000010,20251209,93004030,1153154,0,0,B,37000,300,897545,1153153,
000010.SZ,000010,20251209,93007710,1276041,C,0, ,0,1000,154133,0,
000010.SZ,000010,20251209,93007790,1277647,C,0, ,0,5500,186271,0,
000010.SZ,000010,20251209,93009900,1318266,0,0,S,36900,2800,1318265,14727,
000010.SZ,000010,20251209,93012800,1367045,0,0,S,36900,7200,1367044,14727,
000010.SZ,000010,20251209,93012800,1367046,0,0,S,36900,5900,1367044,329204,
000010.SZ,000010,20251209,93013230,1373349,C,0, ,0,100,1051143,0,
000010.SZ,000010,20251209,93015220,1402064,0,0,S,36900,4100,1402063,329204,
000010.SZ,000010,20251209,93015220,1402065,0,0,S,36900,5000,1402063,356124,
000010.SZ,000010,20251209,93015220,1402066,0,0,S,36900,12400,1402063,432213,
000010.SZ,000010,20251209,93015220,1402133,0,0,S,36900,6200,1402132,432213,
000010.SZ,000010,20251209,93015220,1402134,0,0,S,36900,2400,1402132,474717,
000010.SZ,000010,20251209,93017970,1452585,0,0,S,36900,100,1452584,474717,
000010.SZ,000010,20251209,93018570,1464058,C,0, ,0,10000,413594,0,
000010.SZ,000010,20251209,93019280,1476721,0,0,S,36900,200,1476720,474717,
000010.SZ,000010,20251209,93019280,1476722,0,0,S,36900,3000,1476720,788741,
000010.SZ,000010,20251209,93019280,1476723,0,0,S,36900,1900,1476720,1139068,
000010.SZ,000010,20251209,93019280,1476724,0,0,S,36900,500,1476720,1219032,
000010.SZ,000010,20251209,93019280,1476725,0,0,S,36900,100,1476720,1363458,
000010.SZ,000010,20251209,93020970,1500815,0,0,B,36900,1100,1476720,1500814,
000010.SZ,000010,20251209,93021150,1502879,0,0,S,36900,2300,1502878,1500814,
000010.SZ,000010,20251209,93024140,1550412,0,0,S,36900,5200,1550411,1500814,
000010.SZ,000010,20251209,93024170,1551054,0,0,S,36900,100,1551053,1500814,
000010.SZ,000010,20251209,93024200,1551377,0,0,S,36900,100,1551376,1500814,
000010.SZ,000010,20251209,93024310,1553262,0,0,S,36900,400,1553261,1500814,
000010.SZ,000010,20251209,93024750,1562773,0,0,S,36900,300,1562772,1500814,
000010.SZ,000010,20251209,93027730,1606418,C,0, ,0,800,1248949,0,
000010.SZ,000010,20251209,93028100,1611878,C,0, ,0,1200,1135779,0,
000010.SZ,000010,20251209,93028150,1612565,C,0, ,0,100,1260775,0,
000010.SZ,000010,20251209,93028210,1613831,C,0, ,0,100,1390194,0,
000010.SZ,000010,20251209,93031760,1672980,C,0, ,0,3000,0,458968,
000010.SZ,000010,20251209,93033180,1690837,0,0,B,36900,200,1562772,1690836,
000010.SZ,000010,20251209,93035880,1735854,0,0,B,36900,100,1562772,1735853,
000010.SZ,000010,20251209,93036000,1737474,0,0,B,36900,100,1562772,1737473,
000010.SZ,000010,20251209,93037080,1760713,C,0, ,0,1700,1056338,0,
000010.SZ,000010,20251209,93038530,1784639,0,0,S,36800,500,1784638,2264,
000010.SZ,000010,20251209,93038530,1784640,0,0,S,36800,800,1784638,14707,
000010.SZ,000010,20251209,93042180,1854566,0,0,S,36800,300,1854565,14707,
000010.SZ,000010,20251209,93042940,1871228,0,0,B,36900,200,1562772,1871227,
000010.SZ,000010,20251209,93049890,1993953,0,0,S,36800,18900,1993952,14707,
000010.SZ,000010,20251209,93049890,1993954,0,0,S,36800,1000,1993952,27952,
000010.SZ,000010,20251209,93049890,1993955,0,0,S,36800,3000,1993952,50648,
000010.SZ,000010,20251209,93049890,1993956,0,0,S,36800,2100,1993952,51101,
000010.SZ,000010,20251209,93049890,1993957,0,0,S,36800,1000,1993952,127788,
000010.SZ,000010,20251209,93049890,1993958,0,0,S,36800,13500,1993952,160840,
000010.SZ,000010,20251209,93049890,1993959,0,0,S,36800,2000,1993952,165954,
000010.SZ,000010,20251209,93049890,1993960,0,0,S,36800,1000,1993952,174719,
000010.SZ,000010,20251209,93049890,1993961,0,0,S,36800,20300,1993952,177489,
000010.SZ,000010,20251209,93050000,1995457,C,0, ,0,8100,929618,0,
000010.SZ,000010,20251209,93050830,2006421,0,0,B,36900,4100,1562772,2006420,
000010.SZ,000010,20251209,93050830,2006422,0,0,B,36900,200,1597354,2006420,
000010.SZ,000010,20251209,93050830,2006423,0,0,B,36900,100,1598054,2006420,
000010.SZ,000010,20251209,93050830,2006424,0,0,B,36900,100,1598210,2006420,
000010.SZ,000010,20251209,93050830,2006425,0,0,B,36900,600,1598415,2006420,
000010.SZ,000010,20251209,93050830,2006426,0,0,B,36900,100,1598520,2006420,
000010.SZ,000010,20251209,93050830,2006427,0,0,B,36900,100,1598610,2006420,
000010.SZ,000010,20251209,93050830,2006428,0,0,B,36900,1200,1628486,2006420,
000010.SZ,000010,20251209,93050830,2006429,0,0,B,36900,100,1629967,2006420,
000010.SZ,000010,20251209,93050830,2006430,0,0,B,36900,300,1653205,2006420,
000010.SZ,000010,20251209,93050830,2006431,0,0,B,36900,500,1728721,2006420,
000010.SZ,000010,20251209,93050830,2006432,0,0,B,36900,200,1773601,2006420,
000010.SZ,000010,20251209,93050830,2006433,0,0,B,36900,4700,1899609,2006420,
000010.SZ,000010,20251209,93050830,2006434,0,0,B,36900,1900,1899610,2006420,
000010.SZ,000010,20251209,93050830,2006435,0,0,B,36900,1700,1949960,2006420,
000010.SZ,000010,20251209,93050830,2006436,0,0,B,37000,1100,897545,2006420,
000010.SZ,000010,20251209,93050840,2006543,C,0, ,0,700,0,1651311,
000010.SZ,000010,20251209,93050840,2006551,C,0, ,0,600,0,1647104,
000010.SZ,000010,20251209,93050840,2006552,C,0, ,0,200,0,1649985,
000010.SZ,000010,20251209,93050840,2006554,C,0, ,0,300,0,1649727,
000010.SZ,000010,20251209,93050840,2006555,C,0, ,0,400,0,1653101,
000010.SZ,000010,20251209,93050840,2006556,C,0, ,0,600,0,1651748,
000010.SZ,000010,20251209,93051010,2008447,0,0,S,36900,200,2008446,2008441,
000010.SZ,000010,20251209,93051960,2023113,C,0, ,0,100,0,1931464,
000010.SZ,000010,20251209,93052130,2025176,C,0, ,0,500,0,1931826,
000010.SZ,000010,20251209,93052130,2025182,C,0, ,0,100,0,1931809,
000010.SZ,000010,20251209,93052150,2025282,C,0, ,0,100,0,1894496,
000010.SZ,000010,20251209,93052150,2025290,C,0, ,0,100,0,1894498,
000010.SZ,000010,20251209,93052150,2025292,C,0, ,0,1500,0,1894505,
000010.SZ,000010,20251209,93052150,2025293,C,0, ,0,1100,0,1894497,
000010.SZ,000010,20251209,93052150,2025299,C,0, ,0,600,0,1894507,
000010.SZ,000010,20251209,93052250,2027279,C,0, ,0,1000,1321631,0,
000010.SZ,000010,20251209,93054240,2053143,C,0, ,0,200,0,1877056,
000010.SZ,000010,20251209,93054240,2053214,C,0, ,0,700,0,1876897,
000010.SZ,000010,20251209,93054250,2053278,C,0, ,0,600,0,1877059,
000010.SZ,000010,20251209,93058470,2111794,C,0, ,0,600,1008424,0,
000010.SZ,000010,20251209,93058470,2111955,C,0, ,0,3000,0,824507,
000010.SZ,000010,20251209,93058890,2117198,0,0,S,36900,500,2117197,2008441,
000010.SZ,000010,20251209,93058890,2117199,0,0,S,36900,200,2117197,2008448,
000010.SZ,000010,20251209,93100150,2132190,C,0, ,0,600,0,2051756,
000010.SZ,000010,20251209,93100620,2142568,0,0,S,36900,100,2142567,2008448,
000010.SZ,000010,20251209,93100620,2142569,0,0,S,36900,600,2142567,2008449,
000010.SZ,000010,20251209,93100620,2142570,0,0,S,36900,200,2142567,2008459,
000010.SZ,000010,20251209,93100620,2142571,0,0,S,36900,400,2142567,2008460,
000010.SZ,000010,20251209,93100620,2142572,0,0,S,36900,600,2142567,2008484,
000010.SZ,000010,20251209,93100620,2142573,0,0,S,36900,5200,2142567,2012624,
000010.SZ,000010,20251209,93100620,2142574,0,0,S,36900,100,2142567,2037337,
000010.SZ,000010,20251209,93110080,2288360,C,0, ,0,1800,0,194358,
000010.SZ,000010,20251209,93111200,2306175,C,0, ,0,6200,0,904589,
000010.SZ,000010,20251209,93112870,2331195,C,0, ,0,2500,0,42366,
000010.SZ,000010,20251209,93114040,2348246,0,0,S,36900,400,2348245,2037337,
000010.SZ,000010,20251209,93114040,2348247,0,0,S,36900,1000,2348245,2058979,
000010.SZ,000010,20251209,93114040,2348248,0,0,S,36900,300,2348245,2082763,
000010.SZ,000010,20251209,93117120,2387286,C,0, ,0,4600,2338333,0,
000010.SZ,000010,20251209,93118090,2398650,0,0,B,37000,100,897545,2398649,
000010.SZ,000010,20251209,93121460,2442006,C,0, ,0,100,0,1917446,
000010.SZ,000010,20251209,93126750,2513170,0,0,S,36900,400,2513169,2082763,
000010.SZ,000010,20251209,93126750,2513171,0,0,S,36900,200,2513169,2082866,
000010.SZ,000010,20251209,93126750,2513172,0,0,S,36900,600,2513169,2083451,
000010.SZ,000010,20251209,93126750,2513173,0,0,S,36900,500,2513169,2098616,
000010.SZ,000010,20251209,93126750,2513174,0,0,S,36900,1500,2513169,2107463,
000010.SZ,000010,20251209,93126750,2513175,0,0,S,36900,100,2513169,2118288,
000010.SZ,000010,20251209,93126750,2513176,0,0,S,36900,1300,2513169,2155717,
000010.SZ,000010,20251209,93128020,2530557,C,0, ,0,2000,2393653,0,
000010.SZ,000010,20251209,93130680,2564346,0,0,S,36900,100,2564345,2155717,
000010.SZ,000010,20251209,93137140,2642913,C,0, ,0,5000,0,2395193,
000010.SZ,000010,20251209,93139990,2677783,0,0,S,36900,200,2677782,2155717,
000010.SZ,000010,20251209,93141810,2702424,C,0, ,0,100,0,2590737,
000010.SZ,000010,20251209,93143280,2723944,C,0, ,0,10000,0,282875,
000010.SZ,000010,20251209,93149870,2814639,C,0, ,0,64200,897545,0,
000010.SZ,000010,20251209,93150340,2820227,C,0, ,0,2000,1484663,0,
000010.SZ,000010,20251209,93155280,2879711,C,0, ,0,6000,0,524631,
000010.SZ,000010,20251209,93155920,2887660,0,0,S,36900,3000,2887659,2155717,
000010.SZ,000010,20251209,93200610,2944911,0,0,B,37000,1000,941173,2944910,
000010.SZ,000010,20251209,93200610,2944912,0,0,B,37000,2100,1005549,2944910,
000010.SZ,000010,20251209,93200610,2944913,0,0,B,37000,600,1273604,2944910,
000010.SZ,000010,20251209,93200610,2944914,0,0,B,37000,100,1327655,2944910,
000010.SZ,000010,20251209,93200610,2944915,0,0,B,37000,100,1384828,2944910,
000010.SZ,000010,20251209,93200610,2944916,0,0,B,37000,100,1403193,2944910,
000010.SZ,000010,20251209,93200610,2944917,0,0,B,37000,900,1704462,2944910,
000010.SZ,000010,20251209,93200610,2944918,0,0,B,37000,600,2119921,2944910,
000010.SZ,000010,20251209,93207220,3031235,C,0, ,0,12000,152930,0,
000010.SZ,000010,20251209,93207340,3032842,0,0,S,36900,900,3032841,2155717,
000010.SZ,000010,20251209,93207340,3032843,0,0,S,36900,1100,3032841,2216881,
000010.SZ,000010,20251209,93207340,3032844,0,0,S,36900,100,3032841,2236984,
000010.SZ,000010,20251209,93207340,3032845,0,0,S,36900,2800,3032841,2242713,
000010.SZ,000010,20251209,93207340,3032846,0,0,S,36900,100,3032841,2452945,
000010.SZ,000010,20251209,93207340,3032847,0,0,S,36900,600,3032841,2518026,
000010.SZ,000010,20251209,93207340,3032848,0,0,S,36900,2000,3032841,2583009,
000010.SZ,000010,20251209,93207340,3032849,0,0,S,36900,2700,3032841,2727702,
000010.SZ,000010,20251209,93210410,3068986,C,0, ,0,12600,951728,0,
000010.SZ,000010,20251209,93213190,3104666,0,0,S,36900,1300,3104665,2727702,
000010.SZ,000010,20251209,93213190,3104667,0,0,S,36900,50000,3104665,2829151,
000010.SZ,000010,20251209,93213190,3104668,0,0,S,36900,1000,3104665,2864650,
000010.SZ,000010,20251209,93213190,3104669,0,0,S,36900,300,3104665,2942849,
000010.SZ,000010,20251209,93213190,3104670,0,0,S,36900,100,3104665,2944659,
000010.SZ,000010,20251209,93213190,3104671,0,0,S,36900,1600,3104665,3045237,
000010.SZ,000010,20251209,93213190,3104672,0,0,S,36900,9900,3104665,3058814,
000010.SZ,000010,20251209,93215530,3143113,0,0,B,37000,200,2119921,3143112,
000010.SZ,000010,20251209,93215960,3149864,0,0,S,36900,100,3149863,3058814,
000010.SZ,000010,20251209,93217730,3176437,0,0,S,36900,6000,3176436,3075716,
000010.SZ,000010,20251209,93218110,3181022,C,0, ,0,2500,0,2462745,
000010.SZ,000010,20251209,93222780,3239307,0,0,B,36900,1000,3176436,3239306,
000010.SZ,000010,20251209,93222780,3239308,0,0,B,36900,100,3176666,3239306,
000010.SZ,000010,20251209,93222780,3239309,0,0,B,36900,100,3177312,3239306,
000010.SZ,000010,20251209,93222780,3239310,0,0,B,36900,100,3180445,3239306,
000010.SZ,000010,20251209,93222780,3239311,0,0,B,36900,100,3192158,3239306,
000010.SZ,000010,20251209,93222780,3239312,0,0,B,36900,18600,3211089,3239306,
000010.SZ,000010,20251209,93223240,3244915,0,0,B,36900,2500,3211089,3244914,
000010.SZ,000010,20251209,93224430,3259162,0,0,B,36900,50000,3211089,3259161,
000010.SZ,000010,20251209,93224460,3259482,0,0,B,36900,9500,3211089,3259481,
000010.SZ,000010,20251209,93224920,3265593,0,0,S,36800,100,3265592,177489,
000010.SZ,000010,20251209,93227260,3295369,0,0,S,36800,9600,3295368,177489,
000010.SZ,000010,20251209,93227260,3295370,0,0,S,36800,200,3295368,205407,
000010.SZ,000010,20251209,93227260,3295371,0,0,S,36800,1000,3295368,222791,
000010.SZ,000010,20251209,93227260,3295372,0,0,S,36800,500,3295368,227816,
000010.SZ,000010,20251209,93227260,3295373,0,0,S,36800,3200,3295368,230763,
000010.SZ,000010,20251209,93227260,3295374,0,0,S,36800,4500,3295368,263975,
000010.SZ,000010,20251209,93227260,3295375,0,0,S,36800,600,3295368,274300,
000010.SZ,000010,20251209,93227260,3295376,0,0,S,36800,4200,3295368,293071,
000010.SZ,000010,20251209,93233820,3375653,0,0,S,36800,5900,3375652,293071,
000010.SZ,000010,20251209,93233820,3375654,0,0,S,36800,2000,3375652,297609,
000010.SZ,000010,20251209,93233820,3375655,0,0,S,36800,500,3375652,346556,
000010.SZ,000010,20251209,93236100,3401950,0,0,B,36900,3000,3211089,3401949,
000010.SZ,000010,20251209,93236140,3402267,C,0, ,0,182500,3211089,0,
000010.SZ,000010,20251209,93236230,3403630,C,0, ,0,100,3173232,0,
000010.SZ,000010,20251209,93236230,3403652,C,0, ,0,100,3172972,0,
000010.SZ,000010,20251209,93236230,3403658,C,0, ,0,100,3173237,0,
000010.SZ,000010,20251209,93238730,3433450,0,0,B,36900,3000,3403433,3433449,
000010.SZ,000010,20251209,93239380,3440745,0,0,S,36800,1500,3440744,346556,
000010.SZ,000010,20251209,93239380,3440746,0,0,S,36800,300,3440744,441969,
000010.SZ,000010,20251209,93239380,3440747,0,0,S,36800,6100,3440744,465501,
000010.SZ,000010,20251209,93239380,3440748,0,0,S,36800,800,3440744,700365,
000010.SZ,000010,20251209,93239380,3440749,0,0,S,36800,1300,3440744,810072,
000010.SZ,000010,20251209,93240600,3455887,0,0,S,36800,1000,3455886,810072,
000010.SZ,000010,20251209,93253680,3595654,C,0, ,0,2200,0,829310,
000010.SZ,000010,20251209,93254500,3603376,0,0,S,36800,700,3603375,810072,
000010.SZ,000010,20251209,93254500,3603377,0,0,S,36800,10000,3603375,954322,
000010.SZ,000010,20251209,93254500,3603378,0,0,S,36800,3000,3603375,954929,
000010.SZ,000010,20251209,93254500,3603379,0,0,S,36800,3000,3603375,1005004,
000010.SZ,000010,20251209,93254500,3603380,0,0,S,36800,1000,3603375,1031329,
000010.SZ,000010,20251209,93254500,3603381,0,0,S,36800,1000,3603375,1048324,
000010.SZ,000010,20251209,93254500,3603382,0,0,S,36800,500,3603375,1112682,
000010.SZ,000010,20251209,93254500,3603383,0,0,S,36800,3000,3603375,1185281,
000010.SZ,000010,20251209,93254500,3603384,0,0,S,36800,500,3603375,1217879,
000010.SZ,000010,20251209,93254500,3603385,0,0,S,36800,600,3603375,1402822,
000010.SZ,000010,20251209,93254500,3603386,0,0,S,36800,3000,3603375,1728142,
000010.SZ,000010,20251209,93254500,3603387,0,0,S,36800,13700,3603375,1796640,
000010.SZ,000010,20251209,93257870,3639331,C,0, ,0,1000,0,1087278,
000010.SZ,000010,20251209,93258470,3645938,0,0,B,36900,1100,3403433,3645937,
000010.SZ,000010,20251209,93301980,3686367,C,0, ,0,1000,0,2306358,
000010.SZ,000010,20251209,93304950,3720108,0,0,B,36900,300,3403433,3720107,
000010.SZ,000010,20251209,93305120,3722256,C,0, ,0,5300,1101619,0,
000010.SZ,000010,20251209,93307620,3751511,0,0,B,36900,1000,3403433,3751510,
000010.SZ,000010,20251209,93316020,3839944,0,0,S,36800,6300,3839943,1796640,
000010.SZ,000010,20251209,93316020,3839945,0,0,S,36800,900,3839943,1877463,
000010.SZ,000010,20251209,93316020,3839946,0,0,S,36800,900,3839943,1877914,
000010.SZ,000010,20251209,93316020,3839947,0,0,S,36800,300,3839943,1878604,
000010.SZ,000010,20251209,93316020,3839948,0,0,S,36800,200,3839943,1879937,
000010.SZ,000010,20251209,93316020,3839949,0,0,S,36800,900,3839943,1886163,
000010.SZ,000010,20251209,93316020,3839950,0,0,S,36800,900,3839943,1918380,
000010.SZ,000010,20251209,93316020,3839951,0,0,S,36800,900,3839943,1918835,
000010.SZ,000010,20251209,93316020,3839952,0,0,S,36800,800,3839943,1994071,
000010.SZ,000010,20251209,93316020,3839953,0,0,S,36800,10600,3839943,1995690,
000010.SZ,000010,20251209,93316020,3839954,0,0,S,36800,200,3839943,2008330,
000010.SZ,000010,20251209,93316020,3839955,0,0,S,36800,50000,3839943,2034419,
000010.SZ,000010,20251209,93317300,3852931,0,0,S,36800,5200,3852930,2034419,
000010.SZ,000010,20251209,93317300,3852932,0,0,S,36800,1900,3852930,2043459,
000010.SZ,000010,20251209,93317830,3857802,0,0,B,36900,1100,3403433,3857801,
000010.SZ,000010,20251209,93318220,3861412,C,0, ,0,200,0,3259215,
000010.SZ,000010,20251209,93318610,3865331,0,0,S,36800,100,3865330,2043459,
000010.SZ,000010,20251209,93320190,3881726,C,0, ,0,91100,0,1120274,
000010.SZ,000010,20251209,93320390,3883741,C,0, ,0,83100,3754407,0,
000010.SZ,000010,20251209,93325370,3931657,C,0, ,0,600,0,3752469,
000010.SZ,000010,20251209,93330540,3981425,C,0, ,0,132000,1108074,0,
000010.SZ,000010,20251209,93335240,4025800,C,0, ,0,10000,14292,0,
000010.SZ,000010,20251209,93335720,4029450,C,0, ,0,5000,438808,0,
000010.SZ,000010,20251209,93336240,4033773,0,0,B,36900,1000,3403433,4033772,
000010.SZ,000010,20251209,93337750,4048803,C,0, ,0,5000,433847,0,
000010.SZ,000010,20251209,93340130,4072242,C,0, ,0,10000,14177,0,
000010.SZ,000010,20251209,93343810,4112168,0,0,B,36900,700,3403433,4112167,
000010.SZ,000010,20251209,93345140,4124206,C,0, ,0,10000,3403433,0,
000010.SZ,000010,20251209,93345840,4131603,0,0,B,36900,100,3405466,4131602,
000010.SZ,000010,20251209,93345840,4131604,0,0,B,36900,100,3405467,4131602,
000010.SZ,000010,20251209,93345840,4131605,0,0,B,36900,100,3405479,4131602,
000010.SZ,000010,20251209,93345840,4131606,0,0,B,36900,3000,3500406,4131602,
000010.SZ,000010,20251209,93346240,4135842,C,0, ,0,10000,14147,0,
000010.SZ,000010,20251209,93348770,4162336,C,0, ,0,7800,0,3540024,
000010.SZ,000010,20251209,93351150,4185830,C,0, ,0,10000,14008,0,
000010.SZ,000010,20251209,93357660,4248233,C,0, ,0,10000,13960,0,
000010.SZ,000010,20251209,93357900,4250692,0,0,B,36900,100,3500406,4250691,
000010.SZ,000010,20251209,93358140,4253120,0,0,B,36900,100,3500406,4253119,
000010.SZ,000010,20251209,93358240,4254173,0,0,B,36900,100,3500406,4254172,
000010.SZ,000010,20251209,93402450,4298215,C,0, ,0,50000,4207946,0,
000010.SZ,000010,20251209,93407730,4350250,0,0,S,36800,500,4350249,2134958,
000010.SZ,000010,20251209,93409570,4367294,C,0, ,0,10000,13914,0,
000010.SZ,000010,20251209,93414620,4414007,C,0, ,0,2900,3831734,0,
000010.SZ,000010,20251209,93417810,4443178,0,0,S,36800,500,4443177,2134958,
000010.SZ,000010,20251209,93417810,4443179,0,0,S,36800,500,4443177,2253958,
000010.SZ,000010,20251209,93417810,4443180,0,0,S,36800,9000,4443177,2300481,
000010.SZ,000010,20251209,93417810,4443181,0,0,S,36800,100,4443177,2309611,
000010.SZ,000010,20251209,93417810,4443182,0,0,S,36800,700,4443177,2516585,
000010.SZ,000010,20251209,93420510,4468459,C,0, ,0,200,4397938,0,
000010.SZ,000010,20251209,93421590,4478441,C,0, ,0,3000,1270534,0,
000010.SZ,000010,20251209,93423560,4496573,0,0,S,36800,300,4496572,2516585,
000010.SZ,000010,20251209,93423560,4496574,0,0,S,36800,300,4496572,2619584,
000010.SZ,000010,20251209,93429760,4550517,0,0,B,36900,9600,3500406,4550516,
000010.SZ,000010,20251209,93431190,4563500,0,0,S,36800,4700,4563499,2619584,
000010.SZ,000010,20251209,93431190,4563501,0,0,S,36800,13400,4563499,2707335,
000010.SZ,000010,20251209,93431190,4563502,0,0,S,36800,200,4563499,2821969,
000010.SZ,000010,20251209,93431190,4563503,0,0,S,36800,1500,4563499,2986538,
000010.SZ,000010,20251209,93431190,4563504,0,0,S,36800,2000,4563499,2995254,
000010.SZ,000010,20251209,93431190,4563505,0,0,S,36800,700,4563499,3021924,
000010.SZ,000010,20251209,93431190,4563506,0,0,S,36800,1000,4563499,3026757,
000010.SZ,000010,20251209,93431190,4563507,0,0,S,36800,200,4563499,3176624,
000010.SZ,000010,20251209,93431190,4563508,0,0,S,36800,200,4563499,3176625,
000010.SZ,000010,20251209,93431190,4563509,0,0,S,36800,1000,4563499,3180246,
000010.SZ,000010,20251209,93431190,4563510,0,0,S,36800,100,4563499,3266370,
000010.SZ,000010,20251209,93431190,4563511,0,0,S,36800,100,4563499,3302308,
000010.SZ,000010,20251209,93431190,4563512,0,0,S,36800,300,4563499,3312439,
000010.SZ,000010,20251209,93431190,4563513,0,0,S,36800,2700,4563499,3327999,
000010.SZ,000010,20251209,93431190,4563514,0,0,S,36800,3000,4563499,3342688,
000010.SZ,000010,20251209,93431190,4563515,0,0,S,36800,600,4563499,3445256,
000010.SZ,000010,20251209,93431190,4563516,0,0,S,36800,1000,4563499,3470805,
000010.SZ,000010,20251209,93431190,4563517,0,0,S,36800,1000,4563499,3499185,
000010.SZ,000010,20251209,93431190,4563518,0,0,S,36800,50000,4563499,3523816,
000010.SZ,000010,20251209,93431190,4563519,0,0,S,36800,3000,4563499,3535617,
000010.SZ,000010,20251209,93431190,4563520,0,0,S,36800,1000,4563499,3602299,
000010.SZ,000010,20251209,93431190,4563521,0,0,S,36800,500,4563499,3617153,
000010.SZ,000010,20251209,93431190,4563522,0,0,S,36800,500,4563499,3704131,
000010.SZ,000010,20251209,93431190,4563523,0,0,S,36800,1000,4563499,3735702,
000010.SZ,000010,20251209,93431190,4563524,0,0,S,36800,1000,4563499,3748582,
000010.SZ,000010,20251209,93431190,4563525,0,0,S,36800,3300,4563499,3750110,
000010.SZ,000010,20251209,93431190,4563526,0,0,S,36800,6000,4563499,3783278,
000010.SZ,000010,20251209,93431190,4563527,0,0,S,36800,1000,4563499,3795290,
000010.SZ,000010,20251209,93431190,4563528,0,0,S,36800,1000,4563499,3834420,
000010.SZ,000010,20251209,93431190,4563529,0,0,S,36800,1000,4563499,3909804,
000010.SZ,000010,20251209,93431190,4563530,0,0,S,36800,30000,4563499,4037660,
000010.SZ,000010,20251209,93431190,4563531,0,0,S,36800,6000,4563499,4069436,
000010.SZ,000010,20251209,93431190,4563532,0,0,S,36800,600,4563499,4084032,
000010.SZ,000010,20251209,93431190,4563533,0,0,S,36800,900,4563499,4112432,
000010.SZ,000010,20251209,93431190,4563534,0,0,S,36800,100,4563499,4155407,
000010.SZ,000010,20251209,93431190,4563535,0,0,S,36800,200,4563499,4199414,
000010.SZ,000010,20251209,93431190,4563536,0,0,S,36800,100,4563499,4205996,
000010.SZ,000010,20251209,93431190,4563537,0,0,S,36800,7800,4563499,4221964,
000010.SZ,000010,20251209,93431190,4563538,0,0,S,36800,100,4563499,4241634,
000010.SZ,000010,20251209,93431190,4563539,0,0,S,36800,2500,4563499,4281536,
000010.SZ,000010,20251209,93431190,4563540,0,0,S,36800,1000,4563499,4316544,
000010.SZ,000010,20251209,93431190,4563541,0,0,S,36800,500,4563499,4364753,
000010.SZ,000010,20251209,93431190,4563542,0,0,S,36800,1000,4563499,4364763,
000010.SZ,000010,20251209,93431190,4563543,0,0,S,36800,1000,4563499,4364770,
000010.SZ,000010,20251209,93431190,4563544,0,0,S,36800,1000,4563499,4391200,
000010.SZ,000010,20251209,93431190,4563545,0,0,S,36800,4200,4563499,4404944,
000010.SZ,000010,20251209,93431200,4563643,0,0,S,36800,100,4563642,4404944,
000010.SZ,000010,20251209,93433230,4581355,C,0, ,0,800,2132149,0,
000010.SZ,000010,20251209,93436270,4607548,C,0, ,0,900,3599847,0,
000010.SZ,000010,20251209,93436300,4607815,C,0, ,0,3000,3800355,0,
000010.SZ,000010,20251209,93436300,4607820,0,0,S,36800,800,4607819,4404944,
000010.SZ,000010,20251209,93436860,4613228,0,0,B,36900,100,3500406,4613227,
000010.SZ,000010,20251209,93439180,4632135,0,0,S,36800,900,4632134,4404944,
000010.SZ,000010,20251209,93439190,4632198,C,0, ,0,200,2320026,0,
000010.SZ,000010,20251209,93439190,4632206,C,0, ,0,400,3664251,0,
000010.SZ,000010,20251209,93439190,4632229,0,0,S,36800,3000,4632228,4404944,
000010.SZ,000010,20251209,93442230,4657726,0,0,S,36800,200,4657725,4404944,
000010.SZ,000010,20251209,93442230,4657734,0,0,S,36800,400,4657733,4404944,
000010.SZ,000010,20251209,93445180,4683026,C,0, ,0,300,3800272,0,
000010.SZ,000010,20251209,93448160,4708315,0,0,S,36800,300,4708314,4404944,
000010.SZ,000010,20251209,93451370,4736107,0,0,S,36800,900,4736106,4404944,
000010.SZ,000010,20251209,93451590,4737855,0,0,S,36800,1200,4737854,4404944,
000010.SZ,000010,20251209,93451590,4737856,0,0,S,36800,100,4737854,4427368,
000010.SZ,000010,20251209,93451590,4737857,0,0,S,36800,300,4737854,4433002,
000010.SZ,000010,20251209,93452220,4743828,0,0,B,36900,6100,3500406,4743827,
000010.SZ,000010,20251209,93454540,4763440,0,0,S,36800,4000,4763439,4433002,
000010.SZ,000010,20251209,93456400,4782427,C,0, ,0,3100,116582,0,
000010.SZ,000010,20251209,93457680,4792887,0,0,S,36800,10500,4792886,4433002,
000010.SZ,000010,20251209,93459170,4806861,C,0, ,0,900,322780,0,
000010.SZ,000010,20251209,93502590,4845054,0,0,S,36800,1500,4845053,4433002,
000010.SZ,000010,20251209,93503980,4859208,0,0,S,36800,33700,4859207,4433002,
000010.SZ,000010,20251209,93503980,4859209,0,0,S,36800,5000,4859207,4444652,
000010.SZ,000010,20251209,93503980,4859210,0,0,S,36800,1300,4859207,4489888,
000010.SZ,000010,20251209,93506250,4889234,0,0,B,36900,4500,3500406,4889233,
000010.SZ,000010,20251209,93506250,4889240,C,0, ,0,3200,0,4847871,
000010.SZ,000010,20251209,93510020,4932335,0,0,B,36900,1000,3500406,4932334,
000010.SZ,000010,20251209,93510030,4932376,0,0,S,36800,100,4932375,4489888,
000010.SZ,000010,20251209,93516310,5018261,0,0,S,36800,1400,5018260,4489888,
000010.SZ,000010,20251209,93516310,5018262,0,0,S,36800,100,5018260,4505037,
000010.SZ,000010,20251209,93516310,5018263,0,0,S,36800,600,5018260,4509974,
000010.SZ,000010,20251209,93516310,5018264,0,0,S,36800,3000,5018260,4558795,
000010.SZ,000010,20251209,93516310,5018265,0,0,S,36800,10000,5018260,4568972,
000010.SZ,000010,20251209,93516310,5018266,0,0,S,36800,1000,5018260,4603787,
000010.SZ,000010,20251209,93516310,5018267,0,0,S,36800,3900,5018260,4620495,
000010.SZ,000010,20251209,93518360,5037374,0,0,B,36900,1100,3500406,5037373,
000010.SZ,000010,20251209,93518780,5041252,0,0,B,36900,1500,3500406,5041251,
000010.SZ,000010,20251209,93520010,5053374,C,0, ,0,10000,2825091,0,
000010.SZ,000010,20251209,93520760,5060063,C,0, ,0,400,0,5017861,
000010.SZ,000010,20251209,93521150,5063164,0,0,B,36900,2100,3500406,5063163,
000010.SZ,000010,20251209,93521150,5063166,0,0,B,36900,2100,3500406,5063165,
000010.SZ,000010,20251209,93521150,5063168,0,0,B,36900,400,3500406,5063167,
000010.SZ,000010,20251209,93521150,5063169,0,0,B,36900,100,3598237,5063167,
000010.SZ,000010,20251209,93521150,5063172,0,0,B,36900,1400,3598237,5063171,
000010.SZ,000010,20251209,93521150,5063173,0,0,B,36900,100,3751181,5063171,
000010.SZ,000010,20251209,93521150,5063174,0,0,B,36900,700,3860948,5063171,
000010.SZ,000010,20251209,93521150,5063179,0,0,B,36900,4000,3860948,5063178,
000010.SZ,000010,20251209,93521150,5063180,0,0,B,36900,500,4243800,5063178,
000010.SZ,000010,20251209,93521150,5063181,0,0,B,36900,6000,4369072,5063178,
000010.SZ,000010,20251209,93521630,5067691,C,0, ,0,1700,4698023,0,
000010.SZ,000010,20251209,93523540,5085631,0,0,B,36900,2000,4369072,5085630,
000010.SZ,000010,20251209,93523540,5085675,0,0,B,36900,100,4369072,5085674,
000010.SZ,000010,20251209,93523960,5088818,C,0, ,0,1300,4571792,0,
000010.SZ,000010,20251209,93524150,5090302,0,0,B,36900,1800,4369072,5090301,
000010.SZ,000010,20251209,93524220,5090880,0,0,B,36900,3300,4369072,5090879,
000010.SZ,000010,20251209,93524220,5090881,C,0, ,0,4000,0,5044193,
000010.SZ,000010,20251209,93525570,5104249,0,0,B,36900,4200,4369072,5104248,
000010.SZ,000010,20251209,93525570,5104250,0,0,B,36900,1400,4433686,5104248,
000010.SZ,000010,20251209,93525570,5104251,0,0,B,36900,2900,4599046,5104248,
000010.SZ,000010,20251209,93525570,5104252,0,0,B,36900,800,4725623,5104248,
000010.SZ,000010,20251209,93525570,5104253,0,0,B,36900,3100,4870947,5104248,
000010.SZ,000010,20251209,93525570,5104254,0,0,B,36900,900,4924040,5104248,
000010.SZ,000010,20251209,93525570,5104255,0,0,B,36900,100,4937799,5104248,
000010.SZ,000010,20251209,93528680,5133560,C,0, ,0,2800,2880013,0,
000010.SZ,000010,20251209,93533040,5171693,C,0, ,0,8100,2183508,0,
000010.SZ,000010,20251209,93538930,5231773,0,0,S,36800,700,5231772,4620495,
000010.SZ,000010,20251209,93539150,5234190,0,0,S,36800,3400,5234189,4620495,
000010.SZ,000010,20251209,93539150,5234191,0,0,S,36800,100,5234189,4657214,
000010.SZ,000010,20251209,93539160,5234267,0,0,B,36900,400,5234192,5234266,
000010.SZ,000010,20251209,93539520,5238645,0,0,S,36900,100,5238644,5234269,
000010.SZ,000010,20251209,93539520,5238685,0,0,B,36900,2700,5238644,5238684,
000010.SZ,000010,20251209,93540260,5247878,0,0,S,36900,400,5247877,5238708,
000010.SZ,000010,20251209,93540260,5247890,0,0,S,36900,500,5247889,5238708,
000010.SZ,000010,20251209,93540280,5248244,0,0,S,36900,300,5248243,5238708,
000010.SZ,000010,20251209,93540280,5248245,0,0,S,36900,100,5248243,5248208,
000010.SZ,000010,20251209,93540410,5250037,C,0, ,0,3000,1204459,0,
000010.SZ,000010,20251209,93541940,5266407,0,0,B,36900,100,5248243,5266406,
000010.SZ,000010,20251209,93542150,5267976,0,0,B,36900,1100,5248262,5267975,
000010.SZ,000010,20251209,93542710,5274158,0,0,B,36900,300,5248262,5274157,
000010.SZ,000010,20251209,93542710,5274159,0,0,B,36900,200,5249483,5274157,
000010.SZ,000010,20251209,93542710,5274160,0,0,B,36900,600,5249580,5274157,
000010.SZ,000010,20251209,93542710,5274161,0,0,B,36900,2200,5249754,5274157,
000010.SZ,000010,20251209,93542720,5274291,0,0,B,36900,100,5249754,5274290,
000010.SZ,000010,20251209,93542720,5274294,0,0,B,36900,100,5249754,5274293,
000010.SZ,000010,20251209,93542720,5274296,0,0,B,36900,200,5249754,5274295,
000010.SZ,000010,20251209,93542720,5274302,0,0,B,36900,100,5249754,5274301,
000010.SZ,000010,20251209,93542720,5274305,0,0,B,36900,100,5249754,5274304,
000010.SZ,000010,20251209,93542720,5274322,0,0,B,36900,300,5249754,5274321,
000010.SZ,000010,20251209,93542770,5274889,0,0,S,36800,3600,5274888,4657214,
000010.SZ,000010,20251209,93542770,5274890,0,0,S,36800,400,5274888,4661829,
000010.SZ,000010,20251209,93551080,5354219,0,0,B,36900,1000,5249754,5354218,
000010.SZ,000010,20251209,93553650,5381161,0,0,S,36800,1600,5381160,4661829,
000010.SZ,000010,20251209,93553650,5381162,0,0,S,36800,900,5381160,4672919,
000010.SZ,000010,20251209,93553650,5381163,0,0,S,36800,700,5381160,4672930,
000010.SZ,000010,20251209,93553650,5381164,0,0,S,36800,500,5381160,4678354,
000010.SZ,000010,20251209,93553650,5381165,0,0,S,36800,500,5381160,4714063,
000010.SZ,000010,20251209,93553650,5381166,0,0,S,36800,1800,5381160,4739015,
000010.SZ,000010,20251209,93556890,5408696,0,0,B,36900,300,5249754,5408695,
000010.SZ,000010,20251209,93556890,5408697,0,0,B,36900,300,5295870,5408695,
000010.SZ,000010,20251209,93556890,5408698,0,0,B,36900,600,5295892,5408695,
000010.SZ,000010,20251209,93556890,5408699,0,0,B,36900,1900,5312578,5408695,
000010.SZ,000010,20251209,93556890,5408700,C,0, ,0,3900,0,5119284,
000010.SZ,000010,20251209,93557010,5409439,C,0, ,0,28200,2893398,0,
000010.SZ,000010,20251209,93559820,5433641,C,0, ,0,10000,0,367766,
000010.SZ,000010,20251209,93601290,5453068,C,0, ,0,1000,1154720,0,
000010.SZ,000010,20251209,93602060,5462364,C,0, ,0,6200,0,4873956,
000010.SZ,000010,20251209,93602390,5466413,0,0,S,36800,600,5466412,4739015,
000010.SZ,000010,20251209,93602390,5466464,0,0,B,36900,100,5312578,5466463,
000010.SZ,000010,20251209,93602920,5470429,0,0,B,36900,900,5312578,5470428,
000010.SZ,000010,20251209,93602920,5470430,0,0,B,36900,200,5335642,5470428,
000010.SZ,000010,20251209,93604110,5484139,C,0, ,0,7200,2342433,0,
000010.SZ,000010,20251209,93606260,5506355,0,0,B,36900,100,5335642,5506354,
000010.SZ,000010,20251209,93607380,5518076,0,0,B,36900,100,5335642,5518075,
000010.SZ,000010,20251209,93609940,5543204,0,0,B,36900,500,5335642,5543203,
000010.SZ,000010,20251209,93609940,5543205,0,0,B,36900,700,5354688,5543203,
000010.SZ,000010,20251209,93609940,5543206,0,0,B,36900,900,5394304,5543203,
000010.SZ,000010,20251209,93609940,5543207,0,0,B,36900,9900,5404222,5543203,
000010.SZ,000010,20251209,93612860,5572686,0,0,S,36800,400,5572685,4739015,
000010.SZ,000010,20251209,93613860,5583696,0,0,B,36900,2900,5404222,5583695,
000010.SZ,000010,20251209,93613860,5583697,0,0,B,36900,6100,5518034,5583695,
000010.SZ,000010,20251209,93613860,5583698,0,0,B,36900,700,5520013,5583695,
000010.SZ,000010,20251209,93613860,5583699,0,0,B,36900,28200,5568677,5583695,
000010.SZ,000010,20251209,93613860,5583700,0,0,B,36900,7200,5574055,5583695,
000010.SZ,000010,20251209,93615080,5596554,C,0, ,0,2600,0,896986,
000010.SZ,000010,20251209,93615280,5598493,0,0,B,37000,200,2119921,5598492,
000010.SZ,000010,20251209,93615280,5598494,0,0,B,37000,200,2253613,5598492,
000010.SZ,000010,20251209,93615280,5598495,0,0,B,37000,4100,2385107,5598492,
000010.SZ,000010,20251209,93615480,5600442,0,0,S,36900,100,5600441,5599933,
000010.SZ,000010,20251209,93615490,5600486,0,0,B,36900,500,5600441,5600485,
000010.SZ,000010,20251209,93615490,5600488,0,0,B,36900,11000,5600441,5600487,
000010.SZ,000010,20251209,93615490,5600492,0,0,B,36900,2200,5600441,5600491,
000010.SZ,000010,20251209,93615490,5600494,0,0,B,36900,100,5600441,5600493,
000010.SZ,000010,20251209,93615490,5600496,0,0,B,36900,16300,5600441,5600495,
000010.SZ,000010,20251209,93615490,5600499,0,0,B,36900,100,5600441,5600498,
000010.SZ,000010,20251209,93615490,5600501,0,0,B,36900,100,5600441,5600500,
000010.SZ,000010,20251209,93615490,5600503,0,0,B,36900,100,5600441,5600502,
000010.SZ,000010,20251209,93615490,5600523,0,0,B,36900,2100,5600441,5600522,
000010.SZ,000010,20251209,93615500,5600642,0,0,B,36900,8400,5600441,5600641,
000010.SZ,000010,20251209,93615590,5601478,C,0, ,0,100,0,4871488,
000010.SZ,000010,20251209,93615590,5601481,0,0,B,37000,100,2385107,5601480,
000010.SZ,000010,20251209,93616560,5611231,C,0, ,0,32500,0,5600641,
000010.SZ,000010,20251209,93619360,5637940,0,0,B,36900,200,5637909,5637939,
000010.SZ,000010,20251209,93619360,5637944,0,0,B,36900,3600,5637909,5637943,
000010.SZ,000010,20251209,93619860,5643201,0,0,B,36900,2200,5637909,5643200,
000010.SZ,000010,20251209,93619860,5643202,0,0,B,37000,1000,2385107,5643200,
000010.SZ,000010,20251209,93620190,5645759,0,0,S,36800,900,5645758,4739015,
000010.SZ,000010,20251209,93620190,5645760,0,0,S,36800,700,5645758,4740553,
000010.SZ,000010,20251209,93620190,5645761,0,0,S,36800,400,5645758,4762942,
000010.SZ,000010,20251209,93620980,5652504,0,0,B,37000,4800,2385107,5652503,
000010.SZ,000010,20251209,93620980,5652505,0,0,B,37000,4800,2935460,5652503,
000010.SZ,000010,20251209,93620980,5652506,0,0,B,37000,100,3035969,5652503,
000010.SZ,000010,20251209,93620980,5652507,0,0,B,37000,100,3036008,5652503,
000010.SZ,000010,20251209,93620980,5652508,0,0,B,37000,3000,3284298,5652503,
000010.SZ,000010,20251209,93620980,5652509,0,0,B,37000,4500,3721541,5652503,
000010.SZ,000010,20251209,93621270,5654686,C,0, ,0,3000,0,5411586,
000010.SZ,000010,20251209,93622630,5666775,0,0,S,36900,4900,5666774,5653276,
000010.SZ,000010,20251209,93623310,5672018,0,0,S,36900,1300,5672017,5653276,
000010.SZ,000010,20251209,93630050,5728416,C,0, ,0,3000,0,1450853,
000010.SZ,000010,20251209,93632920,5751701,C,0, ,0,3400,0,4852257,
000010.SZ,000010,20251209,93633750,5759016,C,0, ,0,1000,165442,0,
000010.SZ,000010,20251209,93634850,5768093,0,0,B,37000,500,3721541,5768092,
000010.SZ,000010,20251209,93643310,5834494,C,0, ,0,3500,5669863,0,
000010.SZ,000010,20251209,93647000,5862356,0,0,B,37000,200,3721541,5862355,
000010.SZ,000010,20251209,93650580,5890448,C,0, ,0,6500,130654,0,
000010.SZ,000010,20251209,93652200,5902530,C,0, ,0,1500,0,5144200,
000010.SZ,000010,20251209,93655490,5929394,C,0, ,0,5800,0,5264999,
000010.SZ,000010,20251209,93655870,5933577,0,0,B,37000,3700,3721541,5933576,
000010.SZ,000010,20251209,93657660,5947091,C,0, ,0,3700,5011493,0,
000010.SZ,000010,20251209,93657960,5949306,0,0,S,36900,400,5949305,5653276,
000010.SZ,000010,20251209,93657960,5949332,C,0, ,0,200,0,5090915,
000010.SZ,000010,20251209,93701200,5976663,C,0, ,0,5000,0,3091834,
000010.SZ,000010,20251209,93703520,5999333,C,0, ,0,100,0,4871226,
000010.SZ,000010,20251209,93704240,6006883,0,0,S,36900,200,6006882,5653276,
000010.SZ,000010,20251209,93704240,6006885,0,0,S,36900,400,6006884,5653276,
000010.SZ,000010,20251209,93704250,6006913,0,0,S,36900,400,6006912,5653276,
000010.SZ,000010,20251209,93704250,6006921,0,0,S,36900,600,6006920,5653276,
000010.SZ,000010,20251209,93704250,6007056,0,0,S,36900,400,6007055,5653276,
000010.SZ,000010,20251209,93704250,6007092,0,0,S,36900,400,6007091,5653276,
000010.SZ,000010,20251209,93704260,6007162,0,0,S,36900,700,6007161,5653276,
000010.SZ,000010,20251209,93704260,6007169,0,0,S,36900,500,6007168,5653276,
000010.SZ,000010,20251209,93704260,6007207,0,0,S,36900,500,6007206,5653276,
000010.SZ,000010,20251209,93704270,6007363,0,0,S,36900,400,6007362,5653276,
000010.SZ,000010,20251209,93704280,6007448,0,0,S,36900,500,6007447,5653276,
000010.SZ,000010,20251209,93704300,6007725,0,0,S,36900,700,6007724,5653276,
000010.SZ,000010,20251209,93705020,6013705,C,0, ,0,400,5990970,0,
000010.SZ,000010,20251209,93706310,6024094,0,0,B,37000,900,3721541,6024093,
000010.SZ,000010,20251209,93706310,6024095,0,0,B,37000,1900,4223141,6024093,
000010.SZ,000010,20251209,93706310,6024096,0,0,B,37000,200,4784877,6024093,
000010.SZ,000010,20251209,93706310,6024099,C,0, ,0,5600,0,5654679,
000010.SZ,000010,20251209,93706540,6026098,C,0, ,0,100,0,5867362,
000010.SZ,000010,20251209,93706630,6026863,C,0, ,0,2400,0,5596172,
000010.SZ,000010,20251209,93708690,6042602,0,0,B,37000,1900,4784877,6042601,
000010.SZ,000010,20251209,93708690,6042603,0,0,B,37000,200,4837430,6042601,
000010.SZ,000010,20251209,93712710,6075954,C,0, ,0,1000,0,3475271,
000010.SZ,000010,20251209,93714250,6089594,C,0, ,0,100,0,3207825,
000010.SZ,000010,20251209,93715760,6102275,0,0,S,36900,7400,6102274,5653276,
000010.SZ,000010,20251209,93717340,6115109,0,0,S,36900,200,6115108,5653276,
000010.SZ,000010,20251209,93721820,6150164,C,0, ,0,100,0,6041755,
000010.SZ,000010,20251209,93723820,6165985,0,0,S,36900,4000,6165984,5653276,
000010.SZ,000010,20251209,93728240,6199734,0,0,S,36900,300,6199733,5653276,
000010.SZ,000010,20251209,93728680,6202973,C,0, ,0,1800,0,3023180,
000010.SZ,000010,20251209,93732810,6232843,C,0, ,0,3000,0,5173478,
000010.SZ,000010,20251209,93733430,6237110,0,0,S,36900,3500,6237109,5653276,
000010.SZ,000010,20251209,93739080,6278302,0,0,S,36900,3000,6278301,5653276,
000010.SZ,000010,20251209,93744450,6319612,C,0, ,0,3000,0,5864322,
000010.SZ,000010,20251209,93747320,6341507,C,0, ,0,1400,0,4690472,
000010.SZ,000010,20251209,93753670,6390825,C,0, ,0,3900,0,6121937,
000010.SZ,000010,20251209,93757030,6416867,0,0,S,36900,6000,6416866,5653276,
000010.SZ,000010,20251209,93757170,6418006,C,0, ,0,10000,0,5503180,
000010.SZ,000010,20251209,93757700,6423382,C,0, ,0,200,0,5950266,
000010.SZ,000010,20251209,93805690,6496055,C,0, ,0,1800,0,5319532,
000010.SZ,000010,20251209,93811180,6540216,0,0,S,36900,6100,6540215,5653276,
000010.SZ,000010,20251209,93814620,6567305,C,0, ,0,10000,49812,0,
000010.SZ,000010,20251209,93816540,6582435,C,0, ,0,100,309322,0,
000010.SZ,000010,20251209,93816620,6583015,C,0, ,0,300,0,5138949,
000010.SZ,000010,20251209,93828360,6677116,C,0, ,0,1300,306990,0,
000010.SZ,000010,20251209,93830560,6691516,C,0, ,0,100,0,5263683,
000010.SZ,000010,20251209,93830600,6691751,0,0,S,36900,7200,6691750,5653276,
000010.SZ,000010,20251209,93830600,6691752,0,0,S,36900,1000,6691750,5660317,
000010.SZ,000010,20251209,93830600,6691753,0,0,S,36900,2900,6691750,5817770,
000010.SZ,000010,20251209,93830600,6691754,0,0,S,36900,900,6691750,5963264,
000010.SZ,000010,20251209,93830600,6691755,0,0,S,36900,500,6691750,5966846,
000010.SZ,000010,20251209,93830600,6691756,0,0,S,36900,5800,6691750,6033936,
000010.SZ,000010,20251209,93830600,6691757,0,0,S,36900,100,6691750,6054562,
000010.SZ,000010,20251209,93830600,6691758,0,0,S,36900,200,6691750,6086388,
000010.SZ,000010,20251209,93830600,6691759,0,0,S,36900,100,6691750,6121967,
000010.SZ,000010,20251209,93830600,6691760,0,0,S,36900,1000,6691750,6173292,
000010.SZ,000010,20251209,93830600,6691761,0,0,S,36900,400,6691750,6202644,
000010.SZ,000010,20251209,93830600,6691762,0,0,S,36900,1400,6691750,6203067,
000010.SZ,000010,20251209,93830600,6691763,0,0,S,36900,5500,6691750,6208600,
000010.SZ,000010,20251209,93830600,6691764,0,0,S,36900,2700,6691750,6235192,
000010.SZ,000010,20251209,93830600,6691765,0,0,S,36900,3000,6691750,6269318,
000010.SZ,000010,20251209,93830600,6691766,0,0,S,36900,300,6691750,6271508,
000010.SZ,000010,20251209,93830600,6691767,0,0,S,36900,3000,6691750,6280779,
000010.SZ,000010,20251209,93830600,6691768,0,0,S,36900,2700,6691750,6292954,
000010.SZ,000010,20251209,93830600,6691769,0,0,S,36900,1300,6691750,6399516,
000010.SZ,000010,20251209,93830610,6691808,0,0,S,36900,100,6691807,6399516,
000010.SZ,000010,20251209,93830610,6691811,0,0,S,36900,100,6691810,6399516,
000010.SZ,000010,20251209,93830610,6691813,0,0,S,36900,100,6691812,6399516,
000010.SZ,000010,20251209,93830610,6691815,0,0,S,36900,100,6691814,6399516,
000010.SZ,000010,20251209,93830610,6691817,0,0,S,36900,200,6691816,6399516,
000010.SZ,000010,20251209,93830610,6691819,0,0,S,36900,100,6691818,6399516,
000010.SZ,000010,20251209,93830610,6691853,0,0,S,36900,100,6691852,6399516,
000010.SZ,000010,20251209,93830650,6692097,0,0,S,36900,100,6692096,6399516,
000010.SZ,000010,20251209,93832410,6705101,C,0, ,0,2000,1130177,0,
000010.SZ,000010,20251209,93832410,6705181,0,0,S,36900,300,6705180,6399516,
000010.SZ,000010,20251209,93832410,6705183,C,0, ,0,100,6005693,0,
000010.SZ,000010,20251209,93832410,6705184,C,0, ,0,100,6005779,0,
000010.SZ,000010,20251209,93832410,6705185,C,0, ,0,100,6005689,0,
000010.SZ,000010,20251209,93832410,6705186,C,0, ,0,100,6005780,0,
000010.SZ,000010,20251209,93832970,6708658,0,0,S,36900,100,6708657,6399516,
000010.SZ,000010,20251209,93832980,6708660,0,0,S,36900,100,6708659,6399516,
000010.SZ,000010,20251209,93832980,6708667,0,0,S,36900,100,6708666,6399516,
000010.SZ,000010,20251209,93832980,6708670,0,0,S,36900,100,6708669,6399516,
000010.SZ,000010,20251209,93834260,6719337,0,0,S,36900,100,6719336,6399516,
000010.SZ,000010,20251209,93834260,6719344,0,0,S,36900,100,6719343,6399516,
000010.SZ,000010,20251209,93834260,6719354,0,0,S,36900,100,6719353,6399516,
000010.SZ,000010,20251209,93834520,6721894,0,0,B,37000,600,4837430,6721893,
000010.SZ,000010,20251209,93836140,6732463,0,0,S,36900,600,6732462,6399516,
000010.SZ,000010,20251209,93840500,6764449,C,0, ,0,4000,0,4489856,
000010.SZ,000010,20251209,93843050,6780688,0,0,S,36900,1500,6780687,6399516,
000010.SZ,000010,20251209,93844910,6792559,C,0, ,0,4900,312977,0,
000010.SZ,000010,20251209,93844920,6792589,C,0, ,0,4000,1876594,0,
000010.SZ,000010,20251209,93846020,6799793,C,0, ,0,88000,0,5975112,
000010.SZ,000010,20251209,93846320,6802211,C,0, ,0,200,6005695,0,
000010.SZ,000010,20251209,93846330,6802213,C,0, ,0,200,6005758,0,
000010.SZ,000010,20251209,93846330,6802217,C,0, ,0,200,6005700,0,
000010.SZ,000010,20251209,93849170,6820613,C,0, ,0,3600,0,6566318,
000010.SZ,000010,20251209,93849170,6820667,0,0,S,36900,200,6820666,6399516,
000010.SZ,000010,20251209,93849170,6820680,0,0,S,36900,200,6820679,6399516,
000010.SZ,000010,20251209,93849170,6820684,0,0,S,36900,200,6820683,6399516,
000010.SZ,000010,20251209,93849180,6820700,0,0,S,36900,100,6820699,6399516,
000010.SZ,000010,20251209,93849640,6824408,C,0, ,0,10000,5742703,0,
000010.SZ,000010,20251209,93851030,6833204,0,0,B,37000,100,5596279,6833203,
000010.SZ,000010,20251209,93851680,6838308,C,0, ,0,5000,0,5112800,
000010.SZ,000010,20251209,93855060,6861174,0,0,B,37000,100,5596279,6861173,
000010.SZ,000010,20251209,93855060,6861175,0,0,B,37000,200,5653790,6861173,
000010.SZ,000010,20251209,93855060,6861176,0,0,B,37000,300,5701484,6861173,
000010.SZ,000010,20251209,93855060,6861177,0,0,B,37000,300,5802533,6861173,
000010.SZ,000010,20251209,93900440,6896148,0,0,S,36900,700,6896147,6399516,
000010.SZ,000010,20251209,93905290,6935778,0,0,S,36900,28200,6935777,6399516,
000010.SZ,000010,20251209,93905290,6935779,0,0,S,36900,10000,6935777,6404080,
000010.SZ,000010,20251209,93905290,6935780,0,0,S,36900,500,6935777,6443298,
000010.SZ,000010,20251209,93905290,6935781,0,0,S,36900,1000,6935777,6506945,
000010.SZ,000010,20251209,93905290,6935782,0,0,S,36900,6700,6935777,6543957,
000010.SZ,000010,20251209,93905290,6935783,0,0,S,36900,11000,6935777,6559630,
000010.SZ,000010,20251209,93905290,6935784,0,0,S,36900,500,6935777,6576167,
000010.SZ,000010,20251209,93905290,6935785,0,0,S,36900,10000,6935777,6587419,
000010.SZ,000010,20251209,93905290,6935786,0,0,S,36900,3300,6935777,6722590,
000010.SZ,000010,20251209,93905290,6935787,0,0,S,36900,8100,6935777,6802266,
000010.SZ,000010,20251209,93906190,6942785,C,0, ,0,100,6088819,0,
000010.SZ,000010,20251209,93906760,6947366,C,0, ,0,800,6085445,0,
000010.SZ,000010,20251209,93911810,6981756,0,0,B,36900,20000,6938151,6981755,
000010.SZ,000010,20251209,93912060,6983900,0,0,S,36800,100,6983899,4762942,
000010.SZ,000010,20251209,93913060,6993193,C,0, ,0,10000,0,5741097,
000010.SZ,000010,20251209,93918230,7030688,C,0, ,0,700,6935431,0,
000010.SZ,000010,20251209,93918240,7030725,C,0, ,0,900,6935503,0,
000010.SZ,000010,20251209,93918240,7030736,C,0, ,0,500,6935631,0,
000010.SZ,000010,20251209,93918240,7030742,C,0, ,0,2700,6654512,0,
000010.SZ,000010,20251209,93918250,7030778,C,0, ,0,600,6935530,0,
000010.SZ,000010,20251209,93918250,7030784,C,0, ,0,500,6936321,0,
000010.SZ,000010,20251209,93918250,7030785,C,0, ,0,900,6936317,0,
000010.SZ,000010,20251209,93918250,7030813,C,0, ,0,500,6936364,0,
000010.SZ,000010,20251209,93918250,7030815,C,0, ,0,800,6937179,0,
000010.SZ,000010,20251209,93918250,7030858,C,0, ,0,500,6936512,0,
000010.SZ,000010,20251209,93918260,7030870,C,0, ,0,800,6952164,0,
000010.SZ,000010,20251209,93918260,7030893,C,0, ,0,500,6936584,0,
000010.SZ,000010,20251209,93918260,7030901,C,0, ,0,500,6936745,0,
000010.SZ,000010,20251209,93918260,7030925,C,0, ,0,600,6936847,0,
000010.SZ,000010,20251209,93918260,7030932,C,0, ,0,800,6719098,0,
000010.SZ,000010,20251209,93918260,7030939,C,0, ,0,500,6936838,0,
000010.SZ,000010,20251209,93918280,7031040,C,0, ,0,1200,6654015,0,
000010.SZ,000010,20251209,93918290,7031088,C,0, ,0,500,6936770,0,
000010.SZ,000010,20251209,93918320,7031428,0,0,B,36900,4700,6938151,7031427,
000010.SZ,000010,20251209,93921720,7055181,C,0, ,0,2000,964305,0,
000010.SZ,000010,20251209,93921940,7056494,C,0, ,0,1000,0,6945223,
000010.SZ,000010,20251209,93927230,7090040,C,0, ,0,900,6417843,0,
000010.SZ,000010,20251209,93935810,7147209,0,0,B,36900,1800,6938151,7147208,
000010.SZ,000010,20251209,93935810,7147210,0,0,B,36900,100,6951942,7147208,
000010.SZ,000010,20251209,93935810,7147211,0,0,B,36900,100,6951944,7147208,
000010.SZ,000010,20251209,93935810,7147212,0,0,B,36900,800,6955127,7147208,
000010.SZ,000010,20251209,93935810,7147213,0,0,B,36900,100,6955716,7147208,
000010.SZ,000010,20251209,93935810,7147214,0,0,B,36900,400,7014886,7147208,
000010.SZ,000010,20251209,93935810,7147215,0,0,B,36900,500,7031450,7147208,
000010.SZ,000010,20251209,93935810,7147216,0,0,B,36900,900,7031451,7147208,
000010.SZ,000010,20251209,93935810,7147217,0,0,B,36900,500,7031464,7147208,
000010.SZ,000010,20251209,93935810,7147218,0,0,B,36900,700,7031468,7147208,
000010.SZ,000010,20251209,93935810,7147219,0,0,B,36900,500,7031485,7147208,
000010.SZ,000010,20251209,93935810,7147220,0,0,B,36900,500,7031491,7147208,
000010.SZ,000010,20251209,93935810,7147221,0,0,B,36900,500,7031492,7147208,
000010.SZ,000010,20251209,93935810,7147222,0,0,B,36900,800,7031500,7147208,
000010.SZ,000010,20251209,93935810,7147223,0,0,B,36900,500,7031502,7147208,
000010.SZ,000010,20251209,93935810,7147224,0,0,B,36900,900,7031509,7147208,
000010.SZ,000010,20251209,93935810,7147225,0,0,B,36900,1200,7031510,7147208,
000010.SZ,000010,20251209,93935810,7147226,0,0,B,36900,800,7031521,7147208,
000010.SZ,000010,20251209,93935810,7147227,0,0,B,36900,600,7031539,7147208,
000010.SZ,000010,20251209,93935810,7147228,0,0,B,36900,500,7031555,7147208,
000010.SZ,000010,20251209,93935810,7147229,0,0,B,36900,300,7031558,7147208,
000010.SZ,000010,20251209,93936270,7150296,C,0, ,0,2000,0,5944755,
000010.SZ,000010,20251209,93938330,7163826,C,0, ,0,500,0,5133552,
000010.SZ,000010,20251209,93938720,7166193,0,0,B,36900,500,7031558,7166192,
000010.SZ,000010,20251209,93938720,7166194,0,0,B,36900,600,7031585,7166192,
000010.SZ,000010,20251209,93938720,7166195,0,0,B,36900,500,7032191,7166192,
000010.SZ,000010,20251209,93938720,7166196,0,0,B,36900,2700,7032763,7166192,
000010.SZ,000010,20251209,93938720,7166197,0,0,B,36900,900,7036650,7166192,
000010.SZ,000010,20251209,93938720,7166198,0,0,B,36900,1400,7036715,7166192,
000010.SZ,000010,20251209,93938720,7166199,0,0,B,36900,3000,7069821,7166192,
000010.SZ,000010,20251209,93938720,7166200,0,0,B,36900,400,7075279,7166192,
000010.SZ,000010,20251209,93939150,7168926,C,0, ,0,100,6753895,0,
000010.SZ,000010,20251209,93939150,7168927,C,0, ,0,100,6523702,0,
000010.SZ,000010,20251209,93939150,7168928,C,0, ,0,100,6279158,0,
000010.SZ,000010,20251209,93939150,7168929,C,0, ,0,100,6055618,0,
000010.SZ,000010,20251209,93940390,7177895,C,0, ,0,81000,0,207175,
000010.SZ,000010,20251209,93940620,7179367,C,0, ,0,9800,0,6563181,
000010.SZ,000010,20251209,93941610,7185080,0,0,B,36900,200,7075279,7185079,
000010.SZ,000010,20251209,93943540,7197739,C,0, ,0,300,0,6856077,
000010.SZ,000010,20251209,93948890,7231558,0,0,B,36900,100,7075279,7231557,
000010.SZ,000010,20251209,93951200,7246974,C,0, ,0,3100,6619136,0,
000010.SZ,000010,20251209,93951410,7248764,C,0, ,0,4800,6157112,0,
000010.SZ,000010,20251209,93954200,7265844,0,0,S,36800,2500,7265843,4762942,
000010.SZ,000010,20251209,93954200,7265845,0,0,S,36800,100,7265843,4766952,
000010.SZ,000010,20251209,93954200,7265846,0,0,S,36800,500,7265843,4844519,
000010.SZ,000010,20251209,93954210,7265905,C,0, ,0,100,6300631,0,
000010.SZ,000010,20251209,93955060,7271485,0,0,B,36900,700,7075279,7271484,
000010.SZ,000010,20251209,93955060,7271486,0,0,B,36900,2200,7090261,7271484,
000010.SZ,000010,20251209,93956470,7280043,0,0,S,36800,400,7280042,4844519,
000010.SZ,000010,20251209,93957220,7284555,C,0, ,0,2900,6097072,0,
000010.SZ,000010,20251209,93957220,7284556,C,0, ,0,2800,6071480,0,
000010.SZ,000010,20251209,93957230,7284627,0,0,S,36800,100,7284626,4844519,
000010.SZ,000010,20251209,94000160,7303414,0,0,S,36800,2000,7303413,4853623,
000010.SZ,000010,20251209,94000160,7303415,0,0,S,36800,400,7303413,4871367,
000010.SZ,000010,20251209,94000160,7303416,0,0,S,36800,300,7303413,4871368,
000010.SZ,000010,20251209,94000160,7303417,0,0,S,36800,200,7303413,4871369,
000010.SZ,000010,20251209,94000160,7303419,0,0,S,36800,100,7303418,4871369,
000010.SZ,000010,20251209,94000160,7303420,0,0,S,36800,400,7303418,4871370,
000010.SZ,000010,20251209,94000160,7303421,0,0,S,36800,400,7303418,4871591,
000010.SZ,000010,20251209,94000160,7303422,0,0,S,36800,1900,7303418,4900015,
000010.SZ,000010,20251209,94002630,7322448,C,0, ,0,2500,0,5331278,
000010.SZ,000010,20251209,94006730,7354107,0,0,S,36800,100,7354106,4900015,
000010.SZ,000010,20251209,94006730,7354108,0,0,S,36800,1000,7354106,4969989,
000010.SZ,000010,20251209,94006730,7354109,0,0,S,36800,200,7354106,4983526,
000010.SZ,000010,20251209,94011690,7388083,0,0,B,36900,2000,7090261,7388082,
000010.SZ,000010,20251209,94011820,7388817,0,0,S,36800,200,7388816,4983526,
000010.SZ,000010,20251209,94013270,7399149,0,0,B,36900,500,7090261,7399148,
000010.SZ,000010,20251209,94014180,7404381,0,0,S,36800,4600,7404380,4983526,
000010.SZ,000010,20251209,94014180,7404382,0,0,S,36800,100,7404380,5015417,
000010.SZ,000010,20251209,94014180,7404383,0,0,S,36800,800,7404380,5025405,
000010.SZ,000010,20251209,94014180,7404384,0,0,S,36800,500,7404380,5035748,
000010.SZ,000010,20251209,94014180,7404385,0,0,S,36800,2700,7404380,5042160,
000010.SZ,000010,20251209,94014180,7404386,0,0,S,36800,200,7404380,5044396,
000010.SZ,000010,20251209,94014180,7404387,0,0,S,36800,1000,7404380,5062996,
000010.SZ,000010,20251209,94014180,7404388,0,0,S,36800,8400,7404380,5069185,
000010.SZ,000010,20251209,94014180,7404389,0,0,S,36800,2000,7404380,5096130,
000010.SZ,000010,20251209,94014180,7404390,0,0,S,36800,5000,7404380,5107966,
000010.SZ,000010,20251209,94014180,7404391,0,0,S,36800,200,7404380,5112430,
000010.SZ,000010,20251209,94014180,7404392,0,0,S,36800,1000,7404380,5118085,
000010.SZ,000010,20251209,94014180,7404393,0,0,S,36800,4100,7404380,5125560,
000010.SZ,000010,20251209,94014180,7404394,0,0,S,36800,27000,7404380,5153682,
000010.SZ,000010,20251209,94014180,7404395,0,0,S,36800,2400,7404380,5168957,
000010.SZ,000010,20251209,94020010,7450394,0,0,S,36800,1200,7450393,5168957,
000010.SZ,000010,20251209,94026960,7494018,C,0, ,0,5400,1329823,0,
000010.SZ,000010,20251209,94027020,7494416,C,0, ,0,2000,6165035,0,
000010.SZ,000010,20251209,94032400,7532171,C,0, ,0,2000,0,6708572,
000010.SZ,000010,20251209,94033150,7537057,0,0,S,36800,4400,7537056,5168957,
000010.SZ,000010,20251209,94033150,7537058,0,0,S,36800,300,7537056,5210787,
000010.SZ,000010,20251209,94033150,7537059,0,0,S,36800,6000,7537056,5225126,
000010.SZ,000010,20251209,94033150,7537060,0,0,S,36800,1600,7537056,5225150,
000010.SZ,000010,20251209,94033150,7537061,0,0,S,36800,2400,7537056,5252765,
000010.SZ,000010,20251209,94033850,7542453,0,0,B,36900,100,7090261,7542452,
000010.SZ,000010,20251209,94038050,7570512,C,0, ,0,400,0,4527464,
000010.SZ,000010,20251209,94040510,7586808,C,0, ,0,36100,7147282,0,
000010.SZ,000010,20251209,94042220,7597199,0,0,B,36900,200,7090261,7597198,
000010.SZ,000010,20251209,94042220,7597200,0,0,B,36900,800,7107736,7597198,
000010.SZ,000010,20251209,94051740,7656076,C,0, ,0,9100,6156561,0,
000010.SZ,000010,20251209,94053980,7669776,C,0, ,0,200,6078265,0,
000010.SZ,000010,20251209,94054600,7674360,0,0,S,36800,400,7674359,5252765,
000010.SZ,000010,20251209,94058530,7700472,0,0,B,36900,100,7107736,7700471,
000010.SZ,000010,20251209,94059040,7703884,0,0,B,36900,100,7133858,7703883,
000010.SZ,000010,20251209,94103570,7737807,C,0, ,0,300,6923461,0,
000010.SZ,000010,20251209,94111790,7792461,0,0,S,36800,1000,7792460,5252765,
000010.SZ,000010,20251209,94113440,7803993,C,0, ,0,100,7133858,0,
000010.SZ,000010,20251209,94121620,7854477,C,0, ,0,4700,0,5701466,
000010.SZ,000010,20251209,94123630,7865486,0,0,S,36800,6200,7865485,5252765,
000010.SZ,000010,20251209,94123630,7865487,0,0,S,36800,200,7865485,5297548,
000010.SZ,000010,20251209,94123630,7865488,0,0,S,36800,500,7865485,5321069,
000010.SZ,000010,20251209,94123630,7865489,0,0,S,36800,1000,7865485,5333059,
000010.SZ,000010,20251209,94123630,7865490,0,0,S,36800,1000,7865485,5340646,
000010.SZ,000010,20251209,94123630,7865491,0,0,S,36800,500,7865485,5357161,
000010.SZ,000010,20251209,94123630,7865492,0,0,S,36800,16000,7865485,5392621,
000010.SZ,000010,20251209,94123630,7865493,0,0,S,36800,3200,7865485,5393010,
000010.SZ,000010,20251209,94123630,7865494,0,0,S,36800,7500,7865485,5451354,
000010.SZ,000010,20251209,94124120,7868395,0,0,S,36800,1000,7868394,5451354,
000010.SZ,000010,20251209,94129180,7897968,0,0,S,36800,14300,7897967,5451354,
000010.SZ,000010,20251209,94129180,7897969,0,0,S,36800,2000,7897967,5480207,
000010.SZ,000010,20251209,94129180,7897970,0,0,S,36800,5000,7897967,5583599,
000010.SZ,000010,20251209,94129180,7897971,0,0,S,36800,5000,7897967,5653138,
000010.SZ,000010,20251209,94129180,7897972,0,0,S,36800,400,7897967,5711943,
000010.SZ,000010,20251209,94129180,7897973,0,0,S,36800,100,7897967,5739514,
000010.SZ,000010,20251209,94129180,7897974,0,0,S,36800,11000,7897967,5773293,
000010.SZ,000010,20251209,94129180,7897975,0,0,S,36800,2200,7897967,5794452,
000010.SZ,000010,20251209,94129300,7898654,0,0,B,36900,600,7233946,7898653,
000010.SZ,000010,20251209,94129300,7898655,0,0,B,36900,400,7234048,7898653,
000010.SZ,000010,20251209,94130220,7903527,C,0, ,0,200,0,6981785,
000010.SZ,000010,20251209,94136740,7942946,C,0, ,0,1000,1052796,0,
000010.SZ,000010,20251209,94137560,7947510,C,0, ,0,10000,0,1196700,
000010.SZ,000010,20251209,94139430,7957259,C,0, ,0,3400,0,5836309,
000010.SZ,000010,20251209,94139920,7960200,0,0,S,36800,500,7960199,5794452,
000010.SZ,000010,20251209,94139920,7960201,0,0,S,36800,1000,7960199,5842841,
000010.SZ,000010,20251209,94139920,7960202,0,0,S,36800,1000,7960199,5853742,
000010.SZ,000010,20251209,94139920,7960203,0,0,S,36800,3000,7960199,5955033,
000010.SZ,000010,20251209,94139920,7960204,0,0,S,36800,4500,7960199,5973415,
000010.SZ,000010,20251209,94143430,7980328,0,0,B,36900,100,7234048,7980327,
000010.SZ,000010,20251209,94143430,7980329,0,0,B,36900,1900,7234050,7980327,
000010.SZ,000010,20251209,94143430,7980330,0,0,B,36900,500,7234100,7980327,
000010.SZ,000010,20251209,94143430,7980331,0,0,B,36900,700,7234153,7980327,
000010.SZ,000010,20251209,94153750,8042696,C,0, ,0,500,0,7900683,
000010.SZ,000010,20251209,94155130,8049797,0,0,S,36800,100,8049796,5973415,
000010.SZ,000010,20251209,94200430,8077670,C,0, ,0,8200,6689319,0,
000010.SZ,000010,20251209,94200850,8080858,0,0,S,36800,100,8080857,5973415,
000010.SZ,000010,20251209,94203440,8098597,0,0,S,36800,300,8098596,5973415,
000010.SZ,000010,20251209,94203440,8098598,0,0,S,36800,4700,8098596,5977807,
000010.SZ,000010,20251209,94208110,8129484,0,0,S,36800,10000,8129483,5977807,
000010.SZ,000010,20251209,94208110,8129503,0,0,S,36800,5200,8129502,5977807,
000010.SZ,000010,20251209,94208110,8129505,0,0,S,36800,100,8129504,5977807,
000010.SZ,000010,20251209,94208120,8129531,0,0,S,36800,100,8129530,5977807,
000010.SZ,000010,20251209,94210190,8142654,0,0,S,36800,200,8142653,5977807,
000010.SZ,000010,20251209,94212060,8153154,0,0,B,36900,100,7234153,8153153,
000010.SZ,000010,20251209,94212160,8153768,C,0, ,0,10000,0,6243552,
000010.SZ,000010,20251209,94213130,8159661,0,0,B,36900,100,7234153,8159660,
000010.SZ,000010,20251209,94215150,8170015,0,0,S,36800,6400,8170014,5977807,
000010.SZ,000010,20251209,94215510,8172440,0,0,S,36800,1000,8172439,5977807,
000010.SZ,000010,20251209,94215510,8172444,0,0,S,36800,1200,8172443,5977807,
000010.SZ,000010,20251209,94215990,8175552,C,0, ,0,200,7806994,0,
000010.SZ,000010,20251209,94216990,8181448,0,0,S,36800,200,8181447,5977807,
000010.SZ,000010,20251209,94217560,8185302,0,0,S,36800,200,8185301,5977807,
000010.SZ,000010,20251209,94217950,8187129,0,0,S,36800,100,8187128,5977807,
000010.SZ,000010,20251209,94217960,8187150,0,0,S,36800,100,8187149,5977807,
000010.SZ,000010,20251209,94217990,8187284,C,0, ,0,1000,0,7447631,
000010.SZ,000010,20251209,94218960,8192802,0,0,S,36800,500,8192801,5977807,
000010.SZ,000010,20251209,94218960,8192803,0,0,S,36800,4300,8192801,5996178,
000010.SZ,000010,20251209,94218960,8192804,0,0,S,36800,3500,8192801,6005569,
000010.SZ,000010,20251209,94218970,8192846,0,0,S,36800,1500,8192845,6005569,
000010.SZ,000010,20251209,94218970,8192847,0,0,S,36800,8600,8192845,6042600,
000010.SZ,000010,20251209,94218970,8192848,0,0,S,36800,1000,8192845,6136878,
000010.SZ,000010,20251209,94218970,8192849,0,0,S,36800,100,8192845,6179754,
000010.SZ,000010,20251209,94218970,8192850,0,0,S,36800,1000,8192845,6271239,
000010.SZ,000010,20251209,94218970,8192851,0,0,S,36800,2700,8192845,6272649,
000010.SZ,000010,20251209,94218980,8192868,0,0,S,36800,400,8192867,6272649,
000010.SZ,000010,20251209,94218980,8192870,0,0,S,36800,400,8192869,6272649,
000010.SZ,000010,20251209,94218980,8192872,0,0,S,36800,400,8192871,6272649,
000010.SZ,000010,20251209,94218980,8192874,0,0,S,36800,100,8192873,6272649,
000010.SZ,000010,20251209,94218980,8192890,0,0,S,36800,200,8192889,6272649,
000010.SZ,000010,20251209,94218980,8192892,0,0,S,36800,100,8192891,6272649,
000010.SZ,000010,20251209,94218980,8192894,0,0,S,36800,100,8192893,6272649,
000010.SZ,000010,20251209,94218980,8192896,0,0,S,36800,100,8192895,6272649,
000010.SZ,000010,20251209,94218980,8192898,0,0,S,36800,100,8192897,6272649,
000010.SZ,000010,20251209,94218980,8192900,0,0,S,36800,300,8192899,6272649,
000010.SZ,000010,20251209,94218980,8192902,0,0,S,36800,100,8192901,6272649,
000010.SZ,000010,20251209,94218980,8192904,0,0,S,36800,100,8192903,6272649,
000010.SZ,000010,20251209,94219040,8193251,0,0,S,36800,1400,8193250,6272649,
000010.SZ,000010,20251209,94219040,8193252,0,0,S,36800,800,8193250,6313757,
000010.SZ,000010,20251209,94219040,8193253,0,0,S,36800,3900,8193250,6326108,
000010.SZ,000010,20251209,94219040,8193254,0,0,S,36800,1000,8193250,6337770,
000010.SZ,000010,20251209,94219040,8193255,0,0,S,36800,500,8193250,6465491,
000010.SZ,000010,20251209,94219040,8193256,0,0,S,36800,3000,8193250,6526576,
000010.SZ,000010,20251209,94219040,8193257,0,0,S,36800,13000,8193250,6730081,
000010.SZ,000010,20251209,94219040,8193258,0,0,S,36800,5000,8193250,6742886,
000010.SZ,000010,20251209,94219040,8193259,0,0,S,36800,400,8193250,6802176,
000010.SZ,000010,20251209,94219040,8193260,0,0,S,36800,5000,8193250,6845047,
000010.SZ,000010,20251209,94219040,8193261,0,0,S,36800,1000,8193250,7031944,
000010.SZ,000010,20251209,94219040,8193262,0,0,S,36800,500,8193250,7032663,
000010.SZ,000010,20251209,94219040,8193263,0,0,S,36800,500,8193250,7054464,
000010.SZ,000010,20251209,94219040,8193264,0,0,S,36800,500,8193250,7123335,
000010.SZ,000010,20251209,94219040,8193265,0,0,S,36800,2000,8193250,7132397,
000010.SZ,000010,20251209,94219040,8193266,0,0,S,36800,1000,8193250,7149973,
000010.SZ,000010,20251209,94219040,8193267,0,0,S,36800,300,8193250,7151863,
000010.SZ,000010,20251209,94219040,8193268,0,0,S,36800,7200,8193250,7179385,
000010.SZ,000010,20251209,94219050,8193295,0,0,S,36800,300,8193294,7179385,
000010.SZ,000010,20251209,94219140,8193820,0,0,S,36800,500,8193819,7179385,
000010.SZ,000010,20251209,94219140,8193821,0,0,S,36800,9000,8193819,7182769,
000010.SZ,000010,20251209,94219260,8194430,0,0,S,36800,1000,8194429,7182769,
000010.SZ,000010,20251209,94219260,8194431,0,0,S,36800,900,8194429,7239169,
000010.SZ,000010,20251209,94219350,8195066,0,0,S,36800,400,8195065,7239169,
000010.SZ,000010,20251209,94219440,8195505,0,0,S,36800,100,8195504,7239169,
000010.SZ,000010,20251209,94219460,8195626,0,0,S,36800,200,8195625,7239169,
000010.SZ,000010,20251209,94219490,8195783,0,0,S,36800,100,8195782,7239169,
000010.SZ,000010,20251209,94219890,8197923,C,0, ,0,3200,0,2206213,
000010.SZ,000010,20251209,94220080,8199039,0,0,S,36800,200,8199038,7239169,
000010.SZ,000010,20251209,94221170,8204855,0,0,S,36800,100,8204854,7239169,
000010.SZ,000010,20251209,94221250,8205399,0,0,S,36800,100,8205398,7239169,
000010.SZ,000010,20251209,94221460,8206789,0,0,S,36800,100,8206788,7239169,
000010.SZ,000010,20251209,94221490,8206954,0,0,S,36800,100,8206953,7239169,
000010.SZ,000010,20251209,94221630,8207867,0,0,S,36800,100,8207866,7239169,
000010.SZ,000010,20251209,94221680,8208087,0,0,S,36800,100,8208086,7239169,
000010.SZ,000010,20251209,94223740,8220276,C,0, ,0,2000,6859281,0,
000010.SZ,000010,20251209,94227340,8239749,0,0,S,36800,3000,8239748,7239169,
000010.SZ,000010,20251209,94227350,8239775,0,0,S,36800,100,8239774,7239169,
000010.SZ,000010,20251209,94227350,8239777,0,0,S,36800,100,8239776,7239169,
000010.SZ,000010,20251209,94227350,8239779,0,0,S,36800,100,8239778,7239169,
000010.SZ,000010,20251209,94227950,8243106,0,0,S,36800,2000,8243105,7239169,
000010.SZ,000010,20251209,94229970,8253550,0,0,S,36800,900,8253549,7239169,
000010.SZ,000010,20251209,94230010,8253816,0,0,S,36800,300,8253815,7239169,
000010.SZ,000010,20251209,94230150,8254531,0,0,S,36800,100,8254530,7239169,
000010.SZ,000010,20251209,94230410,8256139,0,0,S,36800,13600,8256138,7239169,
000010.SZ,000010,20251209,94230410,8256140,0,0,S,36800,7700,8256138,7266989,
000010.SZ,000010,20251209,94230410,8256141,0,0,S,36800,100,8256138,7273160,
000010.SZ,000010,20251209,94230410,8256142,0,0,S,36800,5100,8256138,7299884,
000010.SZ,000010,20251209,94230410,8256143,0,0,S,36800,6000,8256138,7317451,
000010.SZ,000010,20251209,94230410,8256144,0,0,S,36800,20000,8256138,7366675,
000010.SZ,000010,20251209,94230410,8256145,0,0,S,36800,1200,8256138,7374013,
000010.SZ,000010,20251209,94230410,8256146,0,0,S,36800,1000,8256138,7381829,
000010.SZ,000010,20251209,94230410,8256147,0,0,S,36800,100,8256138,7403126,
000010.SZ,000010,20251209,94230410,8256148,0,0,S,36800,6200,8256138,7404437,
000010.SZ,000010,20251209,94230410,8256149,0,0,S,36800,3000,8256138,7455079,
000010.SZ,000010,20251209,94230410,8256150,0,0,S,36800,5000,8256138,7547080,
000010.SZ,000010,20251209,94230410,8256151,0,0,S,36800,1500,8256138,7576589,
000010.SZ,000010,20251209,94230410,8256152,0,0,S,36800,10000,8256138,7602461,
000010.SZ,000010,20251209,94230410,8256153,0,0,S,36800,200,8256138,7604444,
000010.SZ,000010,20251209,94230410,8256154,0,0,S,36800,500,8256138,7613616,
000010.SZ,000010,20251209,94230410,8256155,0,0,S,36800,500,8256138,7614064,
000010.SZ,000010,20251209,94230410,8256156,0,0,S,36800,2100,8256138,7628937,
000010.SZ,000010,20251209,94230410,8256157,0,0,S,36800,11200,8256138,7641848,
000010.SZ,000010,20251209,94230410,8256158,0,0,S,36800,100,8256138,7642300,
000010.SZ,000010,20251209,94230410,8256159,0,0,S,36800,10000,8256138,7684332,
000010.SZ,000010,20251209,94230410,8256160,0,0,S,36800,2000,8256138,7703852,
000010.SZ,000010,20251209,94230410,8256161,0,0,S,36800,500,8256138,7703868,
000010.SZ,000010,20251209,94230410,8256162,0,0,S,36800,700,8256138,7750263,
000010.SZ,000010,20251209,94230410,8256163,0,0,S,36800,2000,8256138,7771571,
000010.SZ,000010,20251209,94230410,8256164,0,0,S,36800,100,8256138,7821116,
000010.SZ,000010,20251209,94230410,8256165,0,0,S,36800,1900,8256138,7827176,
000010.SZ,000010,20251209,94230410,8256166,0,0,S,36800,15000,8256138,7844666,
000010.SZ,000010,20251209,94230410,8256167,0,0,S,36800,100,8256138,7881843,
000010.SZ,000010,20251209,94230410,8256168,0,0,S,36800,5000,8256138,7896151,
000010.SZ,000010,20251209,94230410,8256169,0,0,S,36800,3000,8256138,7945514,
000010.SZ,000010,20251209,94230410,8256170,0,0,S,36800,100,8256138,7966145,
000010.SZ,000010,20251209,94230410,8256171,0,0,S,36800,100,8256138,7995357,
000010.SZ,000010,20251209,94230410,8256172,0,0,S,36800,2000,8256138,8014652,
000010.SZ,000010,20251209,94230410,8256173,0,0,S,36800,500,8256138,8034632,
000010.SZ,000010,20251209,94230410,8256174,0,0,S,36800,5000,8256138,8045220,
000010.SZ,000010,20251209,94230410,8256175,0,0,S,36800,1000,8256138,8065165,
000010.SZ,000010,20251209,94230410,8256176,0,0,S,36800,1000,8256138,8094594,
000010.SZ,000010,20251209,94230410,8256177,0,0,S,36800,400,8256138,8109043,
000010.SZ,000010,20251209,94230410,8256178,0,0,S,36800,1000,8256138,8118930,
000010.SZ,000010,20251209,94230410,8256179,0,0,S,36800,2500,8256138,8146923,
000010.SZ,000010,20251209,94230410,8256180,0,0,S,36800,500,8256138,8212265,
000010.SZ,000010,20251209,94230410,8256181,0,0,S,36800,1000,8256138,8217865,
000010.SZ,000010,20251209,94234200,8274525,C,0, ,0,100,7875440,0,
000010.SZ,000010,20251209,94234250,8274797,C,0, ,0,400,8026979,0,
000010.SZ,000010,20251209,94234250,8274798,C,0, ,0,400,8026977,0,
000010.SZ,000010,20251209,94234250,8274822,C,0, ,0,400,8027018,0,
000010.SZ,000010,20251209,94234250,8274831,C,0, ,0,400,8027048,0,
000010.SZ,000010,20251209,94234260,8274865,C,0, ,0,400,8027213,0,
000010.SZ,000010,20251209,94234260,8274876,C,0, ,0,300,8027240,0,
000010.SZ,000010,20251209,94234260,8274881,C,0, ,0,400,8027141,0,
000010.SZ,000010,20251209,94234270,8274923,C,0, ,0,800,7234545,0,
000010.SZ,000010,20251209,94234270,8274924,C,0, ,0,400,8027201,0,
000010.SZ,000010,20251209,94234270,8274927,C,0, ,0,500,8028062,0,
000010.SZ,000010,20251209,94234270,8274939,C,0, ,0,700,8027228,0,
000010.SZ,000010,20251209,94234270,8274944,C,0, ,0,1800,7234428,0,
000010.SZ,000010,20251209,94234280,8274978,C,0, ,0,400,8027218,0,
000010.SZ,000010,20251209,94234320,8275208,C,0, ,0,300,8026992,0,
000010.SZ,000010,20251209,94234320,8275210,C,0, ,0,500,8026988,0,
000010.SZ,000010,20251209,94234320,8275211,C,0, ,0,400,7235288,0,
000010.SZ,000010,20251209,94234320,8275216,C,0, ,0,500,8027160,0,
000010.SZ,000010,20251209,94235410,8280963,C,0, ,0,200,173437,0,
000010.SZ,000010,20251209,94240560,8309048,C,0, ,0,40100,8268888,0,
000010.SZ,000010,20251209,94240870,8310787,0,0,B,36800,13500,8256138,8310786,
000010.SZ,000010,20251209,94244030,8329279,0,0,B,36800,1500,8256138,8329278,
000010.SZ,000010,20251209,94247970,8354171,0,0,S,36700,200,8354170,222802,
000010.SZ,000010,20251209,94248210,8355487,0,0,S,36700,800,8355486,222802,
000010.SZ,000010,20251209,94248210,8355488,0,0,S,36700,200,8355486,275094,
000010.SZ,000010,20251209,94248210,8355489,0,0,S,36700,2000,8355486,346457,
000010.SZ,000010,20251209,94248210,8355490,0,0,S,36700,3000,8355486,398089,
000010.SZ,000010,20251209,94248210,8355491,0,0,S,36700,900,8355486,695214,
000010.SZ,000010,20251209,94248210,8355492,0,0,S,36700,3200,8355486,795821,
000010.SZ,000010,20251209,94248210,8355493,0,0,S,36700,1400,8355486,867160,
000010.SZ,000010,20251209,94248210,8355494,0,0,S,36700,18100,8355486,921201,
000010.SZ,000010,20251209,94249180,8361055,0,0,B,36800,3300,8256138,8361054,
000010.SZ,000010,20251209,94249540,8362967,C,0, ,0,1500,2830350,0,
000010.SZ,000010,20251209,94249930,8364883,0,0,S,36700,1900,8364882,921201,
000010.SZ,000010,20251209,94249930,8364884,0,0,S,36700,1100,8364882,942252,
000010.SZ,000010,20251209,94249930,8364885,0,0,S,36700,2000,8364882,1050127,
000010.SZ,000010,20251209,94249930,8364886,0,0,S,36700,5000,8364882,1069349,
000010.SZ,000010,20251209,94249930,8364887,0,0,S,36700,1000,8364882,1113395,
000010.SZ,000010,20251209,94249930,8364888,0,0,S,36700,43900,8364882,1753501,
000010.SZ,000010,20251209,94249930,8364889,0,0,S,36700,300,8364882,1996142,
000010.SZ,000010,20251209,94249930,8364890,0,0,S,36700,3000,8364882,2280179,
000010.SZ,000010,20251209,94249930,8364891,0,0,S,36700,500,8364882,2382600,
000010.SZ,000010,20251209,94249930,8364892,0,0,S,36700,7000,8364882,2935018,
000010.SZ,000010,20251209,94249930,8364893,0,0,S,36700,2000,8364882,3201216,
000010.SZ,000010,20251209,94249930,8364894,0,0,S,36700,2800,8364882,3619682,
000010.SZ,000010,20251209,94249930,8364895,0,0,S,36700,3000,8364882,3761778,
000010.SZ,000010,20251209,94249930,8364896,0,0,S,36700,1000,8364882,3763079,
000010.SZ,000010,20251209,94249930,8364897,0,0,S,36700,15500,8364882,3802245,
000010.SZ,000010,20251209,94251800,8374401,C,0, ,0,1400,169884,0,
000010.SZ,000010,20251209,94251800,8374403,0,0,S,36700,100,8374402,3802245,
000010.SZ,000010,20251209,94252210,8376424,0,0,S,36700,26700,8376423,3802245,
000010.SZ,000010,20251209,94255670,8394452,0,0,B,36800,3700,8256138,8394451,
000010.SZ,000010,20251209,94258920,8410133,0,0,S,36700,700,8410132,3802245,
000010.SZ,000010,20251209,94300270,8416676,C,0, ,0,1000,0,5631480,
000010.SZ,000010,20251209,94300880,8421873,C,0, ,0,9200,0,389673,
000010.SZ,000010,20251209,94302860,8432854,0,0,B,36800,900,8256138,8432853,
000010.SZ,000010,20251209,94308820,8465903,C,0, ,0,1200,0,7797627,
000010.SZ,000010,20251209,94311370,8479651,0,0,S,36700,7000,8479650,3802245,
000010.SZ,000010,20251209,94311370,8479652,0,0,S,36700,4000,8479650,3825306,
000010.SZ,000010,20251209,94311370,8479653,0,0,S,36700,8100,8479650,3998192,
000010.SZ,000010,20251209,94311460,8480119,0,0,B,36800,2000,8256138,8480118,
000010.SZ,000010,20251209,94311490,8480260,C,0, ,0,7200,0,1081307,
000010.SZ,000010,20251209,94311830,8481892,0,0,B,36800,2000,8256138,8481891,
000010.SZ,000010,20251209,94312500,8485078,0,0,S,36700,4000,8485077,3998192,
000010.SZ,000010,20251209,94313360,8489696,0,0,B,36800,6300,8256138,8489695,
000010.SZ,000010,20251209,94313680,8491358,0,0,S,36700,2000,8491357,3998192,
000010.SZ,000010,20251209,94315700,8502122,C,0, ,0,1800,530800,0,
000010.SZ,000010,20251209,94316030,8503985,C,0, ,0,9500,8429068,0,
000010.SZ,000010,20251209,94316470,8506377,C,0, ,0,5000,6951895,0,
000010.SZ,000010,20251209,94317330,8510408,C,0, ,0,1000,0,8297120,
000010.SZ,000010,20251209,94317770,8512641,C,0, ,0,4000,0,669853,
000010.SZ,000010,20251209,94328980,8565480,C,0, ,0,36600,0,6929907,
000010.SZ,000010,20251209,94329370,8567143,C,0, ,0,2000,7578940,0,
000010.SZ,000010,20251209,94329690,8568466,C,0, ,0,1000,0,8238815,
000010.SZ,000010,20251209,94330410,8571602,0,0,B,36800,2300,8256138,8571601,
000010.SZ,000010,20251209,94331120,8575153,C,0, ,0,5000,3437871,0,
000010.SZ,000010,20251209,94337880,8608083,C,0, ,0,3000,8203393,0,
000010.SZ,000010,20251209,94339370,8614556,0,0,B,36800,4000,8256138,8614555,
000010.SZ,000010,20251209,94339370,8614557,0,0,B,36800,400,8275349,8614555,
000010.SZ,000010,20251209,94339370,8614558,0,0,B,36800,300,8275400,8614555,
000010.SZ,000010,20251209,94339370,8614559,0,0,B,36800,400,8275403,8614555,
000010.SZ,000010,20251209,94339370,8614560,0,0,B,36800,500,8275404,8614555,
000010.SZ,000010,20251209,94339370,8614561,0,0,B,36800,400,8275421,8614555,
000010.SZ,000010,20251209,94339370,8614562,0,0,B,36800,400,8275429,8614555,
000010.SZ,000010,20251209,94339370,8614563,0,0,B,36800,1800,8275441,8614555,
000010.SZ,000010,20251209,94339370,8614564,0,0,B,36800,400,8275445,8614555,
000010.SZ,000010,20251209,94339370,8614565,0,0,B,36800,400,8275452,8614555,
000010.SZ,000010,20251209,94339370,8614566,0,0,B,36800,400,8275471,8614555,
000010.SZ,000010,20251209,94339370,8614567,0,0,B,36800,400,8275490,8614555,
000010.SZ,000010,20251209,94339370,8614568,0,0,B,36800,200,8275501,8614555,
000010.SZ,000010,20251209,94339920,8617275,0,0,S,36700,1300,8617274,3998192,
000010.SZ,000010,20251209,94341890,8626490,C,0, ,0,5500,8565518,0,
000010.SZ,000010,20251209,94342140,8627427,0,0,B,36800,300,8275501,8627426,
000010.SZ,000010,20251209,94342140,8627428,0,0,B,36800,200,8275514,8627426,
000010.SZ,000010,20251209,94342430,8628914,0,0,B,36800,200,8275514,8628913,
000010.SZ,000010,20251209,94342430,8628915,0,0,B,36800,500,8275546,8628913,
000010.SZ,000010,20251209,94342430,8628916,0,0,B,36800,700,8275558,8628913,
000010.SZ,000010,20251209,94342430,8628917,0,0,B,36800,300,8275573,8628913,
000010.SZ,000010,20251209,94342430,8628918,0,0,B,36800,800,8275589,8628913,
000010.SZ,000010,20251209,94342430,8628919,0,0,B,36800,3300,8291400,8628913,
000010.SZ,000010,20251209,94342430,8628920,0,0,B,36800,500,8366065,8628913,
000010.SZ,000010,20251209,94342430,8628921,0,0,B,36800,100,8386572,8628913,
000010.SZ,000010,20251209,94342430,8628922,0,0,B,36800,200,8431700,8628913,
000010.SZ,000010,20251209,94342430,8628923,0,0,B,36800,3400,8516924,8628913,
000010.SZ,000010,20251209,94344890,8639992,0,0,B,36800,900,8516924,8639991,
000010.SZ,000010,20251209,94345610,8643419,C,0, ,0,2000,0,8259329,
000010.SZ,000010,20251209,94345780,8644251,0,0,S,36700,34600,8644250,3998192,
000010.SZ,000010,20251209,94345780,8644252,0,0,S,36700,3000,8644250,4086434,
000010.SZ,000010,20251209,94345780,8644253,0,0,S,36700,3300,8644250,4228710,
000010.SZ,000010,20251209,94345780,8644254,0,0,S,36700,2000,8644250,4355939,
000010.SZ,000010,20251209,94345780,8644255,0,0,S,36700,1000,8644250,4356860,
000010.SZ,000010,20251209,94345780,8644256,0,0,S,36700,20000,8644250,4375482,
000010.SZ,000010,20251209,94345780,8644257,0,0,S,36700,2800,8644250,4441482,
000010.SZ,000010,20251209,94345780,8644258,0,0,S,36700,10000,8644250,4510751,
000010.SZ,000010,20251209,94345780,8644259,0,0,S,36700,300,8644250,4604388,
000010.SZ,000010,20251209,94345780,8644260,0,0,S,36700,5000,8644250,4780325,
000010.SZ,000010,20251209,94345780,8644261,0,0,S,36700,1200,8644250,4952407,
000010.SZ,000010,20251209,94345780,8644262,0,0,S,36700,4500,8644250,4985247,
000010.SZ,000010,20251209,94345780,8644263,0,0,S,36700,5000,8644250,5076548,
000010.SZ,000010,20251209,94345780,8644264,0,0,S,36700,2100,8644250,5528350,
000010.SZ,000010,20251209,94345780,8644265,0,0,S,36700,1000,8644250,5617831,
000010.SZ,000010,20251209,94345780,8644266,0,0,S,36700,100,8644250,5804362,
000010.SZ,000010,20251209,94345780,8644267,0,0,S,36700,5000,8644250,6865234,
000010.SZ,000010,20251209,94345780,8644268,0,0,S,36700,900,8644250,7036813,
000010.SZ,000010,20251209,94345780,8644269,0,0,S,36700,2000,8644250,7087230,
000010.SZ,000010,20251209,94345780,8644270,0,0,S,36700,100,8644250,7204115,
000010.SZ,000010,20251209,94345780,8644271,0,0,S,36700,23300,8644250,7253027,
000010.SZ,000010,20251209,94347610,8652688,0,0,B,36800,1200,8516924,8652687,
000010.SZ,000010,20251209,94353490,8682056,0,0,B,36800,2000,8516924,8682055,
000010.SZ,000010,20251209,94353840,8683594,0,0,B,36800,1300,8516924,8683593,
000010.SZ,000010,20251209,94354690,8689048,C,0, ,0,3100,455791,0,
000010.SZ,000010,20251209,94355130,8691390,0,0,S,36700,9200,8691389,7253027,
000010.SZ,000010,20251209,94406720,8762409,C,0, ,0,3700,6869292,0,
000010.SZ,000010,20251209,94408530,8773030,0,0,B,36800,2000,8516924,8773029,
000010.SZ,000010,20251209,94409830,8780585,0,0,S,36700,2000,8780584,7253027,
000010.SZ,000010,20251209,94410500,8784721,0,0,S,36700,200,8784720,7253027,
000010.SZ,000010,20251209,94412460,8797388,0,0,S,36700,2200,8797387,7253027,
000010.SZ,000010,20251209,94415200,8811597,0,0,S,36700,100,8811596,7253027,
000010.SZ,000010,20251209,94416640,8820173,C,0, ,0,17000,7669400,0,
000010.SZ,000010,20251209,94416700,8820513,C,0, ,0,500,0,8634204,
000010.SZ,000010,20251209,94418360,8829641,0,0,B,36800,400,8516924,8829640,
000010.SZ,000010,20251209,94419590,8837780,C,0, ,0,4800,7346348,0,
000010.SZ,000010,20251209,94422160,8850785,C,0, ,0,23300,6798172,0,
000010.SZ,000010,20251209,94424320,8861319,0,0,B,36800,500,8516924,8861318,
000010.SZ,000010,20251209,94424320,8861320,0,0,B,36800,500,8538200,8861318,
000010.SZ,000010,20251209,94425190,8865906,0,0,S,36700,200,8865905,7253027,
000010.SZ,000010,20251209,94430130,8889591,C,0, ,0,100,6926611,0,
000010.SZ,000010,20251209,94432410,8903237,0,0,B,36800,500,8538200,8903236,
000010.SZ,000010,20251209,94433770,8910793,0,0,B,36800,1000,8538200,8910792,
000010.SZ,000010,20251209,94437220,8930294,0,0,S,36700,15500,8930293,7253027,
000010.SZ,000010,20251209,94438240,8935538,C,0, ,0,400,6052316,0,
000010.SZ,000010,20251209,94439540,8942236,C,0, ,0,2600,413664,0,
000010.SZ,000010,20251209,94439790,8943904,0,0,B,36800,1200,8559786,8943903,
000010.SZ,000010,20251209,94439790,8943905,0,0,B,36800,100,8591716,8943903,
000010.SZ,000010,20251209,94439790,8943906,0,0,B,36800,100,8608098,8943903,
000010.SZ,000010,20251209,94439790,8943907,0,0,B,36800,600,8631187,8943903,
000010.SZ,000010,20251209,94443900,8964729,C,0, ,0,5000,0,1655357,
000010.SZ,000010,20251209,94444170,8966083,0,0,B,36800,200,8631187,8966082,
000010.SZ,000010,20251209,94444870,8969595,0,0,S,36700,4800,8969594,7253027,
000010.SZ,000010,20251209,94446620,8978664,C,0, ,0,800,0,8867214,
000010.SZ,000010,20251209,94448270,8985935,C,0, ,0,100,7476351,0,
000010.SZ,000010,20251209,94450480,8996798,0,0,B,36800,3000,8631187,8996797,
000010.SZ,000010,20251209,94450930,8998752,C,0, ,0,12000,8591696,0,
000010.SZ,000010,20251209,94451160,8999863,0,0,S,36700,100,8999862,7253027,
000010.SZ,000010,20251209,94454280,9017235,C,0, ,0,4000,0,8860723,
000010.SZ,000010,20251209,94457940,9035434,0,0,B,36800,800,8631187,9035433,
000010.SZ,000010,20251209,94502380,9063061,C,0, ,0,13700,0,319340,
000010.SZ,000010,20251209,94505370,9078912,0,0,S,36700,10000,9078911,7253027,
000010.SZ,000010,20251209,94506100,9082111,C,0, ,0,9700,1263476,0,
000010.SZ,000010,20251209,94506410,9083728,0,0,S,36700,1300,9083727,7253027,
000010.SZ,000010,20251209,94506570,9084515,0,0,B,36800,3200,8631187,9084514,
000010.SZ,000010,20251209,94509980,9105017,0,0,S,36700,300,9105016,7253027,
000010.SZ,000010,20251209,94512550,9121093,C,0, ,0,100,0,8751128,
000010.SZ,000010,20251209,94513740,9128312,0,0,B,36800,200,8631187,9128311,
000010.SZ,000010,20251209,94515480,9138827,C,0, ,0,500,6944274,0,
000010.SZ,000010,20251209,94519560,9170619,C,0, ,0,5000,8711516,0,
000010.SZ,000010,20251209,94520020,9173474,C,0, ,0,200,7450441,0,
000010.SZ,000010,20251209,94521140,9179018,C,0, ,0,3200,5949455,0,
000010.SZ,000010,20251209,94522230,9185797,C,0, ,0,200,8199249,0,
000010.SZ,000010,20251209,94522230,9185810,C,0, ,0,1500,8199530,0,
000010.SZ,000010,20251209,94522260,9186088,C,0, ,0,900,8199009,0,
000010.SZ,000010,20251209,94525210,9204416,0,0,B,36800,1000,8631187,9204415,
000010.SZ,000010,20251209,94527700,9219035,0,0,B,36800,100,8631187,9219034,
000010.SZ,000010,20251209,94530450,9235768,0,0,B,36800,900,8631187,9235767,
000010.SZ,000010,20251209,94530450,9235769,0,0,B,36800,5100,8654709,9235767,
000010.SZ,000010,20251209,94531050,9239914,0,0,B,36800,100,8668868,9239913,
000010.SZ,000010,20251209,94531050,9239915,0,0,B,36800,700,8691821,9239913,
000010.SZ,000010,20251209,94534490,9263593,0,0,B,36800,100,8691821,9263592,
000010.SZ,000010,20251209,94536510,9277787,0,0,B,36800,100,8691821,9277786,
000010.SZ,000010,20251209,94536510,9277788,0,0,B,36800,100,8706228,9277786,
000010.SZ,000010,20251209,94536510,9277789,0,0,B,36800,100,8714524,9277786,
000010.SZ,000010,20251209,94536510,9277790,0,0,B,36800,500,8804437,9277786,
000010.SZ,000010,20251209,94536510,9277791,0,0,B,36800,1200,8880259,9277786,
000010.SZ,000010,20251209,94536670,9279048,0,0,B,36800,500,8880259,9279047,
000010.SZ,000010,20251209,94539030,9292600,0,0,B,36800,900,8880259,9292599,
000010.SZ,000010,20251209,94539030,9292601,0,0,B,36800,100,8884252,9292599,
000010.SZ,000010,20251209,94544510,9324205,C,0, ,0,2800,9093713,0,
000010.SZ,000010,20251209,94544520,9324282,C,0, ,0,2500,9252315,0,
000010.SZ,000010,20251209,94545760,9331290,0,0,S,36700,11400,9331289,7253027,
000010.SZ,000010,20251209,94546580,9336259,0,0,S,36700,800,9336258,7253027,
000010.SZ,000010,20251209,94546580,9336260,0,0,S,36700,100,9336258,7439380,
000010.SZ,000010,20251209,94546580,9336261,0,0,S,36700,100,9336258,7523789,
000010.SZ,000010,20251209,94546580,9336262,0,0,S,36700,1000,9336258,7759995,
000010.SZ,000010,20251209,94553900,9375535,0,0,B,36800,100,8884252,9375534,
000010.SZ,000010,20251209,94554420,9379048,0,0,S,36700,3000,9379047,7759995,
000010.SZ,000010,20251209,94554420,9379049,0,0,S,36700,3000,9379047,7831313,
000010.SZ,000010,20251209,94554420,9379050,0,0,S,36700,5000,9379047,8048768,
000010.SZ,000010,20251209,94554420,9379051,0,0,S,36700,400,9379047,8154548,
000010.SZ,000010,20251209,94554420,9379052,0,0,S,36700,600,9379047,8353286,
000010.SZ,000010,20251209,94554420,9379053,0,0,S,36700,2000,9379047,8354151,
000010.SZ,000010,20251209,94554420,9379054,0,0,S,36700,2000,9379047,8363012,
000010.SZ,000010,20251209,94554420,9379055,0,0,S,36700,1000,9379047,8386100,
000010.SZ,000010,20251209,94554420,9379056,0,0,S,36700,800,9379047,8386570,
000010.SZ,000010,20251209,94557050,9392780,0,0,S,36700,100,9392779,8386570,
000010.SZ,000010,20251209,94559760,9409109,0,0,S,36700,10000,9409108,8386570,
000010.SZ,000010,20251209,94601750,9422650,C,0, ,0,10000,4770228,0,
000010.SZ,000010,20251209,94601800,9422899,0,0,B,36800,1000,8884252,9422898,
000010.SZ,000010,20251209,94603690,9434523,C,0, ,0,5000,0,4098390,
000010.SZ,000010,20251209,94604280,9438044,C,0, ,0,200,8894447,0,
000010.SZ,000010,20251209,94606250,9450164,0,0,S,36700,2700,9450163,8386570,
000010.SZ,000010,20251209,94606250,9450165,0,0,S,36700,2500,9450163,8444808,
000010.SZ,000010,20251209,94606800,9454736,0,0,B,36800,3000,8884252,9454735,
000010.SZ,000010,20251209,94607400,9459174,0,0,S,36700,100,9459173,8444808,
000010.SZ,000010,20251209,94609390,9471564,0,0,B,36800,600,8884252,9471563,
000010.SZ,000010,20251209,94609390,9471565,0,0,B,36800,100,8889877,9471563,
000010.SZ,000010,20251209,94609390,9471566,0,0,B,36800,500,8912635,9471563,
000010.SZ,000010,20251209,94613050,9493651,C,0, ,0,2700,0,8852713,
000010.SZ,000010,20251209,94615380,9505228,0,0,B,36800,200,8912635,9505227,
000010.SZ,000010,20251209,94627690,9567251,0,0,S,36700,700,9567250,8444808,
000010.SZ,000010,20251209,94627700,9567280,0,0,B,36800,1200,8912635,9567279,
000010.SZ,000010,20251209,94627700,9567281,0,0,B,36800,700,8926304,9567279,
000010.SZ,000010,20251209,94630350,9579580,0,0,B,36800,200,8926304,9579579,
000010.SZ,000010,20251209,94633970,9598015,0,0,B,36800,2700,8926304,9598014,
000010.SZ,000010,20251209,94637450,9615103,0,0,B,36800,5000,8926304,9615102,
000010.SZ,000010,20251209,94640440,9629194,C,0, ,0,92600,0,4621160,
000010.SZ,000010,20251209,94644550,9650723,0,0,S,36700,200,9650722,8444808,
000010.SZ,000010,20251209,94646090,9658953,0,0,B,36800,1700,8926304,9658952,
000010.SZ,000010,20251209,94654510,9702169,0,0,S,36700,26500,9702168,8444808,
000010.SZ,000010,20251209,94654510,9702170,0,0,S,36700,9100,9702168,8460225,
000010.SZ,000010,20251209,94659820,9732582,0,0,B,36800,2200,8926304,9732581,
000010.SZ,000010,20251209,94659820,9732583,0,0,B,36800,2000,8947574,9732581,
000010.SZ,000010,20251209,94701200,9742747,C,0, ,0,100,9534027,0,
000010.SZ,000010,20251209,94701600,9745592,C,0, ,0,200,6907384,0,
000010.SZ,000010,20251209,94703360,9757979,C,0, ,0,100,6923948,0,
000010.SZ,000010,20251209,94704300,9764043,C,0, ,0,2000,8909024,0,
000010.SZ,000010,20251209,94706390,9776744,0,0,S,36700,100,9776743,8460225,
000010.SZ,000010,20251209,94707050,9780711,C,0, ,0,500,0,765470,
000010.SZ,000010,20251209,94708210,9787663,0,0,B,36800,500,8947574,9787662,
000010.SZ,000010,20251209,94708500,9789349,0,0,S,36700,200,9789348,8460225,
000010.SZ,000010,20251209,94716670,9832583,0,0,S,36700,100,9832582,8460225,
000010.SZ,000010,20251209,94717260,9835503,C,0, ,0,1600,7668860,0,
000010.SZ,000010,20251209,94722540,9862480,0,0,B,36800,300,8947574,9862479,
000010.SZ,000010,20251209,94726370,9880438,0,0,S,36700,100,9880437,8460225,
000010.SZ,000010,20251209,94728330,9888868,0,0,S,36700,1600,9888867,8460225,
000010.SZ,000010,20251209,94730360,9897589,C,0, ,0,500,0,9087147,
000010.SZ,000010,20251209,94731520,9903812,0,0,B,36800,500,8947574,9903811,
000010.SZ,000010,20251209,94733250,9910866,0,0,S,36700,5500,9910865,8460225,
000010.SZ,000010,20251209,94733250,9910867,0,0,S,36700,1100,9910865,8478154,
000010.SZ,000010,20251209,94733250,9910868,0,0,S,36700,1000,9910865,8502136,
000010.SZ,000010,20251209,94733250,9910869,0,0,S,36700,300,9910865,8522940,
000010.SZ,000010,20251209,94733250,9910870,0,0,S,36700,5000,9910865,8531380,
000010.SZ,000010,20251209,94733250,9910871,0,0,S,36700,500,9910865,8532719,
000010.SZ,000010,20251209,94733250,9910872,0,0,S,36700,1000,9910865,8574448,
000010.SZ,000010,20251209,94733250,9910873,0,0,S,36700,3200,9910865,8577914,
000010.SZ,000010,20251209,94733250,9910874,0,0,S,36700,100,9910865,8596537,
000010.SZ,000010,20251209,94737360,9930893,C,0, ,0,2700,220463,0,
000010.SZ,000010,20251209,94739070,9938466,C,0, ,0,8600,7346273,0,
000010.SZ,000010,20251209,94745700,9968161,0,0,B,36800,100,8947574,9968160,
000010.SZ,000010,20251209,94748760,9982148,C,0, ,0,8600,0,2105497,
000010.SZ,000010,20251209,94805060,10069727,C,0, ,0,10000,0,9880379,
000010.SZ,000010,20251209,94811760,10121017,C,0, ,0,300,0,9541955,
000010.SZ,000010,20251209,94812280,10124770,C,0, ,0,10000,5428866,0,
000010.SZ,000010,20251209,94813810,10134565,0,0,S,36700,200,10134564,8596537,
000010.SZ,000010,20251209,94815390,10143803,0,0,S,36700,100,10143802,8596537,
000010.SZ,000010,20251209,94817590,10155891,0,0,S,36700,1000,10155890,8596537,
000010.SZ,000010,20251209,94817590,10155892,0,0,S,36700,500,10155890,8605707,
000010.SZ,000010,20251209,94818070,10158042,0,0,B,36800,300,8947574,10158041,
000010.SZ,000010,20251209,94820100,10169750,0,0,B,36800,8500,8947574,10169749,
000010.SZ,000010,20251209,94820100,10169751,0,0,B,36800,6500,8994656,10169749,
000010.SZ,000010,20251209,94820110,10169766,C,0, ,0,1400,0,9235782,
000010.SZ,000010,20251209,94822490,10182097,C,0, ,0,100,0,480119,
000010.SZ,000010,20251209,94824640,10193470,C,0, ,0,6900,0,9064229,
000010.SZ,000010,20251209,94825060,10195839,0,0,B,36800,1000,8994656,10195838,
000010.SZ,000010,20251209,94827800,10208002,0,0,S,36700,2300,10208001,8605707,
000010.SZ,000010,20251209,94827800,10208003,0,0,S,36700,3000,10208001,8611937,
000010.SZ,000010,20251209,94827800,10208004,0,0,S,36700,2900,10208001,8645468,
000010.SZ,000010,20251209,94827800,10208005,0,0,S,36700,2000,10208001,8653369,
000010.SZ,000010,20251209,94827800,10208006,0,0,S,36700,200,10208001,8686824,
000010.SZ,000010,20251209,94827800,10208007,0,0,S,36700,1000,10208001,8688561,
000010.SZ,000010,20251209,94827800,10208008,0,0,S,36700,2800,10208001,8706214,
000010.SZ,000010,20251209,94827800,10208009,0,0,S,36700,3000,10208001,8722209,
000010.SZ,000010,20251209,94827800,10208010,0,0,S,36700,2000,10208001,8722410,
000010.SZ,000010,20251209,94827800,10208011,0,0,S,36700,100,10208001,8730835,
000010.SZ,000010,20251209,94827800,10208012,0,0,S,36700,1100,10208001,8767892,
000010.SZ,000010,20251209,94827800,10208013,0,0,S,36700,5900,10208001,8798864,
000010.SZ,000010,20251209,94827800,10208014,0,0,S,36700,10000,10208001,8820016,
000010.SZ,000010,20251209,94827800,10208015,0,0,S,36700,800,10208001,8875076,
000010.SZ,000010,20251209,94827800,10208016,0,0,S,36700,2000,10208001,8888471,
000010.SZ,000010,20251209,94827800,10208017,0,0,S,36700,20000,10208001,8894659,
000010.SZ,000010,20251209,94827800,10208018,0,0,S,36700,1000,10208001,8902128,
000010.SZ,000010,20251209,94827800,10208019,0,0,S,36700,100,10208001,8910773,
000010.SZ,000010,20251209,94827800,10208020,0,0,S,36700,100,10208001,8911544,
000010.SZ,000010,20251209,94827800,10208021,0,0,S,36700,500,10208001,8928130,
000010.SZ,000010,20251209,94827800,10208022,0,0,S,36700,14300,10208001,8928150,
000010.SZ,000010,20251209,94827810,10208043,0,0,S,36700,700,10208042,8928150,
000010.SZ,000010,20251209,94827810,10208044,0,0,S,36700,1000,10208042,8930890,
000010.SZ,000010,20251209,94827810,10208045,0,0,S,36700,2000,10208042,8934969,
000010.SZ,000010,20251209,94827810,10208046,0,0,S,36700,700,10208042,8940225,
000010.SZ,000010,20251209,94827810,10208047,0,0,S,36700,4200,10208042,8968115,
000010.SZ,000010,20251209,94827810,10208048,0,0,S,36700,2900,10208042,8979605,
000010.SZ,000010,20251209,94827810,10208049,0,0,S,36700,100,10208042,8983109,
000010.SZ,000010,20251209,94827810,10208050,0,0,S,36700,10000,10208042,8996022,
000010.SZ,000010,20251209,94827810,10208051,0,0,S,36700,1200,10208042,8998366,
000010.SZ,000010,20251209,94827810,10208052,0,0,S,36700,1500,10208042,9000139,
000010.SZ,000010,20251209,94827810,10208054,0,0,S,36700,1200,10208053,9000139,
000010.SZ,000010,20251209,94827810,10208055,0,0,S,36700,1000,10208053,9014790,
000010.SZ,000010,20251209,94827810,10208056,0,0,S,36700,2000,10208053,9030566,
000010.SZ,000010,20251209,94827810,10208057,0,0,S,36700,500,10208053,9031545,
000010.SZ,000010,20251209,94827810,10208058,0,0,S,36700,19100,10208053,9052992,
000010.SZ,000010,20251209,94827810,10208060,0,0,S,36700,25800,10208059,9052992,
000010.SZ,000010,20251209,94827810,10208061,0,0,S,36700,1000,10208059,9071098,
000010.SZ,000010,20251209,94827810,10208062,0,0,S,36700,2000,10208059,9080174,
000010.SZ,000010,20251209,94827810,10208063,0,0,S,36700,500,10208059,9105355,
000010.SZ,000010,20251209,94827810,10208064,0,0,S,36700,1800,10208059,9122064,
000010.SZ,000010,20251209,94827810,10208065,0,0,S,36700,1000,10208059,9129960,
000010.SZ,000010,20251209,94827810,10208066,0,0,S,36700,5000,10208059,9138126,
000010.SZ,000010,20251209,94827810,10208067,0,0,S,36700,2200,10208059,9154082,
000010.SZ,000010,20251209,94827810,10208068,0,0,S,36700,3000,10208059,9183322,
000010.SZ,000010,20251209,94827810,10208069,0,0,S,36700,1000,10208059,9206245,
000010.SZ,000010,20251209,94827810,10208070,0,0,S,36700,100,10208059,9226103,
000010.SZ,000010,20251209,94827810,10208071,0,0,S,36700,3000,10208059,9232862,
000010.SZ,000010,20251209,94827810,10208072,0,0,S,36700,300,10208059,9251709,
000010.SZ,000010,20251209,94827810,10208073,0,0,S,36700,13000,10208059,9322009,
000010.SZ,000010,20251209,94827810,10208074,0,0,S,36700,3000,10208059,9344549,
000010.SZ,000010,20251209,94827810,10208075,0,0,S,36700,3000,10208059,9346435,
000010.SZ,000010,20251209,94827810,10208076,0,0,S,36700,200,10208059,9375867,
000010.SZ,000010,20251209,94827810,10208077,0,0,S,36700,4000,10208059,9381278,
000010.SZ,000010,20251209,94827810,10208078,0,0,S,36700,4300,10208059,9464106,
000010.SZ,000010,20251209,94827810,10208079,0,0,S,36700,1000,10208059,9476791,
000010.SZ,000010,20251209,94827810,10208080,0,0,S,36700,2000,10208059,9489947,
000010.SZ,000010,20251209,94827810,10208081,0,0,S,36700,10000,10208059,9492769,
000010.SZ,000010,20251209,94827810,10208082,0,0,S,36700,1400,10208059,9521175,
000010.SZ,000010,20251209,94827810,10208083,0,0,S,36700,1000,10208059,9562765,
000010.SZ,000010,20251209,94827810,10208084,0,0,S,36700,900,10208059,9639958,
000010.SZ,000010,20251209,94827810,10208085,0,0,S,36700,100,10208059,9642453,
000010.SZ,000010,20251209,94827810,10208086,0,0,S,36700,1300,10208059,9661669,
000010.SZ,000010,20251209,94827810,10208087,0,0,S,36700,200,10208059,9691166,
000010.SZ,000010,20251209,94827810,10208088,0,0,S,36700,5000,10208059,9704861,
000010.SZ,000010,20251209,94827810,10208089,0,0,S,36700,500,10208059,9732157,
000010.SZ,000010,20251209,94827810,10208090,0,0,S,36700,200,10208059,9745093,
000010.SZ,000010,20251209,94827810,10208091,0,0,S,36700,2000,10208059,9770255,
000010.SZ,000010,20251209,94827810,10208092,0,0,S,36700,1000,10208059,9791096,
000010.SZ,000010,20251209,94827810,10208093,0,0,S,36700,2000,10208059,9824490,
000010.SZ,000010,20251209,94827810,10208094,0,0,S,36700,7400,10208059,9836760,
000010.SZ,000010,20251209,94827810,10208095,0,0,S,36700,3100,10208059,9864212,
000010.SZ,000010,20251209,94827810,10208096,0,0,S,36700,500,10208059,9868336,
000010.SZ,000010,20251209,94827810,10208097,0,0,S,36700,20000,10208059,9877975,
000010.SZ,000010,20251209,94827810,10208098,0,0,S,36700,1300,10208059,9878713,
000010.SZ,000010,20251209,94827810,10208099,0,0,S,36700,2800,10208059,9880235,
000010.SZ,000010,20251209,94827810,10208100,0,0,S,36700,1000,10208059,9899733,
000010.SZ,000010,20251209,94827810,10208101,0,0,S,36700,5000,10208059,9906155,
000010.SZ,000010,20251209,94827810,10208102,0,0,S,36700,500,10208059,9921739,
000010.SZ,000010,20251209,94827810,10208103,0,0,S,36700,1300,10208059,9937978,
000010.SZ,000010,20251209,94827810,10208104,0,0,S,36700,200,10208059,9951475,
000010.SZ,000010,20251209,94827810,10208105,0,0,S,36700,400,10208059,9952449,
000010.SZ,000010,20251209,94827810,10208106,0,0,S,36700,2000,10208059,9965688,
000010.SZ,000010,20251209,94827810,10208107,0,0,S,36700,10000,10208059,10062252,
000010.SZ,000010,20251209,94827810,10208108,0,0,S,36700,5700,10208059,10070955,
000010.SZ,000010,20251209,94827810,10208109,0,0,S,36700,10000,10208059,10087929,
000010.SZ,000010,20251209,94827810,10208110,0,0,S,36700,3000,10208059,10143760,
000010.SZ,000010,20251209,94827810,10208111,0,0,S,36700,2500,10208059,10170331,
000010.SZ,000010,20251209,94827810,10208112,0,0,S,36700,2300,10208059,10172201,
000010.SZ,000010,20251209,94827810,10208113,0,0,S,36700,500,10208059,10173058,
000010.SZ,000010,20251209,94827810,10208114,0,0,S,36700,3000,10208059,10175258,
000010.SZ,000010,20251209,94827810,10208115,0,0,S,36700,500,10208059,10208038,
000010.SZ,000010,20251209,94827860,10208356,0,0,S,36600,100,10208355,12771,
000010.SZ,000010,20251209,94828050,10209234,C,0, ,0,700,10160817,0,
000010.SZ,000010,20251209,94828910,10213592,C,0, ,0,47600,10208059,0,
000010.SZ,000010,20251209,94830220,10219987,C,0, ,0,100,9406042,0,
000010.SZ,000010,20251209,94830250,10220106,C,0, ,0,200,9186839,0,
000010.SZ,000010,20251209,94830250,10220115,C,0, ,0,2400,9186928,0,
000010.SZ,000010,20251209,94830270,10220210,C,0, ,0,900,9186464,0,
000010.SZ,000010,20251209,94830280,10220287,C,0, ,0,1000,9186905,0,
000010.SZ,000010,20251209,94830320,10220498,C,0, ,0,400,10069710,0,
000010.SZ,000010,20251209,94830320,10220499,C,0, ,0,400,10069719,0,
000010.SZ,000010,20251209,94830320,10220500,C,0, ,0,300,10069718,0,
000010.SZ,000010,20251209,94830330,10220521,C,0, ,0,700,10069732,0,
000010.SZ,000010,20251209,94830330,10220542,C,0, ,0,600,10069839,0,
000010.SZ,000010,20251209,94830340,10220589,C,0, ,0,600,10069834,0,
000010.SZ,000010,20251209,94830340,10220603,C,0, ,0,400,10069912,0,
000010.SZ,000010,20251209,94830340,10220645,C,0, ,0,600,10069850,0,
000010.SZ,000010,20251209,94830350,10220686,C,0, ,0,600,9431135,0,
000010.SZ,000010,20251209,94830360,10220702,C,0, ,0,400,10069868,0,
000010.SZ,000010,20251209,94830380,10220881,C,0, ,0,300,10069729,0,
000010.SZ,000010,20251209,94830810,10222927,C,0, ,0,200,10208151,0,
000010.SZ,000010,20251209,94830810,10222928,C,0, ,0,200,10208155,0,
000010.SZ,000010,20251209,94830870,10223222,0,0,B,36700,300,10208119,10223221,
000010.SZ,000010,20251209,94832330,10231105,C,0, ,0,500,10137936,0,
000010.SZ,000010,20251209,94832810,10233566,C,0, ,0,13400,10208119,0,
000010.SZ,000010,20251209,94832810,10233569,C,0, ,0,1000,10208128,0,
000010.SZ,000010,20251209,94832810,10233570,C,0, ,0,2600,10208127,0,
000010.SZ,000010,20251209,94832810,10233571,C,0, ,0,24600,10208126,0,
000010.SZ,000010,20251209,94833450,10236359,0,0,B,36700,1000,10208144,10236358,
000010.SZ,000010,20251209,94837200,10254085,C,0, ,0,20500,9702398,0,
000010.SZ,000010,20251209,94840600,10271278,0,0,B,36700,1100,10208145,10271277,
000010.SZ,000010,20251209,94840600,10271279,0,0,B,36700,800,10208148,10271277,
000010.SZ,000010,20251209,94840600,10271280,0,0,B,36700,100,10208149,10271277,
000010.SZ,000010,20251209,94844480,10290098,C,0, ,0,60000,9154502,0,
000010.SZ,000010,20251209,94852510,10328994,0,0,S,36600,4000,10328993,12771,
000010.SZ,000010,20251209,94856560,10348881,C,0, ,0,2000,0,9075931,
000010.SZ,000010,20251209,94900060,10365989,C,0, ,0,10000,0,4558812,
000010.SZ,000010,20251209,94900210,10366749,0,0,B,36700,500,10209291,10366748,
000010.SZ,000010,20251209,94900210,10366750,0,0,B,36700,100,10209306,10366748,
000010.SZ,000010,20251209,94900210,10366751,0,0,B,36700,200,10209375,10366748,
000010.SZ,000010,20251209,94900210,10366752,0,0,B,36700,700,10211788,10366748,
000010.SZ,000010,20251209,94900210,10366753,0,0,B,36700,300,10213754,10366748,
000010.SZ,000010,20251209,94900210,10366754,0,0,B,36700,900,10220845,10366748,
000010.SZ,000010,20251209,94900620,10369577,C,0, ,0,1700,7097767,0,
000010.SZ,000010,20251209,94900730,10370215,0,0,B,36700,100,10221026,10370214,
000010.SZ,000010,20251209,94901210,10372869,0,0,S,36600,300,10372868,12771,
000010.SZ,000010,20251209,94901210,10372900,0,0,S,36600,1600,10372899,12771,
000010.SZ,000010,20251209,94901690,10375687,C,0, ,0,1500,6636599,0,
