万得代码,交易所代码,自然日,时间,委托编号,交易所委托号,委托类型,委托代码,委托价格,委托数量,
000010.SZ,000010,20251209,91500040,0,722,0,S,40800,100,
000010.SZ,000010,20251209,91500060,0,2192,0,S,37400,500,
000010.SZ,000010,20251209,91500060,0,2264,0,B,36800,500,
000010.SZ,000010,20251209,91500060,0,3854,0,B,36100,100,
000010.SZ,000010,20251209,91500060,0,4603,0,S,38000,4200,
000010.SZ,000010,20251209,91500060,0,4875,0,S,39600,5000,
000010.SZ,000010,20251209,91500060,0,4876,0,S,40100,5000,
000010.SZ,000010,20251209,91500060,0,4977,0,S,40700,100,
000010.SZ,000010,20251209,91500080,0,10891,0,S,40000,5000,
000010.SZ,000010,20251209,91500080,0,10999,0,S,38600,900,
000010.SZ,000010,20251209,91500080,0,11349,0,S,38900,900,
000010.SZ,000010,20251209,91500080,0,11660,0,B,33400,1000,
000010.SZ,000010,20251209,91500080,0,11722,0,B,34400,1000,
000010.SZ,000010,20251209,91500080,0,11725,0,S,40500,2500,
000010.SZ,000010,20251209,91500080,0,12771,0,B,36600,20000,
000010.SZ,000010,20251209,91500080,0,12869,0,S,37400,1000,
000010.SZ,000010,20251209,91500090,0,13209,0,S,40800,600,
000010.SZ,000010,20251209,91500090,0,13485,0,S,37500,47600,
000010.SZ,000010,20251209,91500090,0,13520,0,S,37600,55100,
000010.SZ,000010,20251209,91500090,0,13729,0,S,38000,10000,
000010.SZ,000010,20251209,91500090,0,13782,0,S,38100,10000,
000010.SZ,000010,20251209,91500090,0,13790,0,S,38200,10000,
000010.SZ,000010,20251209,91500090,0,13880,0,S,38400,10000,
000010.SZ,000010,20251209,91500090,0,13914,0,S,38500,10000,
000010.SZ,000010,20251209,91500090,0,13960,0,S,38600,10000,
000010.SZ,000010,20251209,91500090,0,14008,0,S,38700,10000,
000010.SZ,000010,20251209,91500090,0,14147,0,S,38800,10000,
000010.SZ,000010,20251209,91500090,0,14177,0,S,38900,10000,
000010.SZ,000010,20251209,91500090,0,14292,0,S,38900,10000,
000010.SZ,000010,20251209,91500090,0,14588,0,S,39500,400,
000010.SZ,000010,20251209,91500090,0,14707,0,B,36800,20000,
000010.SZ,000010,20251209,91500090,0,14727,0,B,36900,10000,
000010.SZ,000010,20251209,91500090,0,14810,0,S,40600,5000,
000010.SZ,000010,20251209,91500090,0,15746,0,S,40400,600,
000010.SZ,000010,20251209,91500100,0,17219,0,B,36600,10000,
000010.SZ,000010,20251209,91500100,0,17624,0,B,34000,200,
000010.SZ,000010,20251209,91500110,0,20522,0,S,40100,1100,
000010.SZ,000010,20251209,91500110,0,22008,0,S,38300,400,
000010.SZ,000010,20251209,91500110,0,22510,0,S,39000,300,
000010.SZ,000010,20251209,91500110,0,22550,0,S,40000,500,
000010.SZ,000010,20251209,91500120,0,23688,0,S,38200,200,
000010.SZ,000010,20251209,91500120,0,23689,0,S,40800,400,
000010.SZ,000010,20251209,91500120,0,24740,0,B,36000,2000,
000010.SZ,000010,20251209,91500130,0,27028,0,S,40800,8200,
000010.SZ,000010,20251209,91500130,0,27952,0,B,36800,1000,
000010.SZ,000010,20251209,91500130,0,29859,0,S,39200,200,
000010.SZ,000010,20251209,91500150,0,35508,0,S,40800,400,
000010.SZ,000010,20251209,91500160,0,37761,0,S,39800,3800,
000010.SZ,000010,20251209,91500170,0,40697,0,S,40800,14200,
000010.SZ,000010,20251209,91500170,0,42366,0,B,36600,2500,
000010.SZ,000010,20251209,91500180,0,45136,0,S,38300,1000,
000010.SZ,000010,20251209,91500180,0,45268,0,S,39300,1000,
000010.SZ,000010,20251209,91500180,0,45944,0,B,36500,2000,
000010.SZ,000010,20251209,91500190,0,46493,0,S,39200,3700,
000010.SZ,000010,20251209,91500190,0,46871,0,S,37600,5000,
000010.SZ,000010,20251209,91500190,0,46872,0,S,38100,5000,
000010.SZ,000010,20251209,91500190,0,46873,0,S,38600,5000,
000010.SZ,000010,20251209,91500190,0,46881,0,S,39100,5000,
000010.SZ,000010,20251209,91500190,0,47178,0,S,39000,1400,
000010.SZ,000010,20251209,91500190,0,48402,0,S,40700,2100,
000010.SZ,000010,20251209,91500190,0,48404,0,S,40200,2100,
000010.SZ,000010,20251209,91500200,0,49812,0,S,37700,10000,
000010.SZ,000010,20251209,91500200,0,50610,0,S,39800,1000,
000010.SZ,000010,20251209,91500200,0,50648,0,B,36800,3000,
000010.SZ,000010,20251209,91500200,0,51101,0,B,36800,2100,
000010.SZ,000010,20251209,91500210,0,52329,0,S,39400,4200,
000010.SZ,000010,20251209,91500220,0,54336,0,S,38800,2800,
000010.SZ,000010,20251209,91500220,0,54790,0,S,39000,2800,
000010.SZ,000010,20251209,91500220,0,55011,0,B,36200,10300,
000010.SZ,000010,20251209,91500230,0,57116,0,B,36500,3000,
000010.SZ,000010,20251209,91500230,0,57655,0,S,40800,500,
000010.SZ,000010,20251209,91500230,0,57790,0,B,33400,50000,
000010.SZ,000010,20251209,91500250,0,60724,0,S,40800,41100,
000010.SZ,000010,20251209,91500260,0,61583,0,B,36200,1000,
000010.SZ,000010,20251209,91500260,0,61800,0,S,40000,100,
000010.SZ,000010,20251209,91500270,0,62833,0,S,38000,7300,
000010.SZ,000010,20251209,91500280,0,64452,0,S,40800,200,
000010.SZ,000010,20251209,91500290,0,66963,0,S,38300,15000,
000010.SZ,000010,20251209,91500300,0,68032,0,S,40800,100,
000010.SZ,000010,20251209,91500300,0,68567,0,S,40600,5000,
000010.SZ,000010,20251209,91500310,0,70566,0,S,40500,300,
000010.SZ,000010,20251209,91500310,0,71106,0,S,38300,1000,
000010.SZ,000010,20251209,91500320,0,71461,0,S,38600,8000,
000010.SZ,000010,20251209,91500320,0,71840,0,S,39900,4500,
000010.SZ,000010,20251209,91500320,0,72303,0,S,37700,2900,
000010.SZ,000010,20251209,91500320,0,72946,0,B,36000,4000,
000010.SZ,000010,20251209,91500320,0,72993,0,S,40200,5000,
000010.SZ,000010,20251209,91500330,0,74202,0,S,40800,2600,
000010.SZ,000010,20251209,91500330,0,74203,0,S,40800,2600,
000010.SZ,000010,20251209,91500330,0,74205,0,B,33400,1200,
000010.SZ,000010,20251209,91500340,0,75401,0,S,40600,1400,
000010.SZ,000010,20251209,91500360,0,78778,0,B,36600,10000,
000010.SZ,000010,20251209,91500360,0,78902,0,B,36500,200,
000010.SZ,000010,20251209,91500360,0,78904,0,S,38000,400,
000010.SZ,000010,20251209,91500360,0,78905,0,S,39000,200,
000010.SZ,000010,20251209,91500370,0,79354,0,B,36200,2000,
000010.SZ,000010,20251209,91500370,0,80117,0,S,36200,4100,
000010.SZ,000010,20251209,91500400,0,83740,0,B,36500,2000,
000010.SZ,000010,20251209,91500400,0,83849,0,S,39700,16100,
000010.SZ,000010,20251209,91500420,0,86407,0,S,40800,4600,
000010.SZ,000010,20251209,91500420,0,86410,0,B,36300,4600,
000010.SZ,000010,20251209,91500440,0,88080,0,S,39700,5400,
000010.SZ,000010,20251209,91500480,0,93104,0,S,40000,9000,
000010.SZ,000010,20251209,91500500,0,94839,0,S,38700,1000,
000010.SZ,000010,20251209,91500500,0,95217,0,S,39400,500,
000010.SZ,000010,20251209,91500500,0,95218,0,S,40300,1000,
000010.SZ,000010,20251209,91500500,0,95834,0,S,40000,400,
000010.SZ,000010,20251209,91500520,0,97366,0,S,39400,2000,
000010.SZ,000010,20251209,91500520,0,97367,0,S,40600,1000,
000010.SZ,000010,20251209,91500520,0,97384,0,B,35600,2000,
000010.SZ,000010,20251209,91500520,0,97551,0,S,38800,400,
000010.SZ,000010,20251209,91500550,0,100616,0,S,38000,3000,
000010.SZ,000010,20251209,91500550,0,101226,0,S,40800,1300,
000010.SZ,000010,20251209,91500560,0,102249,0,S,40500,1000,
000010.SZ,000010,20251209,91500570,0,103545,0,S,40700,800,
000010.SZ,000010,20251209,91500610,0,107402,0,S,40500,200,
000010.SZ,000010,20251209,91500630,0,108807,0,S,38700,47100,
000010.SZ,000010,20251209,91500640,0,110052,0,S,38300,700,
000010.SZ,000010,20251209,91500660,0,112930,0,B,35000,500,
000010.SZ,000010,20251209,91500670,0,113025,0,B,36300,500,
000010.SZ,000010,20251209,91500710,0,116582,0,S,38500,3100,
000010.SZ,000010,20251209,91500750,0,120067,0,S,39500,500,
000010.SZ,000010,20251209,91500750,0,120254,0,S,37700,1300,
000010.SZ,000010,20251209,91500750,0,120441,0,S,37200,7300,
000010.SZ,000010,20251209,91500780,0,123060,0,S,40800,500,
000010.SZ,000010,20251209,91500800,0,124331,0,S,40800,26500,
000010.SZ,000010,20251209,91500830,0,126406,0,S,40000,5000,
000010.SZ,000010,20251209,91500840,0,127788,0,B,36800,1000,
000010.SZ,000010,20251209,91500880,0,130654,0,S,37200,6500,
000010.SZ,000010,20251209,91500890,0,131286,0,S,40800,6300,
000010.SZ,000010,20251209,91500890,0,131509,0,S,40800,1600,
000010.SZ,000010,20251209,91500930,0,133732,0,S,40800,200,
000010.SZ,000010,20251209,91500930,0,133994,0,B,36200,2500,
000010.SZ,000010,20251209,91500940,0,134526,0,S,38600,500,
000010.SZ,000010,20251209,91500950,0,134926,0,S,37600,500,
000010.SZ,000010,20251209,91500960,0,135240,0,B,36500,500,
000010.SZ,000010,20251209,91500980,0,136964,0,S,37000,1600,
000010.SZ,000010,20251209,91500990,0,137375,0,B,36400,2700,
000010.SZ,000010,20251209,91501020,0,139776,0,B,33600,10000,
000010.SZ,000010,20251209,91501020,0,139777,0,B,36600,9000,
000010.SZ,000010,20251209,91501050,0,141989,0,S,40800,500,
000010.SZ,000010,20251209,91501050,0,142278,0,B,35900,14300,
000010.SZ,000010,20251209,91501070,0,143646,0,B,33400,300,
000010.SZ,000010,20251209,91501080,0,143974,0,S,39000,3000,
000010.SZ,000010,20251209,91501080,0,143982,0,B,38100,1900,
000010.SZ,000010,20251209,91501100,0,145670,0,S,40600,1000,
000010.SZ,000010,20251209,91501160,0,149249,0,S,37800,5000,
000010.SZ,000010,20251209,91501180,0,151494,0,B,36100,10000,
000010.SZ,000010,20251209,91501200,0,152430,0,B,36900,3600,
000010.SZ,000010,20251209,91501210,0,152930,0,S,38300,12000,
000010.SZ,000010,20251209,91501210,0,153006,0,S,36100,2000,
000010.SZ,000010,20251209,91501210,0,153011,0,S,40700,3000,
000010.SZ,000010,20251209,91501230,0,154133,0,S,39600,1000,
000010.SZ,000010,20251209,91501360,0,160829,0,S,37400,5000,
000010.SZ,000010,20251209,91501360,0,160840,0,B,36800,13500,
000010.SZ,000010,20251209,91501360,0,161050,0,S,38800,5300,
000010.SZ,000010,20251209,91501390,0,162944,0,B,34000,1500,
000010.SZ,000010,20251209,91501400,0,163513,0,S,38600,3600,
000010.SZ,000010,20251209,91501400,0,163515,0,S,38800,3900,
000010.SZ,000010,20251209,91501400,0,163627,0,S,38500,1000,
000010.SZ,000010,20251209,91501410,0,164202,0,S,38500,2800,
000010.SZ,000010,20251209,91501430,0,165185,0,S,37800,10000,
000010.SZ,000010,20251209,91501430,0,165442,0,S,40000,1000,
000010.SZ,000010,20251209,91501440,0,165954,0,B,36800,2000,
000010.SZ,000010,20251209,91501500,0,169884,0,S,37400,1400,
000010.SZ,000010,20251209,91501510,0,171533,0,S,39900,5000,
000010.SZ,000010,20251209,91501540,0,173437,0,S,38500,200,
000010.SZ,000010,20251209,91501540,0,173745,0,S,40700,3000,
000010.SZ,000010,20251209,91501550,0,174152,0,S,39700,2000,
000010.SZ,000010,20251209,91501550,0,174717,0,B,37000,1000,
000010.SZ,000010,20251209,91501550,0,174719,0,B,36800,1000,
000010.SZ,000010,20251209,91501590,0,177489,0,B,36800,30000,
000010.SZ,000010,20251209,91501640,0,180427,0,S,40000,500,
000010.SZ,000010,20251209,91501660,0,181438,0,S,39800,1000,
000010.SZ,000010,20251209,91501660,0,181518,0,B,35900,1000,
000010.SZ,000010,20251209,91501660,0,181985,0,S,39800,500,
000010.SZ,000010,20251209,91501670,0,182302,0,B,36800,100,
000010.SZ,000010,20251209,91501670,0,182404,0,S,39500,12600,
000010.SZ,000010,20251209,91501760,0,186271,0,S,39000,5500,
000010.SZ,000010,20251209,91501800,0,188288,0,S,38600,1000,
000010.SZ,000010,20251209,91501830,0,189729,0,S,39800,700,
000010.SZ,000010,20251209,91501870,0,191371,0,S,40800,1600,
000010.SZ,000010,20251209,91501900,0,192522,0,S,39900,2100,
000010.SZ,000010,20251209,91501930,0,193339,0,S,39800,100,
000010.SZ,000010,20251209,91501930,0,193697,0,B,36600,2000,
000010.SZ,000010,20251209,91501950,0,194358,0,B,36600,1800,
000010.SZ,000010,20251209,91501960,0,194837,0,S,37300,7300,
000010.SZ,000010,20251209,91501960,0,194843,0,S,38000,3000,
000010.SZ,000010,20251209,91501960,0,195119,0,S,37800,30000,
000010.SZ,000010,20251209,91501970,0,195617,0,S,38000,200,
000010.SZ,000010,20251209,91502000,0,197123,0,B,36400,1000,
000010.SZ,000010,20251209,91502010,0,197519,0,S,38600,3000,
000010.SZ,000010,20251209,91502030,0,198820,0,S,37600,5000,
000010.SZ,000010,20251209,91502030,0,198821,0,S,37800,5000,
000010.SZ,000010,20251209,91502030,0,198822,0,S,38000,5000,
000010.SZ,000010,20251209,91502030,0,198830,0,S,38200,5000,
000010.SZ,000010,20251209,91502030,0,198832,0,S,38400,5000,
000010.SZ,000010,20251209,91502030,0,198895,0,S,38600,5000,
000010.SZ,000010,20251209,91502030,0,198905,0,S,38900,5000,
000010.SZ,000010,20251209,91502030,0,198906,0,S,39100,10000,
000010.SZ,000010,20251209,91502030,0,198915,0,S,39400,5000,
000010.SZ,000010,20251209,91502030,0,198917,0,S,39600,5000,
000010.SZ,000010,20251209,91502030,0,198919,0,S,39900,1000,
000010.SZ,000010,20251209,91502030,0,198925,0,S,40400,5000,
000010.SZ,000010,20251209,91502030,0,198933,0,S,40600,5000,
000010.SZ,000010,20251209,91502030,0,198936,0,S,40800,5000,
000010.SZ,000010,20251209,91502030,0,198937,0,B,36600,5000,
000010.SZ,000010,20251209,91502030,0,198938,0,B,36400,5000,
000010.SZ,000010,20251209,91502030,0,198942,0,B,36200,5000,
000010.SZ,000010,20251209,91502030,0,198945,0,B,36000,5000,
000010.SZ,000010,20251209,91502030,0,198946,0,B,35800,5000,
000010.SZ,000010,20251209,91502040,0,198949,0,B,35600,5000,
000010.SZ,000010,20251209,91502040,0,198950,0,B,35400,5000,
000010.SZ,000010,20251209,91502050,0,199924,0,S,37800,7500,
000010.SZ,000010,20251209,91502050,0,199925,0,S,38200,12500,
000010.SZ,000010,20251209,91502070,0,200796,0,S,38200,10000,
000010.SZ,000010,20251209,91502070,0,200799,0,S,39800,10000,
000010.SZ,000010,20251209,91502070,0,200801,0,S,40600,20000,
000010.SZ,000010,20251209,91502090,0,201239,0,S,38600,20000,
000010.SZ,000010,20251209,91502110,0,202125,0,B,36600,1100,
000010.SZ,000010,20251209,91502110,0,202126,0,B,36400,1100,
000010.SZ,000010,20251209,91502110,0,202128,0,B,36200,1200,
000010.SZ,000010,20251209,91502110,0,202129,0,B,36000,1200,
000010.SZ,000010,20251209,91502110,0,202130,0,B,35800,2300,
000010.SZ,000010,20251209,91502120,0,202327,0,S,40800,15000,
000010.SZ,000010,20251209,91502180,0,205160,0,S,40000,500,
000010.SZ,000010,20251209,91502180,0,205161,0,S,40800,500,
000010.SZ,000010,20251209,91502180,0,205407,0,B,36800,200,
000010.SZ,000010,20251209,91502200,0,206173,0,S,40800,5400,
000010.SZ,000010,20251209,91502220,0,207175,0,B,36600,81000,
000010.SZ,000010,20251209,91502290,0,209557,0,S,40800,100,
000010.SZ,000010,20251209,91502370,0,212644,0,S,40200,20000,
000010.SZ,000010,20251209,91502370,0,212653,0,S,40200,100000,
000010.SZ,000010,20251209,91502410,0,214019,0,S,39100,7900,
000010.SZ,000010,20251209,91502410,0,214020,0,S,39200,8000,
000010.SZ,000010,20251209,91502410,0,214025,0,S,39300,8000,
000010.SZ,000010,20251209,91502410,0,214026,0,S,39400,7900,
000010.SZ,000010,20251209,91502410,0,214028,0,S,39500,7900,
000010.SZ,000010,20251209,91502420,0,214627,0,S,40800,100,
000010.SZ,000010,20251209,91502450,0,215721,0,B,36000,400,
000010.SZ,000010,20251209,91502480,0,216924,0,B,37100,4800,
000010.SZ,000010,20251209,91502530,0,219052,0,B,37100,100,
000010.SZ,000010,20251209,91502550,0,220463,0,S,38300,2700,
000010.SZ,000010,20251209,91502560,0,220757,0,B,36100,300,
000010.SZ,000010,20251209,91502580,0,221666,0,S,40800,300,
000010.SZ,000010,20251209,91502600,0,222791,0,B,36800,1000,
000010.SZ,000010,20251209,91502600,0,222802,0,B,36700,1000,
000010.SZ,000010,20251209,91502660,0,225127,0,S,38000,400,
000010.SZ,000010,20251209,91502700,0,226615,0,S,39200,20100,
000010.SZ,000010,20251209,91502700,0,226785,0,B,36600,10000,
000010.SZ,000010,20251209,91502710,0,227021,0,B,35800,50200,
000010.SZ,000010,20251209,91502740,0,227816,0,B,36800,500,
000010.SZ,000010,20251209,91502770,0,228614,0,S,40800,2200,
000010.SZ,000010,20251209,91502880,0,230763,0,B,36800,3200,
000010.SZ,000010,20251209,91502880,0,230767,0,S,37800,24500,
000010.SZ,000010,20251209,91502920,0,231485,0,S,39000,20000,
000010.SZ,000010,20251209,91502940,0,232344,0,S,37900,400,
000010.SZ,000010,20251209,91502940,0,232424,0,S,38500,5800,
000010.SZ,000010,20251209,91502960,0,233359,0,B,36000,300,
000010.SZ,000010,20251209,91502960,0,233396,0,S,40600,300,
000010.SZ,000010,20251209,91502970,0,233729,0,S,40500,500,
000010.SZ,000010,20251209,91503100,0,237297,0,B,36300,4900,
000010.SZ,000010,20251209,91503140,0,238239,0,B,35900,1200,
000010.SZ,000010,20251209,91503140,0,238243,0,B,36400,1100,
000010.SZ,000010,20251209,91503140,0,238245,0,B,36600,1100,
000010.SZ,000010,20251209,91503160,0,239367,0,B,36000,100,
000010.SZ,000010,20251209,91503280,0,241796,0,S,38200,100,
000010.SZ,000010,20251209,91503410,0,244681,0,B,37100,200,
000010.SZ,000010,20251209,91503430,0,245067,0,B,36600,4000,
000010.SZ,000010,20251209,91503550,0,248999,0,B,36300,500,
000010.SZ,000010,20251209,91503560,0,249345,0,S,38500,2000,
000010.SZ,000010,20251209,91503600,0,250508,0,S,38600,11000,
000010.SZ,000010,20251209,91503610,0,250864,0,S,39800,2000,
000010.SZ,000010,20251209,91503680,0,252791,0,S,40500,100,
000010.SZ,000010,20251209,91503680,0,252792,0,S,40000,200,
000010.SZ,000010,20251209,91503710,0,253611,0,S,39600,3100,
000010.SZ,000010,20251209,91503730,0,254027,0,S,37900,2300,
000010.SZ,000010,20251209,91503820,0,255019,0,S,37900,20000,
000010.SZ,000010,20251209,91503870,0,255462,0,S,40800,300,
000010.SZ,000010,20251209,91503940,0,256700,0,S,40800,100,
000010.SZ,000010,20251209,91503960,0,257244,0,S,37900,10000,
000010.SZ,000010,20251209,91504300,0,261835,0,B,36000,1000,
000010.SZ,000010,20251209,91504480,0,263970,0,S,39900,11300,
000010.SZ,000010,20251209,91504480,0,263975,0,B,36800,4500,
000010.SZ,000010,20251209,91504510,0,264791,0,S,40800,7000,
000010.SZ,000010,20251209,91504540,0,265273,0,S,40800,800,
000010.SZ,000010,20251209,91504600,0,266453,0,B,33800,1000,
000010.SZ,000010,20251209,91504650,0,267345,0,B,36600,2000,
000010.SZ,000010,20251209,91505090,0,270216,0,B,36500,10000,
000010.SZ,000010,20251209,91505270,0,271690,0,S,40800,1300,
000010.SZ,000010,20251209,91505450,0,272804,0,S,40000,100,
000010.SZ,000010,20251209,91505560,0,274300,0,B,36800,600,
000010.SZ,000010,20251209,91505610,0,275094,0,B,36700,200,
000010.SZ,000010,20251209,91505620,0,275098,0,S,38900,200,
000010.SZ,000010,20251209,91505680,0,275769,0,S,38900,1600,
000010.SZ,000010,20251209,91505680,0,275890,0,B,36400,100,
000010.SZ,000010,20251209,91506200,0,278444,0,S,40800,1400,
000010.SZ,000010,20251209,91506580,0,280532,0,S,38800,6000,
000010.SZ,000010,20251209,91506640,0,281030,0,B,36800,10600,
000010.SZ,000010,20251209,91507100,0,282875,0,B,36800,10000,
000010.SZ,000010,20251209,91507100,0,282876,0,S,37600,10000,
000010.SZ,000010,20251209,91507240,0,283550,0,S,37100,100,
000010.SZ,000010,20251209,91507400,0,283909,0,S,40800,400,
000010.SZ,000010,20251209,91508070,0,286503,0,S,39000,3000,
000010.SZ,000010,20251209,91508650,0,288012,0,S,38200,1500,
000010.SZ,000010,20251209,91509570,0,289435,0,S,40500,1300,
000010.SZ,000010,20251209,91510290,0,290826,0,S,40500,1000,
000010.SZ,000010,20251209,91510290,0,290827,0,B,35000,1000,
000010.SZ,000010,20251209,91510480,0,290951,0,S,39900,1500,
000010.SZ,000010,20251209,91511660,0,293071,0,B,36800,10100,
000010.SZ,000010,20251209,91528180,0,297570,0,S,38900,100,
000010.SZ,000010,20251209,91528350,0,297609,0,B,36800,2000,
000010.SZ,000010,20251209,91532700,0,298526,0,B,35300,100,
000010.SZ,000010,20251209,91557980,0,304777,0,S,40600,500,
000010.SZ,000010,20251209,91604130,0,306527,0,S,40800,600,
000010.SZ,000010,20251209,91605640,0,306990,0,S,38100,1300,
000010.SZ,000010,20251209,91614650,0,309322,0,S,37400,100,
000010.SZ,000010,20251209,91623570,0,311630,0,B,36300,1000,
000010.SZ,000010,20251209,91629080,0,312977,0,S,38800,4900,
000010.SZ,000010,20251209,91651500,0,319256,0,B,34200,2000,
000010.SZ,000010,20251209,91651810,0,319340,0,B,36500,13700,
000010.SZ,000010,20251209,91653030,0,319725,0,S,37500,2700,
000010.SZ,000010,20251209,91657440,0,320977,0,B,36200,1000,
000010.SZ,000010,20251209,91703530,0,322780,0,S,37100,3800,
000010.SZ,000010,20251209,91709390,0,324415,0,B,36600,2000,
000010.SZ,000010,20251209,91715510,0,326194,0,S,37800,3000,
000010.SZ,000010,20251209,91715730,0,326255,0,B,36500,1000,
000010.SZ,000010,20251209,91718670,0,327130,0,B,36000,100,
000010.SZ,000010,20251209,91725530,0,329204,0,B,36900,10000,
000010.SZ,000010,20251209,91727870,0,329905,0,S,37800,1000,
000010.SZ,000010,20251209,91738830,0,333376,0,B,36500,2000,
000010.SZ,000010,20251209,91743110,0,334693,0,S,38800,1000,
000010.SZ,000010,20251209,91743630,0,334865,0,B,36200,1000,
000010.SZ,000010,20251209,91744460,0,335140,0,S,40800,10000,
000010.SZ,000010,20251209,91746010,0,335642,0,S,40800,1600,
000010.SZ,000010,20251209,91748680,0,336504,0,S,40700,10000,
000010.SZ,000010,20251209,91751200,0,337341,0,S,40600,10000,
000010.SZ,000010,20251209,91813630,0,345018,0,B,36500,300,
000010.SZ,000010,20251209,91817660,0,346457,0,B,36700,2000,
000010.SZ,000010,20251209,91817940,0,346556,0,B,36800,2000,
000010.SZ,000010,20251209,91831240,0,351365,0,S,37500,800,
000010.SZ,000010,20251209,91835630,0,352910,0,S,40400,10200,
000010.SZ,000010,20251209,91840050,0,354491,0,B,36000,800,
000010.SZ,000010,20251209,91844540,0,356124,0,B,36900,5000,
000010.SZ,000010,20251209,91847100,0,357044,0,S,38800,2800,
000010.SZ,000010,20251209,91853290,0,359230,0,B,36500,2600,
000010.SZ,000010,20251209,91855270,0,360051,0,S,39900,2800,
000010.SZ,000010,20251209,91900800,0,362061,0,S,39700,3200,
000010.SZ,000010,20251209,91912280,0,366582,0,B,37000,600,
000010.SZ,000010,20251209,91912770,0,366784,0,S,39400,3200,
000010.SZ,000010,20251209,91915450,0,367766,0,B,36200,10000,
000010.SZ,000010,20251209,91920320,0,369693,0,S,39100,3200,
000010.SZ,000010,20251209,91920480,0,369755,0,S,39800,700,
000010.SZ,000010,20251209,91924660,0,371431,0,S,39400,10000,
000010.SZ,000010,20251209,91932960,0,374776,0,S,38700,3200,
000010.SZ,000010,20251209,91941050,0,377926,0,S,37600,15000,
000010.SZ,000010,20251209,91942770,0,378710,0,S,40400,7000,
000010.SZ,000010,20251209,91955060,0,383931,0,S,37900,5000,
000010.SZ,000010,20251209,92007910,0,389660,0,S,39800,1000,
000010.SZ,000010,20251209,92007950,0,389673,0,B,36600,9200,
000010.SZ,000010,20251209,92015000,0,392293,0,S,37500,1000,
000010.SZ,000010,20251209,92016180,0,392722,0,S,40800,12000,
000010.SZ,000010,20251209,92016720,0,392883,0,S,37600,4000,
000010.SZ,000010,20251209,92023960,0,395603,0,S,40800,2000,
000010.SZ,000010,20251209,92030690,0,398089,0,B,36700,3000,
000010.SZ,000010,20251209,92033490,0,399045,0,S,40000,600,
000010.SZ,000010,20251209,92033890,0,399187,0,B,36600,5000,
000010.SZ,000010,20251209,92035100,0,399644,0,B,36000,50000,
000010.SZ,000010,20251209,92050290,0,405298,0,S,40800,200,
000010.SZ,000010,20251209,92111320,0,413594,0,S,39400,10000,
000010.SZ,000010,20251209,92111470,0,413664,0,S,38500,2600,
000010.SZ,000010,20251209,92115290,0,415240,0,S,37400,5000,
000010.SZ,000010,20251209,92119660,0,417020,0,S,40600,20000,
000010.SZ,000010,20251209,92122930,0,418341,0,S,38800,800,
000010.SZ,000010,20251209,92127950,0,420443,0,S,40800,10000,
000010.SZ,000010,20251209,92138660,0,425052,0,S,37500,3200,
000010.SZ,000010,20251209,92151040,0,430453,0,S,40800,23000,
000010.SZ,000010,20251209,92155130,0,432213,0,B,36900,18600,
000010.SZ,000010,20251209,92156040,0,432657,0,B,36500,500,
000010.SZ,000010,20251209,92157740,0,433403,0,B,36000,1500,
000010.SZ,000010,20251209,92158730,0,433847,0,S,38500,5000,
000010.SZ,000010,20251209,92204910,0,437129,0,S,37500,6700,
000010.SZ,000010,20251209,92207060,0,438112,0,S,37700,400,
000010.SZ,000010,20251209,92208470,0,438808,0,S,38900,5000,
000010.SZ,000010,20251209,92209220,0,439138,0,S,40600,1500,
000010.SZ,000010,20251209,92215130,0,441969,0,B,36800,300,
000010.SZ,000010,20251209,92218930,0,443722,0,S,39500,2000,
000010.SZ,000010,20251209,92219310,0,443879,0,S,39000,1200,
000010.SZ,000010,20251209,92220410,0,444375,0,S,40800,12100,
000010.SZ,000010,20251209,92221390,0,444814,0,S,40600,700,
000010.SZ,000010,20251209,92225000,0,446584,0,S,39800,5000,
000010.SZ,000010,20251209,92227720,0,447770,0,B,37000,13000,
000010.SZ,000010,20251209,92233760,0,450675,0,S,40000,3500,
000010.SZ,000010,20251209,92235570,0,451578,0,B,36200,200,
000010.SZ,000010,20251209,92241260,0,454345,0,S,38600,3000,
000010.SZ,000010,20251209,92243580,0,455550,0,B,36600,5100,
000010.SZ,000010,20251209,92244080,0,455791,0,S,37200,3100,
000010.SZ,000010,20251209,92250330,0,458968,0,B,36800,3000,
000010.SZ,000010,20251209,92253070,0,460383,0,S,38500,28800,
000010.SZ,000010,20251209,92254050,0,460900,0,S,37500,5000,
000010.SZ,000010,20251209,92254690,0,461227,0,B,36300,700,
000010.SZ,000010,20251209,92255540,0,461647,0,S,39900,1100,
000010.SZ,000010,20251209,92257150,0,462423,0,B,37000,4000,
000010.SZ,000010,20251209,92302070,0,464955,0,S,37600,1500,
000010.SZ,000010,20251209,92302780,0,465345,0,S,39700,3000,
000010.SZ,000010,20251209,92303070,0,465501,0,B,36800,6100,
000010.SZ,000010,20251209,92303590,0,465740,0,S,37300,5500,
000010.SZ,000010,20251209,92312990,0,470723,0,S,37800,10000,
000010.SZ,000010,20251209,92313660,0,471064,0,B,35600,1000,
000010.SZ,000010,20251209,92314850,0,471708,0,S,39800,40000,
000010.SZ,000010,20251209,92318970,0,474047,0,S,39200,1000,
000010.SZ,000010,20251209,92320120,0,474717,0,B,36900,2700,
000010.SZ,000010,20251209,92322050,0,475798,0,S,40600,1300,
000010.SZ,000010,20251209,92323170,0,476380,0,S,38500,5600,
000010.SZ,000010,20251209,92327840,0,478981,0,S,37600,1500,
000010.SZ,000010,20251209,92329230,0,479806,0,S,38200,5000,
000010.SZ,000010,20251209,92329770,0,480119,0,B,36200,100,
000010.SZ,000010,20251209,92336440,0,483955,0,S,37100,5100,
000010.SZ,000010,20251209,92339170,0,485504,0,S,38400,1000,
000010.SZ,000010,20251209,92340890,0,486540,0,S,40800,100000,
000010.SZ,000010,20251209,92342790,0,487584,0,S,40800,200,
000010.SZ,000010,20251209,92343070,0,487743,0,S,37900,37600,
000010.SZ,000010,20251209,92345310,0,489169,0,B,36600,500,
000010.SZ,000010,20251209,92348350,0,491103,0,B,35500,5000,
000010.SZ,000010,20251209,92348740,0,491329,0,S,39500,60000,
000010.SZ,000010,20251209,92348880,0,491423,0,S,38000,1000,
000010.SZ,000010,20251209,92348980,0,491478,0,S,40800,900,
000010.SZ,000010,20251209,92356080,0,495717,0,S,40500,5000,
000010.SZ,000010,20251209,92401670,0,499289,0,S,38900,5000,
000010.SZ,000010,20251209,92406050,0,502154,0,S,40800,2000,
000010.SZ,000010,20251209,92416870,0,510442,0,S,37700,1000,
000010.SZ,000010,20251209,92418540,0,511785,0,S,39000,600,
000010.SZ,000010,20251209,92425820,0,517798,0,S,37700,600,
000010.SZ,000010,20251209,92433390,0,524631,0,B,36300,6000,
000010.SZ,000010,20251209,92439740,0,530800,0,S,37800,1800,
000010.SZ,000010,20251209,92441720,0,532768,0,B,35200,1500,
000010.SZ,000010,20251209,92446330,0,537566,0,B,36000,5500,
000010.SZ,000010,20251209,92447420,0,538647,0,B,35800,100,
000010.SZ,000010,20251209,92450570,0,543313,0,S,36400,1100,
000010.SZ,000010,20251209,92451840,0,545348,0,S,40800,28000,
000010.SZ,000010,20251209,92453260,0,547313,0,S,37800,1400,
000010.SZ,000010,20251209,92456570,0,553966,0,S,38000,2000,
000010.SZ,000010,20251209,92457120,0,555479,0,S,36100,100,
000010.SZ,000010,20251209,92459490,0,563896,0,S,36900,2600,
000010.SZ,000010,20251209,92459500,0,563991,0,S,36900,2000,
000010.SZ,000010,20251209,92459570,0,564433,0,S,36900,400,
000010.SZ,000010,20251209,92459910,0,566324,0,S,35900,1300,
000010.SZ,000010,20251209,93000000,0,669853,0,B,36600,4000,
000010.SZ,000010,20251209,93000060,0,686181,0,S,37000,3000,
000010.SZ,000010,20251209,93000060,0,691904,0,B,36300,1000,
000010.SZ,000010,20251209,93000070,0,695214,0,B,36700,900,
000010.SZ,000010,20251209,93000080,0,700365,0,B,36800,800,
000010.SZ,000010,20251209,93000090,0,709633,0,S,37800,48800,
000010.SZ,000010,20251209,93000100,0,710048,0,B,35200,3000,
000010.SZ,000010,20251209,93000120,0,722969,0,S,38000,2000,
000010.SZ,000010,20251209,93000130,0,728594,0,S,40800,100,
000010.SZ,000010,20251209,93000140,0,736557,0,B,37600,3000,
000010.SZ,000010,20251209,93000150,0,739236,0,B,36000,2000,
000010.SZ,000010,20251209,93000150,0,739575,0,S,37300,18800,
000010.SZ,000010,20251209,93000160,0,749053,0,S,38200,2000,
000010.SZ,000010,20251209,93000160,0,749215,0,S,39000,2000,
000010.SZ,000010,20251209,93000170,0,750090,0,S,38500,5000,
000010.SZ,000010,20251209,93000180,0,755328,0,S,37600,2600,
000010.SZ,000010,20251209,93000180,0,757270,0,S,37300,20000,
000010.SZ,000010,20251209,93000190,0,759653,0,S,39700,2000,
000010.SZ,000010,20251209,93000190,0,759711,0,S,40600,2000,
000010.SZ,000010,20251209,93000190,0,760349,0,B,37000,1000,
000010.SZ,000010,20251209,93000200,0,763559,0,S,37300,1000,
000010.SZ,000010,20251209,93000200,0,763830,0,B,36600,6000,
000010.SZ,000010,20251209,93000200,0,765470,0,B,35500,500,
000010.SZ,000010,20251209,93000210,0,768912,0,B,36500,1000,
000010.SZ,000010,20251209,93000210,0,769030,0,S,37600,1200,
000010.SZ,000010,20251209,93000210,0,770538,0,S,38100,3000,
000010.SZ,000010,20251209,93000220,0,774680,0,S,37600,1000,
000010.SZ,000010,20251209,93000240,0,781671,0,S,37400,58900,
000010.SZ,000010,20251209,93000250,0,784115,0,S,39200,50000,
000010.SZ,000010,20251209,93000250,0,784538,0,S,39000,13400,
000010.SZ,000010,20251209,93000250,0,785160,0,B,36000,102100,
000010.SZ,000010,20251209,93000260,0,785859,0,B,36600,4300,
000010.SZ,000010,20251209,93000260,0,786608,0,S,39600,2100,
000010.SZ,000010,20251209,93000260,0,787007,0,S,39100,50000,
000010.SZ,000010,20251209,93000260,0,788741,0,B,36900,3000,
000010.SZ,000010,20251209,93000270,0,789882,0,S,38000,700,
000010.SZ,000010,20251209,93000270,0,790185,0,S,39000,50000,
000010.SZ,000010,20251209,93000270,0,790371,0,S,39300,50000,
000010.SZ,000010,20251209,93000280,0,793858,0,S,39400,50000,
000010.SZ,000010,20251209,93000280,0,794937,0,S,38300,3000,
000010.SZ,000010,20251209,93000290,0,795821,0,B,36700,3200,
000010.SZ,000010,20251209,93000290,0,796923,0,S,39500,58500,
000010.SZ,000010,20251209,93000290,0,797559,0,S,38900,9200,
000010.SZ,000010,20251209,93000290,0,798309,0,S,37000,2000,
000010.SZ,000010,20251209,93000300,0,799815,0,B,36400,500,
000010.SZ,000010,20251209,93000310,0,802926,0,S,37500,2000,
000010.SZ,000010,20251209,93000340,0,810072,0,B,36800,3000,
000010.SZ,000010,20251209,93000350,0,814195,0,S,37800,1500,
000010.SZ,000010,20251209,93000390,0,822477,0,S,37400,3300,
000010.SZ,000010,20251209,93000400,0,823272,0,S,39000,3000,
000010.SZ,000010,20251209,93000410,0,824507,0,B,36000,3000,
000010.SZ,000010,20251209,93000430,0,829310,0,B,36000,2200,
000010.SZ,000010,20251209,93000450,0,833277,0,S,37400,33000,
000010.SZ,000010,20251209,93000470,0,836170,0,S,37500,2000,
000010.SZ,000010,20251209,93000480,0,838228,0,B,36600,10000,
000010.SZ,000010,20251209,93000490,0,840831,0,S,37500,3000,
000010.SZ,000010,20251209,93000500,0,841670,0,S,39500,1000,
000010.SZ,000010,20251209,93000530,0,846751,0,B,36200,300,
000010.SZ,000010,20251209,93000550,0,850964,0,S,38800,2000,
000010.SZ,000010,20251209,93000550,0,851395,0,B,37000,1000,
000010.SZ,000010,20251209,93000550,0,851923,0,S,40800,2000,
000010.SZ,000010,20251209,93000590,0,858834,0,S,40800,1800,
000010.SZ,000010,20251209,93000630,0,865731,0,S,37600,400,
000010.SZ,000010,20251209,93000640,0,866118,0,B,36600,600,
000010.SZ,000010,20251209,93000640,0,867160,0,B,36700,1400,
000010.SZ,000010,20251209,93000730,0,881392,0,S,38500,7100,
000010.SZ,000010,20251209,93000760,0,886224,0,B,36600,2400,
000010.SZ,000010,20251209,93000760,0,886732,0,S,37400,2000,
000010.SZ,000010,20251209,93000790,0,891478,0,S,38600,1400,
000010.SZ,000010,20251209,93000790,0,891615,0,B,36600,2800,
000010.SZ,000010,20251209,93000790,0,891914,0,S,38100,10100,
000010.SZ,000010,20251209,93000810,0,895630,0,S,40700,10000,
000010.SZ,000010,20251209,93000820,0,896986,0,B,36500,2600,
000010.SZ,000010,20251209,93000820,0,897545,0,S,37000,76400,
000010.SZ,000010,20251209,93000840,0,899830,0,S,37600,3700,
000010.SZ,000010,20251209,93000840,0,900826,0,S,40700,30000,
000010.SZ,000010,20251209,93000870,0,904589,0,B,36500,6200,
000010.SZ,000010,20251209,93000880,0,905992,0,S,37700,17000,
000010.SZ,000010,20251209,93000880,0,906245,0,S,37600,5000,
000010.SZ,000010,20251209,93000900,0,909524,0,B,35800,2000,
000010.SZ,000010,20251209,93000900,0,909909,0,S,38500,600,
000010.SZ,000010,20251209,93000910,0,910953,0,S,40600,1000,
000010.SZ,000010,20251209,93000940,0,914802,0,S,38300,4800,
000010.SZ,000010,20251209,93000940,0,915771,0,S,38700,20100,
000010.SZ,000010,20251209,93000970,0,919769,0,S,37900,2300,
000010.SZ,000010,20251209,93000980,0,921201,0,B,36700,20000,
000010.SZ,000010,20251209,93000980,0,921825,0,S,38000,15000,
000010.SZ,000010,20251209,93000990,0,923149,0,S,37500,1300,
000010.SZ,000010,20251209,93001020,0,929618,0,S,39100,8100,
000010.SZ,000010,20251209,93001030,0,931669,0,S,37500,12600,
000010.SZ,000010,20251209,93001060,0,935251,0,S,37800,1000,
000010.SZ,000010,20251209,93001080,0,937593,0,S,37700,500,
000010.SZ,000010,20251209,93001100,0,939881,0,B,36000,1000,
000010.SZ,000010,20251209,93001110,0,941173,0,S,37000,1000,
000010.SZ,000010,20251209,93001120,0,942252,0,B,36700,1100,
000010.SZ,000010,20251209,93001140,0,945633,0,B,36500,200,
000010.SZ,000010,20251209,93001150,0,947237,0,S,40800,3000,
000010.SZ,000010,20251209,93001160,0,947696,0,S,40800,1000,
000010.SZ,000010,20251209,93001190,0,950554,0,S,40700,1500,
000010.SZ,000010,20251209,93001200,0,951728,0,S,37100,12600,
000010.SZ,000010,20251209,93001220,0,954322,0,B,36800,10000,
000010.SZ,000010,20251209,93001220,0,954642,0,S,40800,1000,
000010.SZ,000010,20251209,93001220,0,954929,0,B,36800,3000,
000010.SZ,000010,20251209,93001240,0,956445,0,S,37900,10000,
000010.SZ,000010,20251209,93001340,0,964305,0,S,39200,2000,
000010.SZ,000010,20251209,93001370,0,967217,0,B,36600,2000,
000010.SZ,000010,20251209,93001460,0,974978,0,B,36600,9800,
000010.SZ,000010,20251209,93001470,0,975917,0,S,37400,1000,
000010.SZ,000010,20251209,93001490,0,977326,0,B,36500,200,
000010.SZ,000010,20251209,93001520,0,979818,0,B,36600,20000,
000010.SZ,000010,20251209,93001530,0,980692,0,B,36100,300,
000010.SZ,000010,20251209,93001540,0,981293,0,S,39700,400,
000010.SZ,000010,20251209,93001620,0,987473,0,S,38700,7000,
000010.SZ,000010,20251209,93001620,0,988333,0,S,37600,2800,
000010.SZ,000010,20251209,93001630,0,989672,0,B,35900,2400,
000010.SZ,000010,20251209,93001660,0,991878,0,B,36000,1000,
000010.SZ,000010,20251209,93001810,0,1005004,0,B,36800,3000,
000010.SZ,000010,20251209,93001820,0,1005549,0,S,37000,2100,
000010.SZ,000010,20251209,93001840,0,1007582,0,B,36200,10000,
000010.SZ,000010,20251209,93001850,0,1008424,0,S,37000,600,
000010.SZ,000010,20251209,93001900,0,1012863,0,S,37700,1000,
000010.SZ,000010,20251209,93001990,0,1022353,0,B,36500,1000,
000010.SZ,000010,20251209,93002040,0,1028732,0,B,37000,200,
000010.SZ,000010,20251209,93002050,0,1029627,0,S,37300,2400,
000010.SZ,000010,20251209,93002060,0,1031329,0,B,36800,1000,
000010.SZ,000010,20251209,93002090,0,1034187,0,S,38400,1500,
000010.SZ,000010,20251209,93002100,0,1034830,0,S,38000,10900,
000010.SZ,000010,20251209,93002120,0,1036097,0,S,40400,2200,
000010.SZ,000010,20251209,93002140,0,1038667,0,S,37600,3800,
000010.SZ,000010,20251209,93002220,0,1044328,0,S,39300,20000,
000010.SZ,000010,20251209,93002280,0,1048324,0,B,36800,1000,
000010.SZ,000010,20251209,93002310,0,1050127,0,B,36700,2000,
000010.SZ,000010,20251209,93002330,0,1051143,0,S,37100,100,
000010.SZ,000010,20251209,93002340,0,1051633,0,S,38700,1500,
000010.SZ,000010,20251209,93002360,0,1052796,0,S,37900,1000,
000010.SZ,000010,20251209,93002400,0,1054847,0,S,40800,5000,
000010.SZ,000010,20251209,93002420,0,1055843,0,S,39900,2000,
000010.SZ,000010,20251209,93002430,0,1056338,0,S,37100,1700,
000010.SZ,000010,20251209,93002450,0,1058649,0,S,39200,1500,
000010.SZ,000010,20251209,93002510,0,1061494,0,B,36500,200,
000010.SZ,000010,20251209,93002600,0,1067905,0,B,37000,100,
000010.SZ,000010,20251209,93002620,0,1069031,0,S,37800,600,
000010.SZ,000010,20251209,93002620,0,1069349,0,B,36700,5000,
000010.SZ,000010,20251209,93002650,0,1071577,0,B,37100,100,
000010.SZ,000010,20251209,93002660,0,1072205,0,B,33500,400,
000010.SZ,000010,20251209,93002680,0,1073435,0,S,40800,1000,
000010.SZ,000010,20251209,93002740,0,1076830,0,B,36500,600,
000010.SZ,000010,20251209,93002810,0,1080985,0,S,39500,1400,
000010.SZ,000010,20251209,93002810,0,1081307,0,B,36100,7200,
000010.SZ,000010,20251209,93002830,0,1082379,0,B,36600,7000,
000010.SZ,000010,20251209,93002910,0,1087278,0,B,36500,1000,
000010.SZ,000010,20251209,93002980,0,1091670,0,S,39700,1400,
000010.SZ,000010,20251209,93002990,0,1092527,0,S,37600,1000,
000010.SZ,000010,20251209,93003020,0,1095055,0,S,37800,900,
000010.SZ,000010,20251209,93003020,0,1095566,0,B,36500,400,
000010.SZ,000010,20251209,93003020,0,1095642,0,S,40800,2700,
000010.SZ,000010,20251209,93003030,0,1096571,0,S,37700,1000,
000010.SZ,000010,20251209,93003100,0,1101379,0,S,37800,2000,
000010.SZ,000010,20251209,93003110,0,1101619,0,S,37600,5300,
000010.SZ,000010,20251209,93003120,0,1102382,0,S,38500,16700,
000010.SZ,000010,20251209,93003190,0,1108074,0,S,37900,132000,
000010.SZ,000010,20251209,93003230,0,1110635,0,B,37000,100,
000010.SZ,000010,20251209,93003270,0,1112682,0,B,36800,500,
000010.SZ,000010,20251209,93003290,0,1113395,0,B,36700,1000,
000010.SZ,000010,20251209,93003330,0,1114571,0,S,37500,1000,
000010.SZ,000010,20251209,93003430,0,1120237,0,S,40800,8000,
000010.SZ,000010,20251209,93003430,0,1120274,0,B,36700,91100,
000010.SZ,000010,20251209,93003470,0,1122202,0,B,36500,500,
000010.SZ,000010,20251209,93003550,0,1126007,0,S,38600,1000,
000010.SZ,000010,20251209,93003620,0,1130177,0,S,37600,2000,
000010.SZ,000010,20251209,93003680,0,1134076,0,B,37000,2800,
000010.SZ,000010,20251209,93003700,0,1135779,0,S,37100,1200,
000010.SZ,000010,20251209,93003760,0,1139068,0,B,36900,1900,
000010.SZ,000010,20251209,93003940,0,1147416,0,S,37500,4000,
000010.SZ,000010,20251209,93003990,0,1149878,0,S,37900,1200,
000010.SZ,000010,20251209,93004030,0,1153153,0,B,37000,300,
000010.SZ,000010,20251209,93004060,0,1154720,0,S,37500,1000,
000010.SZ,000010,20251209,93004080,0,1155779,0,S,37500,7700,
000010.SZ,000010,20251209,93004090,0,1156189,0,S,39700,1000,
000010.SZ,000010,20251209,93004260,0,1163760,0,S,37400,10000,
000010.SZ,000010,20251209,93004330,0,1165517,0,S,37600,20000,
000010.SZ,000010,20251209,93004440,0,1170421,0,S,40800,50000,
000010.SZ,000010,20251209,93004480,0,1172507,0,S,38000,500,
000010.SZ,000010,20251209,93004480,0,1172642,0,S,37500,5000,
000010.SZ,000010,20251209,93004620,0,1179074,0,S,37500,2500,
000010.SZ,000010,20251209,93004630,0,1179298,0,S,40800,2000,
000010.SZ,000010,20251209,93004720,0,1183479,0,S,38000,400,
000010.SZ,000010,20251209,93004760,0,1185281,0,B,36800,3000,
000010.SZ,000010,20251209,93004800,0,1186390,0,S,37500,10000,
000010.SZ,000010,20251209,93004810,0,1186670,0,S,37400,20000,
000010.SZ,000010,20251209,93004920,0,1190670,0,B,36200,5300,
000010.SZ,000010,20251209,93005030,0,1196297,0,S,37900,3000,
000010.SZ,000010,20251209,93005030,0,1196700,0,B,36700,10000,
000010.SZ,000010,20251209,93005040,0,1197630,0,S,38500,1000,
000010.SZ,000010,20251209,93005050,0,1198421,0,S,38800,1000,
000010.SZ,000010,20251209,93005260,0,1204459,0,S,37500,3000,
000010.SZ,000010,20251209,93005410,0,1207503,0,S,40400,5000,
000010.SZ,000010,20251209,93005790,0,1217632,0,B,36600,1000,
000010.SZ,000010,20251209,93005790,0,1217879,0,B,36800,500,
000010.SZ,000010,20251209,93005830,0,1219032,0,B,36900,500,
000010.SZ,000010,20251209,93006000,0,1224895,0,S,39000,1000,
000010.SZ,000010,20251209,93006030,0,1226050,0,S,38100,2000,
000010.SZ,000010,20251209,93006050,0,1227630,0,B,35900,2000,
000010.SZ,000010,20251209,93006080,0,1228686,0,S,39500,1000,
000010.SZ,000010,20251209,93006730,0,1248949,0,S,37000,800,
000010.SZ,000010,20251209,93007010,0,1256388,0,S,37400,6000,
000010.SZ,000010,20251209,93007090,0,1259592,0,S,40000,1000,
000010.SZ,000010,20251209,93007110,0,1260010,0,B,36500,3000,
000010.SZ,000010,20251209,93007140,0,1260775,0,S,37000,100,
000010.SZ,000010,20251209,93007290,0,1263476,0,S,38000,9700,
000010.SZ,000010,20251209,93007550,0,1270534,0,S,37200,3000,
000010.SZ,000010,20251209,93007650,0,1273604,0,S,37000,600,
000010.SZ,000010,20251209,93008670,0,1292575,0,S,37500,800,
000010.SZ,000010,20251209,93008790,0,1294034,0,S,38000,300,
000010.SZ,000010,20251209,93009570,0,1310754,0,B,36200,5000,
000010.SZ,000010,20251209,93009900,0,1318265,0,S,36900,2800,
000010.SZ,000010,20251209,93010090,0,1321631,0,S,37100,1000,
000010.SZ,000010,20251209,93010390,0,1327655,0,S,37000,100,
000010.SZ,000010,20251209,93010470,0,1329823,0,S,37300,5400,
000010.SZ,000010,20251209,93011710,0,1347572,0,S,37200,10800,
000010.SZ,000010,20251209,93012640,0,1362267,0,S,37800,20000,
000010.SZ,000010,20251209,93012690,0,1363458,0,B,36900,100,
000010.SZ,000010,20251209,93012800,0,1367044,0,S,36900,13100,
000010.SZ,000010,20251209,93013810,0,1384828,0,S,37000,100,
000010.SZ,000010,20251209,93014210,0,1390194,0,S,37000,100,
000010.SZ,000010,20251209,93015220,0,1402063,0,S,36900,21500,
000010.SZ,000010,20251209,93015220,0,1402132,0,S,36900,8600,
000010.SZ,000010,20251209,93015260,0,1402822,0,B,36800,600,
000010.SZ,000010,20251209,93015270,0,1403193,0,S,37000,100,
000010.SZ,000010,20251209,93017780,0,1450853,0,B,36600,3000,
000010.SZ,000010,20251209,93017970,0,1452584,0,S,36900,100,
000010.SZ,000010,20251209,93019280,0,1476720,0,S,36900,6800,
000010.SZ,000010,20251209,93019720,0,1484663,0,S,38600,2000,
000010.SZ,000010,20251209,93020770,0,1498621,0,B,36500,10000,
000010.SZ,000010,20251209,93020970,0,1500814,0,B,36900,9500,
000010.SZ,000010,20251209,93021150,0,1502878,0,S,36900,2300,
000010.SZ,000010,20251209,93021850,0,1518296,0,S,37900,10000,
000010.SZ,000010,20251209,93023510,0,1543662,0,S,37800,300,
000010.SZ,000010,20251209,93024140,0,1550411,0,S,36900,5200,
000010.SZ,000010,20251209,93024170,0,1551053,0,S,36900,100,
000010.SZ,000010,20251209,93024200,0,1551376,0,S,36900,100,
000010.SZ,000010,20251209,93024310,0,1553261,0,S,36900,400,
000010.SZ,000010,20251209,93024750,0,1562772,0,S,36900,5000,
000010.SZ,000010,20251209,93024750,0,1562848,0,S,38900,9000,
000010.SZ,000010,20251209,93025300,0,1571810,0,B,34100,5800,
000010.SZ,000010,20251209,93026630,0,1589674,0,S,37900,1500,
000010.SZ,000010,20251209,93027300,0,1597354,0,S,36900,200,
000010.SZ,000010,20251209,93027320,0,1598054,0,S,36900,100,
000010.SZ,000010,20251209,93027320,0,1598210,0,S,36900,100,
000010.SZ,000010,20251209,93027330,0,1598415,0,S,36900,600,
000010.SZ,000010,20251209,93027330,0,1598520,0,S,36900,100,
000010.SZ,000010,20251209,93027340,0,1598610,0,S,36900,100,
000010.SZ,000010,20251209,93029120,0,1628486,0,S,36900,1200,
000010.SZ,000010,20251209,93029210,0,1629967,0,S,36900,100,
000010.SZ,000010,20251209,93029410,0,1632442,0,B,36600,4300,
000010.SZ,000010,20251209,93030390,0,1647104,0,B,36800,600,
000010.SZ,000010,20251209,93030490,0,1649727,0,B,36800,300,
000010.SZ,000010,20251209,93030500,0,1649985,0,B,36800,200,
000010.SZ,000010,20251209,93030580,0,1651311,0,B,36800,700,
000010.SZ,000010,20251209,93030610,0,1651748,0,B,36800,600,
000010.SZ,000010,20251209,93030680,0,1653101,0,B,36800,400,
000010.SZ,000010,20251209,93030680,0,1653205,0,S,36900,300,
000010.SZ,000010,20251209,93030780,0,1655357,0,B,36500,5000,
000010.SZ,000010,20251209,93031390,0,1666023,0,S,38000,10000,
000010.SZ,000010,20251209,93032800,0,1686429,0,S,37600,5000,
000010.SZ,000010,20251209,93033180,0,1690836,0,B,36900,200,
000010.SZ,000010,20251209,93033870,0,1704462,0,S,37000,900,
000010.SZ,000010,20251209,93035350,0,1728142,0,B,36800,3000,
000010.SZ,000010,20251209,93035380,0,1728721,0,S,36900,500,
000010.SZ,000010,20251209,93035880,0,1735853,0,B,36900,100,
000010.SZ,000010,20251209,93036000,0,1737473,0,B,36900,100,
000010.SZ,000010,20251209,93036710,0,1753501,0,B,36700,43900,
000010.SZ,000010,20251209,93037700,0,1773601,0,S,36900,200,
000010.SZ,000010,20251209,93038530,0,1784638,0,S,36800,1300,
000010.SZ,000010,20251209,93039200,0,1796640,0,B,36800,20000,
000010.SZ,000010,20251209,93040030,0,1814934,0,B,36500,1000,
000010.SZ,000010,20251209,93040340,0,1821380,0,S,37900,3300,
000010.SZ,000010,20251209,93041350,0,1840112,0,S,38000,5500,
000010.SZ,000010,20251209,93042180,0,1854565,0,S,36800,300,
000010.SZ,000010,20251209,93042940,0,1871227,0,B,37100,200,
000010.SZ,000010,20251209,93043230,0,1876594,0,S,38000,4000,
000010.SZ,000010,20251209,93043240,0,1876897,0,B,36800,700,
000010.SZ,000010,20251209,93043250,0,1877056,0,B,36800,200,
000010.SZ,000010,20251209,93043250,0,1877059,0,B,36800,600,
000010.SZ,000010,20251209,93043270,0,1877463,0,B,36800,900,
000010.SZ,000010,20251209,93043300,0,1877914,0,B,36800,900,
000010.SZ,000010,20251209,93043330,0,1878604,0,B,36800,300,
000010.SZ,000010,20251209,93043380,0,1879937,0,B,36800,200,
000010.SZ,000010,20251209,93043420,0,1881241,0,B,36500,2000,
000010.SZ,000010,20251209,93043690,0,1886163,0,B,36800,900,
000010.SZ,000010,20251209,93044150,0,1894496,0,B,36800,100,
000010.SZ,000010,20251209,93044150,0,1894497,0,B,36800,1100,
000010.SZ,000010,20251209,93044150,0,1894498,0,B,36800,100,
000010.SZ,000010,20251209,93044150,0,1894505,0,B,36800,1500,
000010.SZ,000010,20251209,93044150,0,1894507,0,B,36800,600,
000010.SZ,000010,20251209,93044390,0,1899609,0,S,36900,4700,
000010.SZ,000010,20251209,93044390,0,1899610,0,S,36900,1900,
000010.SZ,000010,20251209,93045230,0,1917446,0,B,36800,100,
000010.SZ,000010,20251209,93045270,0,1918380,0,B,36800,900,
000010.SZ,000010,20251209,93045290,0,1918835,0,B,36800,900,
000010.SZ,000010,20251209,93045980,0,1931464,0,B,36800,100,
000010.SZ,000010,20251209,93046000,0,1931809,0,B,36800,100,
000010.SZ,000010,20251209,93046000,0,1931826,0,B,36800,500,
000010.SZ,000010,20251209,93046960,0,1949960,0,S,36900,1700,
000010.SZ,000010,20251209,93047720,0,1960294,0,S,38000,2000,
000010.SZ,000010,20251209,93048630,0,1973733,0,B,36500,10000,
000010.SZ,000010,20251209,93049890,0,1993952,0,S,36800,62800,
000010.SZ,000010,20251209,93049900,0,1994071,0,B,36800,800,
000010.SZ,000010,20251209,93050020,0,1995690,0,B,36800,10600,
000010.SZ,000010,20251209,93050050,0,1996142,0,B,36700,300,
000010.SZ,000010,20251209,93050830,0,2006420,0,B,37000,17000,
000010.SZ,000010,20251209,93051000,0,2008330,0,B,36800,200,
000010.SZ,000010,20251209,93051010,0,2008441,0,B,36900,700,
000010.SZ,000010,20251209,93051010,0,2008446,0,S,36900,200,
000010.SZ,000010,20251209,93051010,0,2008448,0,B,36900,300,
000010.SZ,000010,20251209,93051010,0,2008449,0,B,36900,600,
000010.SZ,000010,20251209,93051020,0,2008459,0,B,36900,200,
000010.SZ,000010,20251209,93051020,0,2008460,0,B,36900,400,
000010.SZ,000010,20251209,93051020,0,2008484,0,B,36900,600,
000010.SZ,000010,20251209,93051270,0,2012624,0,B,36900,5200,
000010.SZ,000010,20251209,93052750,0,2034419,0,B,36800,55200,
000010.SZ,000010,20251209,93052990,0,2037337,0,B,36900,500,
000010.SZ,000010,20251209,93053410,0,2042467,0,S,38700,500,
000010.SZ,000010,20251209,93053500,0,2043459,0,B,36800,2000,
000010.SZ,000010,20251209,93054150,0,2051756,0,B,36900,600,
000010.SZ,000010,20251209,93054580,0,2058979,0,B,36900,1000,
000010.SZ,000010,20251209,93056240,0,2082763,0,B,36900,700,
000010.SZ,000010,20251209,93056240,0,2082866,0,B,36900,200,
000010.SZ,000010,20251209,93056280,0,2083451,0,B,36900,600,
000010.SZ,000010,20251209,93057350,0,2096661,0,B,36500,300,
000010.SZ,000010,20251209,93057480,0,2098616,0,B,36900,500,
000010.SZ,000010,20251209,93058000,0,2105497,0,B,36000,8600,
000010.SZ,000010,20251209,93058150,0,2107463,0,B,36900,1500,
000010.SZ,000010,20251209,93058890,0,2117197,0,S,36900,700,
000010.SZ,000010,20251209,93058990,0,2118288,0,B,36900,100,
000010.SZ,000010,20251209,93059140,0,2119921,0,S,37000,1000,
000010.SZ,000010,20251209,93100150,0,2132149,0,S,37000,800,
000010.SZ,000010,20251209,93100300,0,2134958,0,B,36800,1000,
000010.SZ,000010,20251209,93100620,0,2142567,0,S,36900,7200,
000010.SZ,000010,20251209,93101270,0,2155717,0,B,36900,5500,
000010.SZ,000010,20251209,93103120,0,2183508,0,S,37100,8100,
000010.SZ,000010,20251209,93103320,0,2187125,0,B,36500,2000,
000010.SZ,000010,20251209,93103880,0,2197152,0,B,36600,5000,
000010.SZ,000010,20251209,93104430,0,2205991,0,B,36000,5000,
000010.SZ,000010,20251209,93104450,0,2206213,0,B,36000,3200,
000010.SZ,000010,20251209,93105150,0,2216881,0,B,36900,1100,
000010.SZ,000010,20251209,93105600,0,2223161,0,B,36500,50000,
000010.SZ,000010,20251209,93106560,0,2236984,0,B,36900,100,
000010.SZ,000010,20251209,93106870,0,2242713,0,B,36900,2800,
000010.SZ,000010,20251209,93107510,0,2253613,0,S,37000,200,
000010.SZ,000010,20251209,93107540,0,2253958,0,B,36800,500,
000010.SZ,000010,20251209,93108620,0,2268375,0,B,36500,5000,
000010.SZ,000010,20251209,93109500,0,2280179,0,B,36700,3000,
000010.SZ,000010,20251209,93110760,0,2300481,0,B,36800,9000,
000010.SZ,000010,20251209,93111220,0,2306358,0,B,36400,1000,
000010.SZ,000010,20251209,93111480,0,2309611,0,B,36800,100,
000010.SZ,000010,20251209,93111740,0,2313022,0,B,36500,1000,
000010.SZ,000010,20251209,93112270,0,2320026,0,S,37000,200,
000010.SZ,000010,20251209,93113320,0,2338333,0,S,37000,4600,
000010.SZ,000010,20251209,93113570,0,2342433,0,S,37000,7200,
000010.SZ,000010,20251209,93114040,0,2348245,0,S,36900,1700,
000010.SZ,000010,20251209,93114430,0,2353270,0,B,36500,1000,
000010.SZ,000010,20251209,93115110,0,2360372,0,S,39600,300,
000010.SZ,000010,20251209,93116710,0,2382600,0,B,36700,500,
000010.SZ,000010,20251209,93116940,0,2385107,0,S,37000,10000,
000010.SZ,000010,20251209,93117500,0,2391836,0,S,38300,132100,
000010.SZ,000010,20251209,93117670,0,2393653,0,S,37500,2000,
000010.SZ,000010,20251209,93117810,0,2395193,0,B,36500,5000,
000010.SZ,000010,20251209,93118020,0,2397699,0,B,36600,4000,
000010.SZ,000010,20251209,93118090,0,2398649,0,B,37000,100,
000010.SZ,000010,20251209,93120400,0,2429122,0,B,36500,9100,
000010.SZ,000010,20251209,93120540,0,2430688,0,S,38900,1000,
000010.SZ,000010,20251209,93120590,0,2431232,0,S,37900,2000,
000010.SZ,000010,20251209,93121210,0,2438585,0,S,37600,8700,
000010.SZ,000010,20251209,93121750,0,2446073,0,S,37600,6000,
000010.SZ,000010,20251209,93122260,0,2452945,0,B,36900,100,
000010.SZ,000010,20251209,93123020,0,2462745,0,B,36800,2500,
000010.SZ,000010,20251209,93126750,0,2513169,0,S,36900,4600,
000010.SZ,000010,20251209,93127050,0,2516585,0,B,36800,1000,
000010.SZ,000010,20251209,93127150,0,2518026,0,B,36900,600,
000010.SZ,000010,20251209,93127180,0,2518398,0,B,36000,4600,
000010.SZ,000010,20251209,93127490,0,2523288,0,B,36500,3000,
000010.SZ,000010,20251209,93128470,0,2537117,0,B,35800,1000,
000010.SZ,000010,20251209,93129370,0,2548355,0,S,37700,2500,
000010.SZ,000010,20251209,93130370,0,2559924,0,B,36200,1300,
000010.SZ,000010,20251209,93130680,0,2564345,0,S,36900,100,
000010.SZ,000010,20251209,93132180,0,2583009,0,B,36900,2000,
000010.SZ,000010,20251209,93132650,0,2588217,0,S,39300,400,
000010.SZ,000010,20251209,93132930,0,2590737,0,B,36900,100,
000010.SZ,000010,20251209,93133120,0,2592849,0,S,37400,1200,
000010.SZ,000010,20251209,93135180,0,2619396,0,B,35900,10000,
000010.SZ,000010,20251209,93135200,0,2619584,0,B,36800,5000,
000010.SZ,000010,20251209,93136240,0,2630451,0,S,38400,5000,
000010.SZ,000010,20251209,93138310,0,2657896,0,B,36600,2500,
000010.SZ,000010,20251209,93139990,0,2677782,0,S,36900,200,
000010.SZ,000010,20251209,93141280,0,2695412,0,S,37900,2000,
000010.SZ,000010,20251209,93142220,0,2707335,0,B,36800,13400,
000010.SZ,000010,20251209,93142890,0,2718025,0,B,36000,500,
000010.SZ,000010,20251209,93143540,0,2727702,0,B,36900,4000,
000010.SZ,000010,20251209,93146240,0,2766003,0,B,36600,2000,
000010.SZ,000010,20251209,93146530,0,2770968,0,B,33500,3000,
000010.SZ,000010,20251209,93147780,0,2786717,0,B,36500,100000,
000010.SZ,000010,20251209,93148170,0,2791130,0,S,39300,25000,
000010.SZ,000010,20251209,93150500,0,2821969,0,B,36800,200,
000010.SZ,000010,20251209,93150790,0,2825091,0,S,37200,10000,
000010.SZ,000010,20251209,93151190,0,2829151,0,B,36900,50000,
000010.SZ,000010,20251209,93151280,0,2830350,0,S,37100,1500,
000010.SZ,000010,20251209,93154050,0,2864650,0,B,36900,1000,
000010.SZ,000010,20251209,93155310,0,2880013,0,S,37000,2800,
000010.SZ,000010,20251209,93155850,0,2886854,0,B,36600,1000,
000010.SZ,000010,20251209,93155920,0,2887659,0,S,36900,3000,
000010.SZ,000010,20251209,93155970,0,2888592,0,B,36600,500,
000010.SZ,000010,20251209,93156380,0,2893398,0,S,37000,28200,
000010.SZ,000010,20251209,93156860,0,2899082,0,B,36100,5000,
000010.SZ,000010,20251209,93157440,0,2905984,0,S,40800,2500,
000010.SZ,000010,20251209,93157530,0,2907224,0,S,40800,100,
000010.SZ,000010,20251209,93158560,0,2919762,0,B,36500,10000,
000010.SZ,000010,20251209,93158960,0,2924029,0,B,36400,1500,
000010.SZ,000010,20251209,93200020,0,2935018,0,B,36700,7000,
000010.SZ,000010,20251209,93200040,0,2935460,0,S,37000,4800,
000010.SZ,000010,20251209,93200510,0,2942849,0,B,36900,300,
000010.SZ,000010,20251209,93200600,0,2944659,0,B,36900,100,
000010.SZ,000010,20251209,93200610,0,2944910,0,B,37000,5500,
000010.SZ,000010,20251209,93202090,0,2966753,0,B,36000,200,
000010.SZ,000010,20251209,93203500,0,2983583,0,S,40200,800,
000010.SZ,000010,20251209,93203730,0,2986538,0,B,36800,1500,
000010.SZ,000010,20251209,93204330,0,2995254,0,B,36800,2000,
000010.SZ,000010,20251209,93206490,0,3021924,0,B,36800,700,
000010.SZ,000010,20251209,93206560,0,3023180,0,B,36500,1800,
000010.SZ,000010,20251209,93206630,0,3024048,0,B,36000,500,
000010.SZ,000010,20251209,93206870,0,3026757,0,B,36800,1000,
000010.SZ,000010,20251209,93207340,0,3032841,0,S,36900,10300,
000010.SZ,000010,20251209,93207580,0,3035969,0,S,37000,100,
000010.SZ,000010,20251209,93207580,0,3036008,0,S,37000,100,
000010.SZ,000010,20251209,93208350,0,3045237,0,B,36900,1600,
000010.SZ,000010,20251209,93209570,0,3058814,0,B,36900,10000,
000010.SZ,000010,20251209,93210950,0,3075716,0,B,36900,6000,
000010.SZ,000010,20251209,93211380,0,3080773,0,B,36500,500,
000010.SZ,000010,20251209,93212390,0,3091834,0,B,36500,5000,
000010.SZ,000010,20251209,93213190,0,3104665,0,S,36900,64200,
000010.SZ,000010,20251209,93213700,0,3114125,0,B,36500,500,
000010.SZ,000010,20251209,93215140,0,3136436,0,S,37800,70400,
000010.SZ,000010,20251209,93215530,0,3143112,0,B,37000,200,
000010.SZ,000010,20251209,93215960,0,3149863,0,S,36900,100,
000010.SZ,000010,20251209,93217420,0,3172862,0,S,38500,2000,
000010.SZ,000010,20251209,93217430,0,3172972,0,S,37000,100,
000010.SZ,000010,20251209,93217450,0,3173232,0,S,37000,100,
000010.SZ,000010,20251209,93217450,0,3173237,0,S,37000,100,
000010.SZ,000010,20251209,93217470,0,3173543,0,S,37300,10000,
000010.SZ,000010,20251209,93217730,0,3176436,0,S,36900,7000,
000010.SZ,000010,20251209,93217740,0,3176624,0,B,36800,200,
000010.SZ,000010,20251209,93217740,0,3176625,0,B,36800,200,
000010.SZ,000010,20251209,93217750,0,3176666,0,S,36900,100,
000010.SZ,000010,20251209,93217800,0,3177312,0,S,36900,100,
000010.SZ,000010,20251209,93218070,0,3180246,U,B,0,1000,
000010.SZ,000010,20251209,93218080,0,3180445,0,S,36900,100,
000010.SZ,000010,20251209,93218940,0,3192070,0,S,38500,300,
000010.SZ,000010,20251209,93218950,0,3192158,0,S,36900,100,
000010.SZ,000010,20251209,93219680,0,3201216,0,B,36700,2000,
000010.SZ,000010,20251209,93220260,0,3207825,0,B,36600,100,
000010.SZ,000010,20251209,93220550,0,3211089,0,S,36900,266100,
000010.SZ,000010,20251209,93220870,0,3214684,0,B,36500,10000,
000010.SZ,000010,20251209,93222780,0,3239306,0,B,36900,20000,
000010.SZ,000010,20251209,93223240,0,3244914,0,B,36900,2500,
000010.SZ,000010,20251209,93223400,0,3246982,0,B,36000,500,
000010.SZ,000010,20251209,93224400,0,3258736,0,S,37900,5000,
000010.SZ,000010,20251209,93224430,0,3259161,0,B,36900,50000,
000010.SZ,000010,20251209,93224440,0,3259215,0,B,36800,200,
000010.SZ,000010,20251209,93224460,0,3259481,0,B,36900,9500,
000010.SZ,000010,20251209,93224920,0,3265592,0,S,36800,100,
000010.SZ,000010,20251209,93224990,0,3266370,0,B,36800,100,
000010.SZ,000010,20251209,93225840,0,3278712,0,S,37800,40100,
000010.SZ,000010,20251209,93226330,0,3284298,0,S,37000,3000,
000010.SZ,000010,20251209,93227220,0,3294698,0,B,36100,1000,
000010.SZ,000010,20251209,93227260,0,3295368,0,S,36800,23800,
000010.SZ,000010,20251209,93227560,0,3299077,0,B,35700,3300,
000010.SZ,000010,20251209,93227800,0,3302308,0,B,36800,100,
000010.SZ,000010,20251209,93228610,0,3312439,0,B,36800,300,
000010.SZ,000010,20251209,93228670,0,3313173,0,B,36000,1000,
000010.SZ,000010,20251209,93228790,0,3314531,0,B,36300,100000,
000010.SZ,000010,20251209,93229360,0,3321242,0,B,33400,1000,
000010.SZ,000010,20251209,93230020,0,3327999,0,B,36800,2700,
000010.SZ,000010,20251209,93231170,0,3342688,0,B,36800,3000,
000010.SZ,000010,20251209,93231690,0,3350044,0,S,37700,5000,
000010.SZ,000010,20251209,93233310,0,3368340,0,S,38000,5000,
000010.SZ,000010,20251209,93233730,0,3374434,0,S,37100,1100,
000010.SZ,000010,20251209,93233820,0,3375652,0,S,36800,8400,
000010.SZ,000010,20251209,93236100,0,3401949,0,B,36900,3000,
000010.SZ,000010,20251209,93236220,0,3403433,0,S,36900,18200,
000010.SZ,000010,20251209,93236370,0,3405392,0,B,36600,2100,
000010.SZ,000010,20251209,93236370,0,3405466,0,S,36900,100,
000010.SZ,000010,20251209,93236370,0,3405467,0,S,36900,100,
000010.SZ,000010,20251209,93236380,0,3405479,0,S,36900,100,
000010.SZ,000010,20251209,93237280,0,3417586,0,S,40800,1700,
000010.SZ,000010,20251209,93238730,0,3433449,0,B,36900,3000,
000010.SZ,000010,20251209,93239120,0,3437420,0,B,36500,2000,
000010.SZ,000010,20251209,93239150,0,3437871,0,S,37100,5000,
000010.SZ,000010,20251209,93239380,0,3440744,0,S,36800,10000,
000010.SZ,000010,20251209,93239720,0,3445256,0,B,36800,600,
000010.SZ,000010,20251209,93240600,0,3455886,0,S,36800,1000,
000010.SZ,000010,20251209,93241990,0,3470805,0,B,36800,1000,
000010.SZ,000010,20251209,93242370,0,3475271,0,B,36500,1000,
000010.SZ,000010,20251209,93242830,0,3480411,0,B,36600,600,
000010.SZ,000010,20251209,93243900,0,3492528,0,S,37900,1500,
000010.SZ,000010,20251209,93244590,0,3499185,0,B,36800,1000,
000010.SZ,000010,20251209,93244740,0,3500406,0,S,36900,31800,
000010.SZ,000010,20251209,93246690,0,3522426,0,B,36500,10000,
000010.SZ,000010,20251209,93246860,0,3523816,0,B,36800,50000,
000010.SZ,000010,20251209,93248160,0,3535617,0,B,36800,3000,
000010.SZ,000010,20251209,93248530,0,3540024,0,B,36700,7800,
000010.SZ,000010,20251209,93249410,0,3550474,0,B,36400,2000,
000010.SZ,000010,20251209,93250330,0,3560201,0,S,38700,200,
000010.SZ,000010,20251209,93253990,0,3598237,0,S,36900,1500,
000010.SZ,000010,20251209,93254030,0,3598633,0,B,36500,1500,
000010.SZ,000010,20251209,93254160,0,3599847,0,S,36900,900,
000010.SZ,000010,20251209,93254400,0,3602299,0,B,36800,1000,
000010.SZ,000010,20251209,93254500,0,3603375,0,S,36800,40000,
000010.SZ,000010,20251209,93254720,0,3606144,0,S,40800,200,
000010.SZ,000010,20251209,93255260,0,3611274,0,S,40800,1500,
000010.SZ,000010,20251209,93255770,0,3617153,0,B,36800,500,
000010.SZ,000010,20251209,93256040,0,3619682,0,B,36700,2800,
000010.SZ,000010,20251209,93258380,0,3645227,0,S,38000,100,
000010.SZ,000010,20251209,93258470,0,3645937,0,B,36900,1100,
000010.SZ,000010,20251209,93300260,0,3664251,0,S,36900,400,
000010.SZ,000010,20251209,93300810,0,3672992,0,B,36600,1000,
000010.SZ,000010,20251209,93301990,0,3686531,0,B,36500,200,
000010.SZ,000010,20251209,93303640,0,3704131,0,B,36800,500,
000010.SZ,000010,20251209,93304950,0,3720107,0,B,36900,300,
000010.SZ,000010,20251209,93305050,0,3721541,0,S,37000,9800,
000010.SZ,000010,20251209,93306300,0,3735702,0,B,36800,1000,
000010.SZ,000010,20251209,93306370,0,3736455,0,S,38200,9000,
000010.SZ,000010,20251209,93307390,0,3748582,0,B,36800,1000,
000010.SZ,000010,20251209,93307520,0,3750110,0,B,36800,3300,
000010.SZ,000010,20251209,93307600,0,3751181,0,S,36900,100,
000010.SZ,000010,20251209,93307620,0,3751510,0,B,36900,1000,
000010.SZ,000010,20251209,93307700,0,3752469,0,B,36800,600,
000010.SZ,000010,20251209,93307860,0,3754407,0,S,36900,83100,
000010.SZ,000010,20251209,93307930,0,3755075,0,B,36500,5000,
000010.SZ,000010,20251209,93308550,0,3761778,0,B,36700,3000,
000010.SZ,000010,20251209,93308640,0,3763079,0,B,36700,1000,
000010.SZ,000010,20251209,93308760,0,3764124,0,B,33400,1900,
000010.SZ,000010,20251209,93309040,0,3767638,0,S,37900,500,
000010.SZ,000010,20251209,93310430,0,3783278,0,B,36800,6000,
000010.SZ,000010,20251209,93311550,0,3794444,0,B,36600,2000,
000010.SZ,000010,20251209,93311620,0,3795071,0,B,36500,4700,
000010.SZ,000010,20251209,93311650,0,3795290,0,B,36800,1000,
000010.SZ,000010,20251209,93312230,0,3800272,0,S,36900,300,
000010.SZ,000010,20251209,93312230,0,3800355,0,S,36900,3000,
000010.SZ,000010,20251209,93312280,0,3800841,0,B,36500,1000,
000010.SZ,000010,20251209,93312410,0,3802245,0,B,36700,50000,
000010.SZ,000010,20251209,93314590,0,3825306,0,B,36700,4000,
000010.SZ,000010,20251209,93315270,0,3831734,0,S,37200,2900,
000010.SZ,000010,20251209,93315530,0,3834420,0,B,36800,1000,
000010.SZ,000010,20251209,93316020,0,3839943,0,S,36800,72900,
000010.SZ,000010,20251209,93317260,0,3852510,0,B,36000,500,
000010.SZ,000010,20251209,93317300,0,3852930,0,S,36800,7100,
000010.SZ,000010,20251209,93317340,0,3853328,0,B,36600,1200,
000010.SZ,000010,20251209,93317540,0,3855358,0,S,40700,1000,
000010.SZ,000010,20251209,93317600,0,3855842,0,S,37500,1200,
000010.SZ,000010,20251209,93317830,0,3857801,0,B,36900,1100,
000010.SZ,000010,20251209,93318140,0,3860728,0,B,36000,5600,
000010.SZ,000010,20251209,93318160,0,3860948,0,S,36900,4700,
000010.SZ,000010,20251209,93318610,0,3865330,0,S,36800,100,
000010.SZ,000010,20251209,93320680,0,3886305,0,S,38000,10000,
000010.SZ,000010,20251209,93321810,0,3896764,0,B,36500,300,
000010.SZ,000010,20251209,93323120,0,3909804,0,B,36800,1000,
000010.SZ,000010,20251209,93323320,0,3911487,0,B,35900,400,
000010.SZ,000010,20251209,93324850,0,3926118,0,S,38000,2700,
000010.SZ,000010,20251209,93325760,0,3935657,0,S,37900,5000,
000010.SZ,000010,20251209,93326030,0,3938164,0,S,37900,15000,
000010.SZ,000010,20251209,93327030,0,3947249,0,S,38600,5500,
000010.SZ,000010,20251209,93327920,0,3955931,0,S,40800,5000,
000010.SZ,000010,20251209,93328530,0,3963112,0,S,39000,10000,
000010.SZ,000010,20251209,93329680,0,3972909,0,B,36300,700,
000010.SZ,000010,20251209,93329920,0,3974912,0,B,36300,2000,
000010.SZ,000010,20251209,93330030,0,3975995,0,B,36100,2000,
000010.SZ,000010,20251209,93331260,0,3988434,0,B,36500,1000,
000010.SZ,000010,20251209,93332060,0,3996187,0,S,37500,5000,
000010.SZ,000010,20251209,93332280,0,3998192,0,B,36700,50000,
000010.SZ,000010,20251209,93333520,0,4009584,0,S,37200,12400,
000010.SZ,000010,20251209,93333920,0,4013329,0,S,40000,20000,
000010.SZ,000010,20251209,93334310,0,4017265,0,B,36600,2000,
000010.SZ,000010,20251209,93334690,0,4020937,0,B,36600,3300,
000010.SZ,000010,20251209,93335250,0,4025890,0,S,37800,5000,
000010.SZ,000010,20251209,93336240,0,4033772,0,B,36900,1000,
000010.SZ,000010,20251209,93336630,0,4037660,0,B,36800,30000,
000010.SZ,000010,20251209,93339530,0,4066053,0,B,36500,2000,
000010.SZ,000010,20251209,93339860,0,4069436,0,B,36800,6000,
000010.SZ,000010,20251209,93340670,0,4079259,0,B,36300,500,
000010.SZ,000010,20251209,93341110,0,4083469,0,B,36000,200,
000010.SZ,000010,20251209,93341170,0,4084032,0,B,36800,600,
000010.SZ,000010,20251209,93341390,0,4086434,0,B,36700,3000,
000010.SZ,000010,20251209,93342580,0,4098390,0,B,36600,5000,
000010.SZ,000010,20251209,93343470,0,4108267,0,S,37100,10000,
000010.SZ,000010,20251209,93343650,0,4110390,0,S,39900,600,
000010.SZ,000010,20251209,93343810,0,4112167,0,B,36900,700,
000010.SZ,000010,20251209,93343840,0,4112432,0,B,36800,900,
000010.SZ,000010,20251209,93344100,0,4114938,0,B,36000,1000,
000010.SZ,000010,20251209,93344410,0,4118118,0,B,36000,2000,
000010.SZ,000010,20251209,93345840,0,4131602,0,B,36900,3300,
000010.SZ,000010,20251209,93346500,0,4139048,0,S,39900,1000,
000010.SZ,000010,20251209,93347190,0,4145846,0,S,40000,400,
000010.SZ,000010,20251209,93347630,0,4150308,0,S,38000,19400,
000010.SZ,000010,20251209,93348170,0,4155407,0,B,36800,100,
000010.SZ,000010,20251209,93351730,0,4191580,0,B,36500,3000,
000010.SZ,000010,20251209,93352460,0,4199414,0,B,36800,200,
000010.SZ,000010,20251209,93353170,0,4205996,0,B,36800,100,
000010.SZ,000010,20251209,93353350,0,4207946,0,S,36900,50000,
000010.SZ,000010,20251209,93353990,0,4214169,0,B,36200,500,
000010.SZ,000010,20251209,93354760,0,4221964,0,B,36800,7800,
000010.SZ,000010,20251209,93354900,0,4223141,0,S,37000,1900,
000010.SZ,000010,20251209,93355460,0,4228710,0,B,36700,3300,
000010.SZ,000010,20251209,93356970,0,4241634,0,B,36800,100,
000010.SZ,000010,20251209,93357240,0,4243800,0,S,36900,500,
000010.SZ,000010,20251209,93357580,0,4247206,0,B,36500,42200,
000010.SZ,000010,20251209,93357900,0,4250691,0,B,36900,100,
000010.SZ,000010,20251209,93358140,0,4253119,0,B,36900,100,
000010.SZ,000010,20251209,93358240,0,4254172,0,B,36900,100,
000010.SZ,000010,20251209,93359880,0,4269059,0,S,38500,19400,
000010.SZ,000010,20251209,93400900,0,4281536,0,B,36800,2500,
000010.SZ,000010,20251209,93401020,0,4283184,0,B,35000,1000,
000010.SZ,000010,20251209,93403090,0,4303620,0,S,38100,3300,
000010.SZ,000010,20251209,93403290,0,4305422,0,S,38000,6400,
000010.SZ,000010,20251209,93404320,0,4316544,0,B,36800,1000,
000010.SZ,000010,20251209,93407730,0,4350249,0,S,36800,500,
000010.SZ,000010,20251209,93408360,0,4355939,0,B,36700,2000,
000010.SZ,000010,20251209,93408450,0,4356860,0,B,36700,1000,
000010.SZ,000010,20251209,93409320,0,4364753,0,B,36800,500,
000010.SZ,000010,20251209,93409320,0,4364763,0,B,36800,1000,
000010.SZ,000010,20251209,93409320,0,4364770,0,B,36800,1000,
000010.SZ,000010,20251209,93409760,0,4369072,0,S,36900,17400,
000010.SZ,000010,20251209,93410430,0,4375482,0,B,36700,20000,
000010.SZ,000010,20251209,93410640,0,4377523,0,S,39000,19500,
000010.SZ,000010,20251209,93412200,0,4391200,0,B,36800,1000,
000010.SZ,000010,20251209,93412900,0,4397938,0,S,40800,200,
000010.SZ,000010,20251209,93413640,0,4404944,0,B,36800,12000,
000010.SZ,000010,20251209,93413820,0,4406919,0,S,37400,2000,
000010.SZ,000010,20251209,93414320,0,4411428,0,S,39500,2500,
000010.SZ,000010,20251209,93414400,0,4412162,0,B,35800,300,
000010.SZ,000010,20251209,93415020,0,4417278,0,B,36000,9100,
000010.SZ,000010,20251209,93416040,0,4427368,0,B,36800,100,
000010.SZ,000010,20251209,93416620,0,4433002,0,B,36800,50000,
000010.SZ,000010,20251209,93416700,0,4433686,0,S,36900,1400,
000010.SZ,000010,20251209,93417570,0,4441482,0,B,36700,2800,
000010.SZ,000010,20251209,93417810,0,4443177,0,S,36800,10800,
000010.SZ,000010,20251209,93418010,0,4444652,0,B,36800,5000,
000010.SZ,000010,20251209,93418010,0,4444656,0,B,36600,2800,
000010.SZ,000010,20251209,93419060,0,4455114,0,B,36600,3400,
000010.SZ,000010,20251209,93419800,0,4462074,0,B,36500,300,
000010.SZ,000010,20251209,93421280,0,4475146,0,B,36500,200,
000010.SZ,000010,20251209,93421750,0,4480181,0,S,37600,132000,
000010.SZ,000010,20251209,93421890,0,4481372,0,S,39500,19500,
000010.SZ,000010,20251209,93422080,0,4483238,0,B,36500,2000,
000010.SZ,000010,20251209,93422760,0,4489856,0,B,36700,4000,
000010.SZ,000010,20251209,93422770,0,4489888,0,B,36800,2800,
000010.SZ,000010,20251209,93423450,0,4495744,0,B,36500,1000,
000010.SZ,000010,20251209,93423560,0,4496572,0,S,36800,600,
000010.SZ,000010,20251209,93424530,0,4505037,0,B,36800,100,
000010.SZ,000010,20251209,93425080,0,4509974,0,B,36800,600,
000010.SZ,000010,20251209,93425130,0,4510416,0,B,36500,1200,
000010.SZ,000010,20251209,93425170,0,4510751,0,B,36700,10000,
000010.SZ,000010,20251209,93427140,0,4527464,0,B,36700,400,
000010.SZ,000010,20251209,93428280,0,4538041,0,B,36400,1000,
000010.SZ,000010,20251209,93428500,0,4540012,0,B,36600,20000,
000010.SZ,000010,20251209,93428940,0,4543850,0,B,36500,1500,
000010.SZ,000010,20251209,93429540,0,4548644,0,S,40000,200,
000010.SZ,000010,20251209,93429760,0,4550516,0,B,36900,9600,
000010.SZ,000010,20251209,93430420,0,4556223,0,B,36600,2000,
000010.SZ,000010,20251209,93430680,0,4558795,0,B,36800,3000,
000010.SZ,000010,20251209,93430680,0,4558812,0,B,36600,10000,
000010.SZ,000010,20251209,93431190,0,4563499,0,S,36800,160000,
000010.SZ,000010,20251209,93431200,0,4563642,0,S,36800,100,
000010.SZ,000010,20251209,93431700,0,4568972,0,B,36800,10000,
000010.SZ,000010,20251209,93431740,0,4569419,0,B,36300,10000,
000010.SZ,000010,20251209,93432030,0,4571792,0,S,36900,1300,
000010.SZ,000010,20251209,93434550,0,4594457,0,S,39900,9800,
000010.SZ,000010,20251209,93434730,0,4595857,0,S,40800,1600,
000010.SZ,000010,20251209,93435150,0,4599046,0,S,36900,2900,
000010.SZ,000010,20251209,93435780,0,4603787,0,B,36800,1000,
000010.SZ,000010,20251209,93435880,0,4604388,0,B,36700,300,
000010.SZ,000010,20251209,93436300,0,4607819,0,S,36800,800,
000010.SZ,000010,20251209,93436780,0,4612595,0,S,39200,800,
000010.SZ,000010,20251209,93436860,0,4613227,0,B,37200,100,
000010.SZ,000010,20251209,93437670,0,4620495,0,B,36800,8000,
000010.SZ,000010,20251209,93437770,0,4621160,0,B,36400,92600,
000010.SZ,000010,20251209,93438000,0,4622744,0,S,37100,55200,
000010.SZ,000010,20251209,93439140,0,4631882,0,B,35500,1000,
000010.SZ,000010,20251209,93439180,0,4632134,0,S,36800,900,
000010.SZ,000010,20251209,93439190,0,4632228,0,S,36800,3000,
000010.SZ,000010,20251209,93439910,0,4638319,0,B,36400,1000,
000010.SZ,000010,20251209,93441340,0,4650719,0,B,36000,500,
000010.SZ,000010,20251209,93442170,0,4657214,0,B,36800,3700,
000010.SZ,000010,20251209,93442180,0,4657277,0,S,39800,20000,
000010.SZ,000010,20251209,93442230,0,4657725,0,S,36800,200,
000010.SZ,000010,20251209,93442230,0,4657733,0,S,36800,400,
000010.SZ,000010,20251209,93442670,0,4661829,0,B,36800,2000,
000010.SZ,000010,20251209,93443380,0,4667952,0,S,39900,2300,
000010.SZ,000010,20251209,93443930,0,4672919,0,B,36800,900,
000010.SZ,000010,20251209,93443930,0,4672930,0,B,36800,700,
000010.SZ,000010,20251209,93444420,0,4677101,0,S,37600,500,
000010.SZ,000010,20251209,93444590,0,4678354,0,B,36800,500,
000010.SZ,000010,20251209,93445970,0,4690472,0,B,36700,1400,
000010.SZ,000010,20251209,93446830,0,4698023,0,S,36900,1700,
000010.SZ,000010,20251209,93448160,0,4708314,0,S,36800,300,
000010.SZ,000010,20251209,93448820,0,4714063,0,B,36800,500,
000010.SZ,000010,20251209,93450100,0,4725623,0,S,36900,800,
000010.SZ,000010,20251209,93451370,0,4736106,0,S,36800,900,
000010.SZ,000010,20251209,93451590,0,4737854,0,S,36800,1600,
000010.SZ,000010,20251209,93451690,0,4739015,0,B,36800,3700,
000010.SZ,000010,20251209,93451870,0,4740553,0,B,36800,700,
000010.SZ,000010,20251209,93452220,0,4743827,0,B,37200,6100,
000010.SZ,000010,20251209,93453960,0,4757922,0,B,33400,500,
000010.SZ,000010,20251209,93454490,0,4762942,0,B,36800,3000,
000010.SZ,000010,20251209,93454540,0,4763439,0,S,36800,4000,
000010.SZ,000010,20251209,93454560,0,4763652,0,B,35000,1500,
000010.SZ,000010,20251209,93454900,0,4766952,0,B,36800,100,
000010.SZ,000010,20251209,93455280,0,4770228,0,S,37600,10000,
000010.SZ,000010,20251209,93455780,0,4776048,0,B,36500,10000,
000010.SZ,000010,20251209,93456050,0,4779854,0,S,37200,7800,
000010.SZ,000010,20251209,93456110,0,4780325,0,B,36700,5000,
000010.SZ,000010,20251209,93456740,0,4784877,0,S,37000,2100,
000010.SZ,000010,20251209,93456770,0,4785241,0,S,40800,2000,
000010.SZ,000010,20251209,93457680,0,4792886,0,S,36800,10500,
000010.SZ,000010,20251209,93458300,0,4798778,0,B,36600,800,
000010.SZ,000010,20251209,93459530,0,4810021,0,B,36100,20000,
000010.SZ,000010,20251209,93501850,0,4837430,0,S,37000,800,
000010.SZ,000010,20251209,93502540,0,4844519,0,B,36800,1000,
000010.SZ,000010,20251209,93502590,0,4845053,0,S,36800,1500,
000010.SZ,000010,20251209,93502830,0,4846930,0,B,36100,500,
000010.SZ,000010,20251209,93502950,0,4847871,0,B,36800,3200,
000010.SZ,000010,20251209,93503360,0,4852257,0,B,36700,3400,
000010.SZ,000010,20251209,93503510,0,4853623,0,B,36800,2000,
000010.SZ,000010,20251209,93503980,0,4859207,0,S,36800,40000,
000010.SZ,000010,20251209,93504840,0,4870947,0,S,36900,3100,
000010.SZ,000010,20251209,93504870,0,4871226,0,B,36800,100,
000010.SZ,000010,20251209,93504880,0,4871367,0,B,36800,400,
000010.SZ,000010,20251209,93504880,0,4871368,0,B,36800,300,
000010.SZ,000010,20251209,93504880,0,4871369,0,B,36800,300,
000010.SZ,000010,20251209,93504880,0,4871370,0,B,36800,400,
000010.SZ,000010,20251209,93504890,0,4871488,0,B,36800,100,
000010.SZ,000010,20251209,93504900,0,4871591,0,B,36800,400,
000010.SZ,000010,20251209,93505080,0,4873956,0,B,36800,6200,
000010.SZ,000010,20251209,93506250,0,4889233,0,B,37200,4500,
000010.SZ,000010,20251209,93506520,0,4892486,0,B,35800,100,
000010.SZ,000010,20251209,93507160,0,4900015,0,B,36800,2000,
000010.SZ,000010,20251209,93507890,0,4909112,0,S,39000,1500,
000010.SZ,000010,20251209,93508110,0,4911369,0,B,36000,500,
000010.SZ,000010,20251209,93508350,0,4913916,0,B,36000,100,
000010.SZ,000010,20251209,93509140,0,4921353,0,S,37200,3000,
000010.SZ,000010,20251209,93509380,0,4924040,0,S,36900,900,
000010.SZ,000010,20251209,93509940,0,4931330,0,B,36500,10000,
000010.SZ,000010,20251209,93510020,0,4932334,0,B,36900,1000,
000010.SZ,000010,20251209,93510030,0,4932375,0,S,36800,100,
000010.SZ,000010,20251209,93510400,0,4937799,0,S,36900,100,
000010.SZ,000010,20251209,93511620,0,4952407,0,B,36700,1200,
000010.SZ,000010,20251209,93512540,0,4969989,0,B,36800,1000,
000010.SZ,000010,20251209,93513510,0,4983526,0,B,36800,5000,
000010.SZ,000010,20251209,93513640,0,4985247,0,B,36700,4500,
000010.SZ,000010,20251209,93515660,0,5011493,0,S,37100,3700,
000010.SZ,000010,20251209,93516060,0,5015417,0,B,36800,100,
000010.SZ,000010,20251209,93516270,0,5017861,0,B,36800,400,
000010.SZ,000010,20251209,93516310,0,5018260,0,S,36800,20000,
000010.SZ,000010,20251209,93517040,0,5025405,0,B,36800,800,
000010.SZ,000010,20251209,93518180,0,5035748,0,B,36800,500,
000010.SZ,000010,20251209,93518360,0,5037373,0,B,36900,1100,
000010.SZ,000010,20251209,93518780,0,5041251,0,B,36900,1500,
000010.SZ,000010,20251209,93518870,0,5042160,0,B,36800,2700,
000010.SZ,000010,20251209,93519090,0,5044193,0,B,36800,4000,
000010.SZ,000010,20251209,93519120,0,5044396,0,B,36800,200,
000010.SZ,000010,20251209,93521130,0,5062996,0,B,36800,1000,
000010.SZ,000010,20251209,93521150,0,5063163,0,B,36900,2100,
000010.SZ,000010,20251209,93521150,0,5063165,0,B,36900,2100,
000010.SZ,000010,20251209,93521150,0,5063167,0,B,36900,500,
000010.SZ,000010,20251209,93521150,0,5063171,0,B,36900,2200,
000010.SZ,000010,20251209,93521150,0,5063178,0,B,36900,10500,
000010.SZ,000010,20251209,93521810,0,5069185,0,B,36800,8400,
000010.SZ,000010,20251209,93522590,0,5076548,0,B,36700,5000,
000010.SZ,000010,20251209,93523540,0,5085630,0,B,36900,2000,
000010.SZ,000010,20251209,93523540,0,5085674,0,B,36900,100,
000010.SZ,000010,20251209,93524150,0,5090301,0,B,36900,1800,
000010.SZ,000010,20251209,93524220,0,5090879,0,B,37200,3300,
000010.SZ,000010,20251209,93524230,0,5090915,0,B,36800,200,
000010.SZ,000010,20251209,93524730,0,5096130,0,B,36800,2000,
000010.SZ,000010,20251209,93524940,0,5097882,0,S,38000,2000,
000010.SZ,000010,20251209,93525570,0,5104248,0,B,36900,13400,
000010.SZ,000010,20251209,93526010,0,5107966,0,B,36800,5000,
000010.SZ,000010,20251209,93526470,0,5112430,0,B,36800,200,
000010.SZ,000010,20251209,93526510,0,5112800,0,B,36800,5000,
000010.SZ,000010,20251209,93527190,0,5118085,0,B,36800,1000,
000010.SZ,000010,20251209,93527300,0,5119284,0,B,36800,3900,
000010.SZ,000010,20251209,93527930,0,5125560,0,B,36800,4100,
000010.SZ,000010,20251209,93528680,0,5133552,0,B,36700,500,
000010.SZ,000010,20251209,93529380,0,5138949,0,B,36600,300,
000010.SZ,000010,20251209,93530090,0,5144200,0,B,36800,1500,
000010.SZ,000010,20251209,93531060,0,5153682,0,B,36800,27000,
000010.SZ,000010,20251209,93531070,0,5153857,0,B,36600,3000,
000010.SZ,000010,20251209,93531860,0,5161852,0,S,37200,1500,
000010.SZ,000010,20251209,93532680,0,5168957,0,B,36800,8000,
000010.SZ,000010,20251209,93533210,0,5173478,0,B,36800,3000,
000010.SZ,000010,20251209,93536580,0,5206573,0,S,37600,1000,
000010.SZ,000010,20251209,93537010,0,5210787,0,B,36800,300,
000010.SZ,000010,20251209,93538190,0,5223046,0,B,36000,1000,
000010.SZ,000010,20251209,93538390,0,5225126,0,B,36800,6000,
000010.SZ,000010,20251209,93538400,0,5225150,0,B,36800,1600,
000010.SZ,000010,20251209,93538930,0,5231772,0,S,36500,700,
000010.SZ,000010,20251209,93539150,0,5234189,0,S,36800,3500,
000010.SZ,000010,20251209,93539150,0,5234192,0,S,36900,400,
000010.SZ,000010,20251209,93539160,0,5234266,0,B,36900,400,
000010.SZ,000010,20251209,93539160,0,5234269,0,B,36900,100,
000010.SZ,000010,20251209,93539520,0,5238644,0,S,36900,2800,
000010.SZ,000010,20251209,93539520,0,5238684,0,B,36900,2700,
000010.SZ,000010,20251209,93539530,0,5238708,0,B,36900,1200,
000010.SZ,000010,20251209,93540260,0,5247877,0,S,36900,400,
000010.SZ,000010,20251209,93540260,0,5247889,0,S,36900,500,
000010.SZ,000010,20251209,93540280,0,5248208,0,B,36900,100,
000010.SZ,000010,20251209,93540280,0,5248243,0,S,36900,500,
000010.SZ,000010,20251209,93540280,0,5248262,0,S,36900,1400,
000010.SZ,000010,20251209,93540370,0,5249483,0,S,36900,200,
000010.SZ,000010,20251209,93540380,0,5249580,0,S,36900,600,
000010.SZ,000010,20251209,93540390,0,5249754,0,S,36900,4400,
000010.SZ,000010,20251209,93540450,0,5250509,0,S,40500,2000,
000010.SZ,000010,20251209,93540640,0,5252765,0,B,36800,10000,
000010.SZ,000010,20251209,93541580,0,5263683,0,B,36800,100,
000010.SZ,000010,20251209,93541750,0,5264999,0,B,36800,5800,
000010.SZ,000010,20251209,93541940,0,5266406,0,B,36900,100,
000010.SZ,000010,20251209,93542150,0,5267975,0,B,36900,1100,
000010.SZ,000010,20251209,93542700,0,5274121,0,S,37600,5000,
000010.SZ,000010,20251209,93542710,0,5274157,0,B,36900,3300,
000010.SZ,000010,20251209,93542720,0,5274290,0,B,36900,100,
000010.SZ,000010,20251209,93542720,0,5274293,0,B,36900,100,
000010.SZ,000010,20251209,93542720,0,5274295,0,B,36900,200,
000010.SZ,000010,20251209,93542720,0,5274301,0,B,36900,100,
000010.SZ,000010,20251209,93542720,0,5274304,0,B,36900,100,
000010.SZ,000010,20251209,93542720,0,5274321,0,B,36900,300,
000010.SZ,000010,20251209,93542770,0,5274888,0,S,36800,4000,
000010.SZ,000010,20251209,93544580,0,5291387,0,B,36500,3000,
000010.SZ,000010,20251209,93545150,0,5295870,0,S,36900,300,
000010.SZ,000010,20251209,93545150,0,5295892,0,S,36900,600,
000010.SZ,000010,20251209,93545290,0,5297548,0,B,36800,200,
000010.SZ,000010,20251209,93546590,0,5310672,0,S,37800,800,
000010.SZ,000010,20251209,93546720,0,5311496,0,S,37300,8100,
000010.SZ,000010,20251209,93546860,0,5312578,0,S,36900,2900,
000010.SZ,000010,20251209,93547590,0,5318754,0,S,37500,1700,
000010.SZ,000010,20251209,93547720,0,5319532,0,B,36700,1800,
000010.SZ,000010,20251209,93547950,0,5321069,0,B,36800,500,
000010.SZ,000010,20251209,93548030,0,5321804,0,B,36500,3000,
000010.SZ,000010,20251209,93548090,0,5322150,0,S,40300,3000,
000010.SZ,000010,20251209,93548870,0,5331278,0,B,36800,2500,
000010.SZ,000010,20251209,93549030,0,5333059,0,B,36800,1000,
000010.SZ,000010,20251209,93549230,0,5335642,0,S,36900,900,
000010.SZ,000010,20251209,93549660,0,5340646,0,B,36800,1000,
000010.SZ,000010,20251209,93551080,0,5354218,0,B,36900,1000,
000010.SZ,000010,20251209,93551150,0,5354688,0,S,36900,700,
000010.SZ,000010,20251209,93551300,0,5357161,0,B,36800,500,
000010.SZ,000010,20251209,93553650,0,5381160,0,S,36800,6000,
000010.SZ,000010,20251209,93553840,0,5382369,0,S,38000,5000,
000010.SZ,000010,20251209,93553850,0,5382464,0,S,38800,1900,
000010.SZ,000010,20251209,93554950,0,5392621,0,B,36800,16000,
000010.SZ,000010,20251209,93555010,0,5393010,0,B,36800,3200,
000010.SZ,000010,20251209,93555140,0,5394304,0,S,36900,900,
000010.SZ,000010,20251209,93555670,0,5399534,0,B,36000,500,
000010.SZ,000010,20251209,93556280,0,5404222,0,S,36900,12800,
000010.SZ,000010,20251209,93556890,0,5408695,0,B,37200,3100,
000010.SZ,000010,20251209,93557250,0,5411586,0,B,36800,3000,
000010.SZ,000010,20251209,93558920,0,5426193,0,S,40000,2500,
000010.SZ,000010,20251209,93559250,0,5428866,0,S,37300,10000,
000010.SZ,000010,20251209,93600380,0,5439050,0,B,36500,1000,
000010.SZ,000010,20251209,93600590,0,5441835,0,S,37300,1200,
000010.SZ,000010,20251209,93601200,0,5451354,0,B,36800,22800,
000010.SZ,000010,20251209,93602390,0,5466412,0,S,36800,600,
000010.SZ,000010,20251209,93602390,0,5466463,0,B,36900,100,
000010.SZ,000010,20251209,93602920,0,5470428,0,B,36900,1100,
000010.SZ,000010,20251209,93603020,0,5471253,0,B,36000,1000,
000010.SZ,000010,20251209,93603740,0,5480207,0,B,36800,2000,
000010.SZ,000010,20251209,93603890,0,5481600,0,B,36600,10000,
000010.SZ,000010,20251209,93605970,0,5503180,0,B,36800,10000,
000010.SZ,000010,20251209,93606130,0,5504905,0,B,36500,2000,
000010.SZ,000010,20251209,93606260,0,5506354,0,B,36900,100,
000010.SZ,000010,20251209,93607370,0,5518034,0,S,36900,6100,
000010.SZ,000010,20251209,93607380,0,5518075,0,B,36900,100,
000010.SZ,000010,20251209,93607570,0,5520013,0,S,36900,700,
000010.SZ,000010,20251209,93608270,0,5526280,0,S,40800,400,
000010.SZ,000010,20251209,93608510,0,5528350,0,B,36700,2100,
000010.SZ,000010,20251209,93609940,0,5543203,0,B,37000,12000,
000010.SZ,000010,20251209,93610390,0,5548639,0,S,40800,6500,
000010.SZ,000010,20251209,93611760,0,5562499,0,B,36300,500,
000010.SZ,000010,20251209,93612410,0,5568677,0,S,36900,28200,
000010.SZ,000010,20251209,93612860,0,5572685,0,S,36800,400,
000010.SZ,000010,20251209,93613020,0,5574055,0,S,36900,7200,
000010.SZ,000010,20251209,93613840,0,5583599,0,B,36800,5000,
000010.SZ,000010,20251209,93613860,0,5583695,0,B,36900,45100,
000010.SZ,000010,20251209,93615040,0,5596172,0,B,36800,2400,
000010.SZ,000010,20251209,93615050,0,5596279,0,S,37000,200,
000010.SZ,000010,20251209,93615280,0,5598492,0,B,37300,4500,
000010.SZ,000010,20251209,93615410,0,5599933,0,B,36900,100,
000010.SZ,000010,20251209,93615480,0,5600441,0,S,36900,41000,
000010.SZ,000010,20251209,93615490,0,5600485,0,B,36900,500,
000010.SZ,000010,20251209,93615490,0,5600487,0,B,36900,11000,
000010.SZ,000010,20251209,93615490,0,5600491,0,B,36900,2200,
000010.SZ,000010,20251209,93615490,0,5600493,0,B,36900,100,
000010.SZ,000010,20251209,93615490,0,5600495,0,B,36900,16300,
000010.SZ,000010,20251209,93615490,0,5600498,0,B,36900,100,
000010.SZ,000010,20251209,93615490,0,5600500,0,B,36900,100,
000010.SZ,000010,20251209,93615490,0,5600502,0,B,36900,100,
000010.SZ,000010,20251209,93615490,0,5600522,0,B,36900,2100,
000010.SZ,000010,20251209,93615500,0,5600641,0,B,36900,40900,
000010.SZ,000010,20251209,93615590,0,5601480,0,B,37000,100,
000010.SZ,000010,20251209,93617200,0,5617831,0,B,36700,1000,
000010.SZ,000010,20251209,93618630,0,5631480,0,B,36700,1000,
000010.SZ,000010,20251209,93619350,0,5637909,0,S,36900,6000,
000010.SZ,000010,20251209,93619360,0,5637939,0,B,36900,200,
000010.SZ,000010,20251209,93619360,0,5637943,0,B,36900,3600,
000010.SZ,000010,20251209,93619860,0,5643200,0,B,37300,3200,
000010.SZ,000010,20251209,93620190,0,5645758,0,S,36800,2000,
000010.SZ,000010,20251209,93620980,0,5652503,0,B,37000,17300,
000010.SZ,000010,20251209,93621060,0,5653138,0,B,36800,5000,
000010.SZ,000010,20251209,93621070,0,5653276,0,B,36900,50000,
000010.SZ,000010,20251209,93621150,0,5653790,0,S,37000,200,
000010.SZ,000010,20251209,93621270,0,5654679,0,B,36900,5600,
000010.SZ,000010,20251209,93621940,0,5660317,0,B,36900,1000,
000010.SZ,000010,20251209,93622630,0,5666774,0,S,36900,4900,
000010.SZ,000010,20251209,93623060,0,5669863,0,S,37000,3500,
000010.SZ,000010,20251209,93623310,0,5672017,0,S,36900,1300,
000010.SZ,000010,20251209,93623740,0,5674782,0,B,36300,3000,
000010.SZ,000010,20251209,93626950,0,5701466,0,B,36800,4700,
000010.SZ,000010,20251209,93626960,0,5701484,0,S,37000,300,
000010.SZ,000010,20251209,93628060,0,5711943,0,B,36800,400,
000010.SZ,000010,20251209,93628080,0,5712074,0,S,38000,8000,
000010.SZ,000010,20251209,93628360,0,5714969,0,B,36500,600,
000010.SZ,000010,20251209,93630700,0,5734141,0,B,36600,1000,
000010.SZ,000010,20251209,93630830,0,5735310,0,B,36500,2800,
000010.SZ,000010,20251209,93631260,0,5739514,0,B,36800,100,
000010.SZ,000010,20251209,93631430,0,5741097,0,B,36800,10000,
000010.SZ,000010,20251209,93631620,0,5742703,0,S,37100,10000,
000010.SZ,000010,20251209,93634850,0,5768092,0,B,37000,500,
000010.SZ,000010,20251209,93635490,0,5773293,0,B,36800,11000,
000010.SZ,000010,20251209,93637980,0,5794452,0,B,36800,2700,
000010.SZ,000010,20251209,93638000,0,5794673,0,S,38500,7200,
000010.SZ,000010,20251209,93639180,0,5802533,0,S,37000,300,
000010.SZ,000010,20251209,93639410,0,5804362,0,B,36700,100,
000010.SZ,000010,20251209,93641170,0,5817770,0,B,36900,2900,
000010.SZ,000010,20251209,93643510,0,5836309,0,B,36800,3400,
000010.SZ,000010,20251209,93644410,0,5842841,0,B,36800,1000,
000010.SZ,000010,20251209,93645850,0,5853742,0,B,36800,1000,
000010.SZ,000010,20251209,93647000,0,5862355,0,B,37000,200,
000010.SZ,000010,20251209,93647260,0,5864322,0,B,36800,3000,
000010.SZ,000010,20251209,93647700,0,5867362,0,B,36500,100,
000010.SZ,000010,20251209,93650000,0,5886091,0,S,40800,7700,
000010.SZ,000010,20251209,93650220,0,5887809,0,S,38500,1500,
000010.SZ,000010,20251209,93651920,0,5900278,0,S,40800,1400,
000010.SZ,000010,20251209,93655870,0,5933576,0,B,37000,3700,
000010.SZ,000010,20251209,93656100,0,5935213,0,S,40000,1400,
000010.SZ,000010,20251209,93657380,0,5944755,0,B,36800,2000,
000010.SZ,000010,20251209,93657960,0,5949305,0,S,36900,400,
000010.SZ,000010,20251209,93657980,0,5949455,0,S,37000,3200,
000010.SZ,000010,20251209,93658060,0,5950266,0,B,36500,200,
000010.SZ,000010,20251209,93658650,0,5955033,0,B,36800,3000,
000010.SZ,000010,20251209,93659000,0,5957354,0,B,33400,1100,
000010.SZ,000010,20251209,93659800,0,5963264,0,B,36900,900,
000010.SZ,000010,20251209,93700310,0,5966846,0,B,36900,500,
000010.SZ,000010,20251209,93700900,0,5973415,0,B,36800,5000,
000010.SZ,000010,20251209,93701050,0,5975112,0,B,36800,88000,
000010.SZ,000010,20251209,93701280,0,5977807,0,B,36800,30000,
000010.SZ,000010,20251209,93701640,0,5982313,0,S,38500,900,
000010.SZ,000010,20251209,93702580,0,5990970,0,S,37100,400,
000010.SZ,000010,20251209,93702910,0,5993113,0,S,40800,500,
000010.SZ,000010,20251209,93703210,0,5996178,0,B,36800,4300,
000010.SZ,000010,20251209,93704120,0,6005569,0,B,36800,5000,
000010.SZ,000010,20251209,93704130,0,6005689,0,S,37000,100,
000010.SZ,000010,20251209,93704130,0,6005693,0,S,37000,100,
000010.SZ,000010,20251209,93704130,0,6005695,0,S,37000,200,
000010.SZ,000010,20251209,93704130,0,6005700,0,S,37000,200,
000010.SZ,000010,20251209,93704140,0,6005758,0,S,37000,200,
000010.SZ,000010,20251209,93704140,0,6005779,0,S,37000,100,
000010.SZ,000010,20251209,93704140,0,6005780,0,S,37000,100,
000010.SZ,000010,20251209,93704240,0,6006882,0,S,36900,200,
000010.SZ,000010,20251209,93704240,0,6006884,0,S,36900,400,
000010.SZ,000010,20251209,93704250,0,6006912,0,S,36900,400,
000010.SZ,000010,20251209,93704250,0,6006920,0,S,36900,600,
000010.SZ,000010,20251209,93704250,0,6007055,0,S,36900,400,
000010.SZ,000010,20251209,93704250,0,6007091,0,S,36900,400,
000010.SZ,000010,20251209,93704260,0,6007161,0,S,36900,700,
000010.SZ,000010,20251209,93704260,0,6007168,0,S,36900,500,
000010.SZ,000010,20251209,93704260,0,6007206,0,S,36900,500,
000010.SZ,000010,20251209,93704270,0,6007362,0,S,36900,400,
000010.SZ,000010,20251209,93704280,0,6007447,0,S,36900,500,
000010.SZ,000010,20251209,93704300,0,6007724,0,S,36900,700,
000010.SZ,000010,20251209,93704780,0,6011804,0,S,39900,30000,
000010.SZ,000010,20251209,93706310,0,6024093,0,B,37300,3000,
000010.SZ,000010,20251209,93707560,0,6033936,0,B,36900,5800,
000010.SZ,000010,20251209,93708460,0,6041240,0,S,39800,10000,
000010.SZ,000010,20251209,93708550,0,6041755,0,B,36600,100,
000010.SZ,000010,20251209,93708610,0,6042121,0,B,35800,6000,
000010.SZ,000010,20251209,93708690,0,6042600,0,B,36800,8600,
000010.SZ,000010,20251209,93708690,0,6042601,0,B,37000,2100,
000010.SZ,000010,20251209,93709820,0,6052316,0,S,37000,400,
000010.SZ,000010,20251209,93710020,0,6053695,0,S,37000,300,
000010.SZ,000010,20251209,93710120,0,6054562,0,B,36900,100,
000010.SZ,000010,20251209,93710190,0,6055144,0,S,37700,2000,
000010.SZ,000010,20251209,93710210,0,6055618,0,S,37000,100,
000010.SZ,000010,20251209,93712230,0,6071480,0,S,37000,2800,
000010.SZ,000010,20251209,93712860,0,6077221,0,S,37000,2700,
000010.SZ,000010,20251209,93712970,0,6078265,0,S,37000,200,
000010.SZ,000010,20251209,93713750,0,6085445,0,S,37000,800,
000010.SZ,000010,20251209,93713880,0,6086388,0,B,36900,200,
000010.SZ,000010,20251209,93714180,0,6088819,0,S,37000,100,
000010.SZ,000010,20251209,93715250,0,6097072,0,S,37000,2900,
000010.SZ,000010,20251209,93715760,0,6102274,0,S,36900,7400,
000010.SZ,000010,20251209,93717020,0,6112418,0,S,37300,1000,
000010.SZ,000010,20251209,93717340,0,6115108,0,S,36900,200,
000010.SZ,000010,20251209,93718300,0,6121937,0,B,36900,3900,
000010.SZ,000010,20251209,93718310,0,6121967,0,B,36900,100,
000010.SZ,000010,20251209,93720220,0,6136878,0,B,36800,1000,
000010.SZ,000010,20251209,93721690,0,6149337,0,S,37800,5000,
000010.SZ,000010,20251209,93722470,0,6156561,0,S,37000,9100,
000010.SZ,000010,20251209,93722560,0,6157112,0,S,37000,4800,
000010.SZ,000010,20251209,93723660,0,6165035,0,S,37100,2000,
000010.SZ,000010,20251209,93723820,0,6165984,0,S,36900,4000,
000010.SZ,000010,20251209,93724770,0,6173292,0,B,36900,1000,
000010.SZ,000010,20251209,93724780,0,6173331,0,S,37000,100,
000010.SZ,000010,20251209,93725150,0,6176532,0,B,35000,100,
000010.SZ,000010,20251209,93725340,0,6178133,0,S,37300,3000,
000010.SZ,000010,20251209,93725540,0,6179754,0,B,36800,100,
000010.SZ,000010,20251209,93728240,0,6199733,0,S,36900,300,
000010.SZ,000010,20251209,93728310,0,6200219,0,S,37500,1000,
000010.SZ,000010,20251209,93728630,0,6202644,0,B,36900,400,
000010.SZ,000010,20251209,93728700,0,6203067,0,B,36900,1400,
000010.SZ,000010,20251209,93729010,0,6205504,0,S,37600,3000,
000010.SZ,000010,20251209,93729530,0,6208600,0,B,36900,5500,
000010.SZ,000010,20251209,93733180,0,6235192,0,B,36900,2700,
000010.SZ,000010,20251209,93733430,0,6237109,0,S,36900,3500,
000010.SZ,000010,20251209,93734220,0,6243552,0,B,36800,10000,
000010.SZ,000010,20251209,93737630,0,6269318,0,B,36900,3000,
000010.SZ,000010,20251209,93737950,0,6271239,0,B,36800,1000,
000010.SZ,000010,20251209,93737970,0,6271508,0,B,36900,300,
000010.SZ,000010,20251209,93738170,0,6272649,0,B,36800,6500,
000010.SZ,000010,20251209,93738820,0,6276882,0,B,36400,2000,
000010.SZ,000010,20251209,93739080,0,6278301,0,S,36900,3000,
000010.SZ,000010,20251209,93739220,0,6279158,0,S,37000,100,
000010.SZ,000010,20251209,93739410,0,6280779,0,B,36900,3000,
000010.SZ,000010,20251209,93741120,0,6292709,0,S,39600,5000,
000010.SZ,000010,20251209,93741160,0,6292954,0,B,36900,2700,
000010.SZ,000010,20251209,93742150,0,6300631,0,S,37000,100,
000010.SZ,000010,20251209,93743720,0,6313757,0,B,36800,800,
000010.SZ,000010,20251209,93745290,0,6326108,0,B,36800,3900,
000010.SZ,000010,20251209,93745490,0,6327689,0,B,36300,10000,
000010.SZ,000010,20251209,93746590,0,6336405,0,S,37700,5000,
000010.SZ,000010,20251209,93746740,0,6337770,0,B,36800,1000,
000010.SZ,000010,20251209,93749520,0,6358324,0,S,37300,5400,
000010.SZ,000010,20251209,93754840,0,6399516,0,B,36900,34900,
000010.SZ,000010,20251209,93755030,0,6400872,0,B,36600,3000,
000010.SZ,000010,20251209,93755390,0,6404080,0,B,36900,10000,
000010.SZ,000010,20251209,93757030,0,6416866,0,S,36900,6000,
000010.SZ,000010,20251209,93757160,0,6417843,0,S,37000,900,
000010.SZ,000010,20251209,93800190,0,6443298,0,B,36900,500,
000010.SZ,000010,20251209,93800970,0,6452114,0,B,36000,1000,
000010.SZ,000010,20251209,93802160,0,6463572,0,B,36600,10000,
000010.SZ,000010,20251209,93802350,0,6465491,0,B,36800,500,
000010.SZ,000010,20251209,93803290,0,6473248,0,B,36000,1100,
000010.SZ,000010,20251209,93803400,0,6475616,0,S,37500,4300,
000010.SZ,000010,20251209,93806800,0,6504738,0,S,40500,300,
000010.SZ,000010,20251209,93807040,0,6506451,0,B,35900,3000,
000010.SZ,000010,20251209,93807100,0,6506945,0,B,36900,1000,
000010.SZ,000010,20251209,93808570,0,6519354,0,S,37800,3000,
000010.SZ,000010,20251209,93808640,0,6519904,0,B,35300,2000,
000010.SZ,000010,20251209,93809150,0,6523702,0,S,37000,100,
000010.SZ,000010,20251209,93809440,0,6526576,0,B,36800,3000,
000010.SZ,000010,20251209,93809520,0,6527345,0,B,36300,1000,
000010.SZ,000010,20251209,93811180,0,6540215,0,S,36900,6100,
000010.SZ,000010,20251209,93811670,0,6543957,0,B,36900,6700,
000010.SZ,000010,20251209,93813570,0,6559630,0,B,36900,11000,
000010.SZ,000010,20251209,93814040,0,6563181,0,B,36800,9800,
000010.SZ,000010,20251209,93814480,0,6566318,0,B,36800,3600,
000010.SZ,000010,20251209,93815810,0,6576167,0,B,36900,500,
000010.SZ,000010,20251209,93817170,0,6587419,0,B,36900,10000,
000010.SZ,000010,20251209,93819340,0,6605943,0,S,40000,100,
000010.SZ,000010,20251209,93821150,0,6619136,0,S,37000,3100,
000010.SZ,000010,20251209,93821980,0,6625886,0,S,37000,4700,
000010.SZ,000010,20251209,93822170,0,6627314,0,S,39900,2600,
000010.SZ,000010,20251209,93822940,0,6633969,0,B,36500,2700,
000010.SZ,000010,20251209,93823270,0,6636599,0,S,37400,1500,
000010.SZ,000010,20251209,93825260,0,6654015,0,S,37000,1200,
000010.SZ,000010,20251209,93825310,0,6654512,0,S,37000,2700,
000010.SZ,000010,20251209,93828980,0,6680714,0,B,35000,300,
000010.SZ,000010,20251209,93829170,0,6681932,0,S,39700,10000,
000010.SZ,000010,20251209,93830250,0,6689319,0,S,37000,8200,
000010.SZ,000010,20251209,93830600,0,6691750,0,S,36900,40000,
000010.SZ,000010,20251209,93830610,0,6691807,0,S,36900,100,
000010.SZ,000010,20251209,93830610,0,6691810,0,S,36900,100,
000010.SZ,000010,20251209,93830610,0,6691812,0,S,36900,100,
000010.SZ,000010,20251209,93830610,0,6691814,0,S,36900,100,
000010.SZ,000010,20251209,93830610,0,6691816,0,S,36900,200,
000010.SZ,000010,20251209,93830610,0,6691818,0,S,36900,100,
000010.SZ,000010,20251209,93830610,0,6691852,0,S,36900,100,
000010.SZ,000010,20251209,93830650,0,6692096,0,S,36900,100,
000010.SZ,000010,20251209,93832410,0,6705180,0,S,36900,300,
000010.SZ,000010,20251209,93832970,0,6708572,0,B,36800,2000,
000010.SZ,000010,20251209,93832970,0,6708657,0,S,36900,100,
000010.SZ,000010,20251209,93832980,0,6708659,0,S,36900,100,
000010.SZ,000010,20251209,93832980,0,6708666,0,S,36900,100,
000010.SZ,000010,20251209,93832980,0,6708669,0,S,36900,100,
000010.SZ,000010,20251209,93833350,0,6711580,0,S,37300,10000,
000010.SZ,000010,20251209,93834250,0,6719098,0,S,37000,800,
000010.SZ,000010,20251209,93834260,0,6719336,0,S,36900,100,
000010.SZ,000010,20251209,93834260,0,6719343,0,S,36900,100,
000010.SZ,000010,20251209,93834260,0,6719353,0,S,36900,100,
000010.SZ,000010,20251209,93834520,0,6721893,0,B,37000,600,
000010.SZ,000010,20251209,93834620,0,6722590,0,B,36900,3300,
000010.SZ,000010,20251209,93835740,0,6730081,0,B,36800,13000,
000010.SZ,000010,20251209,93836140,0,6732462,0,S,36900,600,
000010.SZ,000010,20251209,93837290,0,6741637,0,S,38000,10000,
000010.SZ,000010,20251209,93837450,0,6742886,0,B,36800,5000,
000010.SZ,000010,20251209,93838470,0,6749939,0,B,36600,400,
000010.SZ,000010,20251209,93838820,0,6751848,0,B,36200,3000,
000010.SZ,000010,20251209,93839160,0,6753895,0,S,37000,100,
000010.SZ,000010,20251209,93841510,0,6770879,0,B,36600,1000,
000010.SZ,000010,20251209,93842320,0,6775828,0,S,40200,4000,
000010.SZ,000010,20251209,93842900,0,6779699,0,S,37300,2500,
000010.SZ,000010,20251209,93843050,0,6780687,0,S,36900,1500,
000010.SZ,000010,20251209,93844530,0,6790584,0,B,33400,5000,
000010.SZ,000010,20251209,93844980,0,6792930,0,S,38300,2900,
000010.SZ,000010,20251209,93845790,0,6798172,0,S,37000,23300,
000010.SZ,000010,20251209,93846320,0,6802176,0,B,36800,400,
000010.SZ,000010,20251209,93846340,0,6802266,0,B,36900,8100,
000010.SZ,000010,20251209,93849170,0,6820666,0,S,36900,200,
000010.SZ,000010,20251209,93849170,0,6820679,0,S,36900,200,
000010.SZ,000010,20251209,93849170,0,6820683,0,S,36900,200,
000010.SZ,000010,20251209,93849180,0,6820699,0,S,36900,100,
000010.SZ,000010,20251209,93851030,0,6833203,0,B,37000,100,
000010.SZ,000010,20251209,93851400,0,6836019,0,S,40800,4000,
000010.SZ,000010,20251209,93851460,0,6836356,0,B,36500,1000,
000010.SZ,000010,20251209,93851500,0,6836574,0,S,38800,1000,
000010.SZ,000010,20251209,93852540,0,6845047,0,B,36800,5000,
000010.SZ,000010,20251209,93854280,0,6856077,0,B,36800,300,
000010.SZ,000010,20251209,93854780,0,6859281,0,S,37200,2000,
000010.SZ,000010,20251209,93855060,0,6861173,0,B,37000,900,
000010.SZ,000010,20251209,93855630,0,6865234,0,B,36700,5000,
000010.SZ,000010,20251209,93855640,0,6865266,0,S,37000,600,
000010.SZ,000010,20251209,93856340,0,6869292,0,S,37100,3700,
000010.SZ,000010,20251209,93856480,0,6870011,0,B,35500,1000,
000010.SZ,000010,20251209,93859610,0,6890186,0,S,37000,600,
000010.SZ,000010,20251209,93900410,0,6895783,0,B,36500,4000,
000010.SZ,000010,20251209,93900440,0,6896147,0,S,36900,700,
000010.SZ,000010,20251209,93900490,0,6896806,0,S,40800,7800,
000010.SZ,000010,20251209,93901820,0,6907384,0,S,37000,200,
000010.SZ,000010,20251209,93903870,0,6923461,0,S,37000,300,
000010.SZ,000010,20251209,93903930,0,6923948,0,S,37000,100,
000010.SZ,000010,20251209,93904190,0,6926611,0,S,37000,100,
000010.SZ,000010,20251209,93904670,0,6929907,0,B,36500,36600,
000010.SZ,000010,20251209,93905070,0,6933421,0,S,37000,10000,
000010.SZ,000010,20251209,93905250,0,6935431,0,S,37000,700,
000010.SZ,000010,20251209,93905260,0,6935503,0,S,37000,900,
000010.SZ,000010,20251209,93905260,0,6935530,0,S,37000,600,
000010.SZ,000010,20251209,93905270,0,6935631,0,S,37000,500,
000010.SZ,000010,20251209,93905290,0,6935777,0,S,36900,79300,
000010.SZ,000010,20251209,93905350,0,6936317,0,S,37000,900,
000010.SZ,000010,20251209,93905350,0,6936321,0,S,37000,500,
000010.SZ,000010,20251209,93905350,0,6936364,0,S,37000,500,
000010.SZ,000010,20251209,93905360,0,6936512,0,S,37000,500,
000010.SZ,000010,20251209,93905360,0,6936584,0,S,37000,500,
000010.SZ,000010,20251209,93905370,0,6936745,0,S,37000,500,
000010.SZ,000010,20251209,93905370,0,6936770,0,S,37000,500,
000010.SZ,000010,20251209,93905370,0,6936838,0,S,37000,500,
000010.SZ,000010,20251209,93905370,0,6936847,0,S,37000,600,
000010.SZ,000010,20251209,93905410,0,6937179,0,S,37000,800,
000010.SZ,000010,20251209,93905500,0,6937873,0,S,37000,6100,
000010.SZ,000010,20251209,93905540,0,6938151,0,S,36900,26500,
000010.SZ,000010,20251209,93906060,0,6941816,0,B,36100,100,
000010.SZ,000010,20251209,93906340,0,6944274,0,S,37000,500,
000010.SZ,000010,20251209,93906460,0,6945223,0,B,36700,1000,
000010.SZ,000010,20251209,93907330,0,6951895,0,S,37100,5000,
000010.SZ,000010,20251209,93907330,0,6951942,0,S,36900,100,
000010.SZ,000010,20251209,93907330,0,6951944,0,S,36900,100,
000010.SZ,000010,20251209,93907360,0,6952164,0,S,37000,800,
000010.SZ,000010,20251209,93907750,0,6955127,0,S,36900,800,
000010.SZ,000010,20251209,93907830,0,6955716,0,S,36900,100,
000010.SZ,000010,20251209,93909280,0,6964949,0,B,36500,500,
000010.SZ,000010,20251209,93911810,0,6981755,0,B,36900,20000,
000010.SZ,000010,20251209,93911810,0,6981785,0,B,36800,200,
000010.SZ,000010,20251209,93911960,0,6982900,0,B,36100,74200,
000010.SZ,000010,20251209,93912060,0,6983899,0,S,36800,100,
000010.SZ,000010,20251209,93912160,0,6984457,0,S,37100,500,
000010.SZ,000010,20251209,93915030,0,7007247,0,B,36600,5000,
000010.SZ,000010,20251209,93916090,0,7014886,0,S,36900,400,
000010.SZ,000010,20251209,93918320,0,7031427,0,B,36900,4700,
000010.SZ,000010,20251209,93918330,0,7031450,0,S,36900,500,
000010.SZ,000010,20251209,93918330,0,7031451,0,S,36900,900,
000010.SZ,000010,20251209,93918330,0,7031464,0,S,36900,500,
000010.SZ,000010,20251209,93918330,0,7031468,0,S,36900,700,
000010.SZ,000010,20251209,93918330,0,7031485,0,S,36900,500,
000010.SZ,000010,20251209,93918330,0,7031491,0,S,36900,500,
000010.SZ,000010,20251209,93918330,0,7031492,0,S,36900,500,
000010.SZ,000010,20251209,93918330,0,7031500,0,S,36900,800,
000010.SZ,000010,20251209,93918330,0,7031502,0,S,36900,500,
000010.SZ,000010,20251209,93918340,0,7031509,0,S,36900,900,
000010.SZ,000010,20251209,93918340,0,7031510,0,S,36900,1200,
000010.SZ,000010,20251209,93918340,0,7031521,0,S,36900,800,
000010.SZ,000010,20251209,93918340,0,7031539,0,S,36900,600,
000010.SZ,000010,20251209,93918340,0,7031555,0,S,36900,500,
000010.SZ,000010,20251209,93918340,0,7031558,0,S,36900,800,
000010.SZ,000010,20251209,93918350,0,7031585,0,S,36900,600,
000010.SZ,000010,20251209,93918410,0,7031944,0,B,36800,1000,
000010.SZ,000010,20251209,93918430,0,7032191,0,S,36900,500,
000010.SZ,000010,20251209,93918500,0,7032663,0,B,36800,500,
000010.SZ,000010,20251209,93918520,0,7032763,0,S,36900,2700,
000010.SZ,000010,20251209,93919030,0,7036650,0,S,36900,900,
000010.SZ,000010,20251209,93919050,0,7036715,0,S,36900,1400,
