万得代码,交易所代码,自然日,时间,委托编号,交易所委托号,委托类型,委托代码,委托价格,委托数量,
600039.SH,600039,20251209,91400370,0,0,S,I,0,0,
600039.SH,600039,20251209,91501910,0,3032,A,S,99100,200,
600039.SH,600039,20251209,91501910,0,3867,A,S,99800,400,
600039.SH,600039,20251209,91502390,0,4372,A,S,99800,1000,
600039.SH,600039,20251209,91502620,0,7456,A,S,102500,400,
600039.SH,600039,20251209,91502750,0,9738,A,S,94500,300,
600039.SH,600039,20251209,91502750,0,9818,A,B,91000,200,
600039.SH,600039,20251209,91502750,0,9910,A,S,99900,300,
600039.SH,600039,20251209,91502750,0,9925,A,S,100500,300,
600039.SH,600039,20251209,91502750,0,9926,A,S,101000,300,
600039.SH,600039,20251209,91502880,0,12215,A,S,99900,10400,
600039.SH,600039,20251209,91503030,0,12632,A,S,102500,100,
600039.SH,600039,20251209,91503030,0,14122,A,B,91500,1000,
600039.SH,600039,20251209,91503030,0,14374,A,S,94400,5000,
600039.SH,600039,20251209,91503030,0,14377,A,S,94500,5000,
600039.SH,600039,20251209,91503160,0,14387,A,S,94600,5000,
600039.SH,600039,20251209,91503160,0,14392,A,S,94700,5000,
600039.SH,600039,20251209,91503160,0,14401,A,S,94800,5000,
600039.SH,600039,20251209,91503160,0,14438,A,B,92700,5000,
600039.SH,600039,20251209,91503160,0,14448,A,S,99500,300,
600039.SH,600039,20251209,91503280,0,17232,A,B,86300,300,
600039.SH,600039,20251209,91503340,0,18060,A,S,93600,1000,
600039.SH,600039,20251209,91503460,0,20836,A,S,96800,100,
600039.SH,600039,20251209,91503460,0,20859,A,B,88000,100,
600039.SH,600039,20251209,91503590,0,22930,A,S,98200,4100,
600039.SH,600039,20251209,91503590,0,22975,A,S,97900,500,
600039.SH,600039,20251209,91503750,0,23306,A,B,92000,1000,
600039.SH,600039,20251209,91503750,0,23481,A,B,92300,700,
600039.SH,600039,20251209,91504000,0,28675,A,S,102500,6500,
600039.SH,600039,20251209,91504000,0,28769,A,S,101900,400,
600039.SH,600039,20251209,91504130,0,29331,A,S,96500,300,
600039.SH,600039,20251209,91504130,0,29360,A,S,102500,400,
600039.SH,600039,20251209,91504130,0,31158,A,B,87000,6800,
600039.SH,600039,20251209,91504660,0,37678,A,S,99800,400,
600039.SH,600039,20251209,91504790,0,39763,A,S,93200,100,
600039.SH,600039,20251209,91505060,0,42937,A,B,89600,600,
600039.SH,600039,20251209,91505060,0,44621,A,S,101900,500,
600039.SH,600039,20251209,91505060,0,44657,A,S,102500,1000,
600039.SH,600039,20251209,91505380,0,47172,A,B,89400,200,
600039.SH,600039,20251209,91505380,0,47188,A,S,96400,200,
600039.SH,600039,20251209,91505390,0,48659,A,S,102500,1200,
600039.SH,600039,20251209,91505770,0,53146,A,S,102500,2400,
600039.SH,600039,20251209,91505770,0,53829,A,S,100500,200,
600039.SH,600039,20251209,91505910,0,55364,A,S,102500,700,
600039.SH,600039,20251209,91506060,0,56795,A,S,102000,100,
600039.SH,600039,20251209,91506210,0,59818,A,B,90000,200,
600039.SH,600039,20251209,91506490,0,62536,A,S,95500,500,
600039.SH,600039,20251209,91506490,0,63377,A,S,102500,200,
600039.SH,600039,20251209,91506490,0,63906,A,S,102500,200,
600039.SH,600039,20251209,91506490,0,63922,A,B,84100,300,
600039.SH,600039,20251209,91506660,0,65452,A,S,102400,200,
600039.SH,600039,20251209,91506660,0,65810,A,S,102500,1000,
600039.SH,600039,20251209,91506880,0,66894,A,B,84200,400,
600039.SH,600039,20251209,91506880,0,66920,A,S,100500,600,
600039.SH,600039,20251209,91506990,0,68023,A,S,83900,2100,
600039.SH,600039,20251209,91507100,0,69592,A,S,100400,100,
600039.SH,600039,20251209,91507100,0,69614,A,S,102300,200,
600039.SH,600039,20251209,91507240,0,72475,A,B,92100,1200,
600039.SH,600039,20251209,91507240,0,72500,A,B,90100,1500,
600039.SH,600039,20251209,91507240,0,72501,A,B,87100,2000,
600039.SH,600039,20251209,91507240,0,72532,A,S,94900,2000,
600039.SH,600039,20251209,91507240,0,72533,A,S,97700,2000,
600039.SH,600039,20251209,91507560,0,75449,A,B,91800,200,
600039.SH,600039,20251209,91507560,0,76440,A,S,102500,100,
600039.SH,600039,20251209,91507560,0,76690,A,B,91300,2000,
600039.SH,600039,20251209,91507700,0,77928,A,S,102500,200,
600039.SH,600039,20251209,91507700,0,78577,A,S,102300,2300,
600039.SH,600039,20251209,91507860,0,80479,A,S,94600,5000,
600039.SH,600039,20251209,91508260,0,84563,A,S,93600,600,
600039.SH,600039,20251209,91508260,0,85007,A,B,90600,3000,
600039.SH,600039,20251209,91508620,0,88060,A,S,102400,100,
600039.SH,600039,20251209,91508990,0,90603,A,S,101800,1000,
600039.SH,600039,20251209,91509200,0,91979,A,S,95800,1000,
600039.SH,600039,20251209,91509320,0,92950,A,S,97100,100,
600039.SH,600039,20251209,91509440,0,93514,A,S,96000,5300,
600039.SH,600039,20251209,91509520,0,94027,A,S,102500,1000,
600039.SH,600039,20251209,91509970,0,97269,A,S,94900,700,
600039.SH,600039,20251209,91510160,0,98618,A,S,102500,1000,
600039.SH,600039,20251209,91510160,0,98619,A,S,99800,500,
600039.SH,600039,20251209,91510320,0,100117,A,S,102500,500,
600039.SH,600039,20251209,91510320,0,100995,A,S,99800,200,
600039.SH,600039,20251209,91510640,0,103884,A,S,102500,3300,
600039.SH,600039,20251209,91510770,0,106654,A,B,83900,6000,
600039.SH,600039,20251209,91510770,0,106655,A,S,97400,3000,
600039.SH,600039,20251209,91510910,0,107539,A,S,102500,300,
600039.SH,600039,20251209,91510910,0,107855,A,S,98200,400,
600039.SH,600039,20251209,91510910,0,108070,A,S,102400,600,
600039.SH,600039,20251209,91510910,0,108091,A,S,96000,100,
600039.SH,600039,20251209,91510910,0,108153,A,S,102500,200,
600039.SH,600039,20251209,91511080,0,108939,A,S,97000,100,
600039.SH,600039,20251209,91511080,0,108965,A,S,98900,3000,
600039.SH,600039,20251209,91511080,0,108966,A,S,100500,3000,
600039.SH,600039,20251209,91511080,0,109112,A,B,90000,200,
600039.SH,600039,20251209,91511080,0,109524,A,B,93300,100,
600039.SH,600039,20251209,91511250,0,111555,A,S,102500,500,
600039.SH,600039,20251209,91511250,0,112182,A,S,97800,1100,
600039.SH,600039,20251209,91511430,0,113491,A,S,102500,300,
600039.SH,600039,20251209,91511430,0,114373,A,S,101500,2500,
600039.SH,600039,20251209,91511760,0,116625,A,S,94400,11200,
600039.SH,600039,20251209,91511760,0,116696,A,S,102500,500,
600039.SH,600039,20251209,91511760,0,117723,A,S,102500,540,
600039.SH,600039,20251209,91511760,0,117794,A,S,102500,560,
600039.SH,600039,20251209,91511760,0,118092,A,S,95000,2000,
600039.SH,600039,20251209,91511760,0,118326,A,S,95200,100,
600039.SH,600039,20251209,91511930,0,118406,A,S,98500,3700,
600039.SH,600039,20251209,91511930,0,119051,A,B,91300,300,
600039.SH,600039,20251209,91511930,0,119059,A,B,92000,300,
600039.SH,600039,20251209,91511930,0,119618,A,S,95000,2000,
600039.SH,600039,20251209,91512100,0,120760,A,B,91500,200,
600039.SH,600039,20251209,91512250,0,123435,A,S,95000,2600,
600039.SH,600039,20251209,91512250,0,124163,A,B,92800,5000,
600039.SH,600039,20251209,91512430,0,124804,A,S,102500,100,
600039.SH,600039,20251209,91512430,0,124959,A,S,95100,22000,
600039.SH,600039,20251209,91512600,0,128048,A,S,102500,2000,
600039.SH,600039,20251209,91512780,0,129112,A,B,92900,5000,
600039.SH,600039,20251209,91512880,0,129528,A,S,99900,1000,
600039.SH,600039,20251209,91512990,0,131510,A,S,102500,1000,
600039.SH,600039,20251209,91512990,0,131949,A,B,90200,400,
600039.SH,600039,20251209,91513210,0,134018,A,S,94500,200,
600039.SH,600039,20251209,91513210,0,134263,A,B,92700,5100,
600039.SH,600039,20251209,91513390,0,134504,A,B,90200,500,
600039.SH,600039,20251209,91513390,0,135170,A,S,100000,100,
600039.SH,600039,20251209,91513500,0,135530,A,S,102500,1700,
600039.SH,600039,20251209,91513500,0,124959,D,S,95100,22000,
600039.SH,600039,20251209,91513660,0,139152,A,S,95200,700,
600039.SH,600039,20251209,91514040,0,141766,A,B,91100,200,
600039.SH,600039,20251209,91514160,0,143029,A,S,102500,1000,
600039.SH,600039,20251209,91514160,0,143727,A,B,97800,200,
600039.SH,600039,20251209,91514310,0,145966,A,S,95500,2700,
600039.SH,600039,20251209,91514310,0,145971,A,S,94800,2700,
600039.SH,600039,20251209,91514310,0,146239,A,S,102500,400,
600039.SH,600039,20251209,91514500,0,146634,A,B,91000,7300,
600039.SH,600039,20251209,91514500,0,146638,A,S,95200,7200,
600039.SH,600039,20251209,91514500,0,147860,A,B,88500,1100,
600039.SH,600039,20251209,91514670,0,149076,A,S,98000,1000,
600039.SH,600039,20251209,91514670,0,149317,A,S,102500,500,
600039.SH,600039,20251209,91514670,0,149768,A,B,92500,2100,
600039.SH,600039,20251209,91514670,0,150034,A,S,101600,4000,
600039.SH,600039,20251209,91514670,0,150291,A,B,91000,100,
600039.SH,600039,20251209,91514850,0,150713,A,S,102500,700,
600039.SH,600039,20251209,91515040,0,154111,A,S,100100,2000,
600039.SH,600039,20251209,91515260,0,154474,A,S,93400,200,
600039.SH,600039,20251209,91515260,0,154475,A,B,91300,200,
600039.SH,600039,20251209,91515260,0,154925,A,B,90100,1200,
600039.SH,600039,20251209,91515260,0,155703,A,B,90000,400,
600039.SH,600039,20251209,91515260,0,155705,A,S,100000,100,
600039.SH,600039,20251209,91515590,0,158658,A,S,98000,300,
600039.SH,600039,20251209,91515590,0,159109,A,B,83900,800,
600039.SH,600039,20251209,91515590,0,159514,A,S,95500,420,
600039.SH,600039,20251209,91515950,0,161978,A,B,91100,200,
600039.SH,600039,20251209,91516100,0,165183,A,S,93100,20000,
600039.SH,600039,20251209,91516290,0,165372,A,S,101000,2000,
600039.SH,600039,20251209,91516290,0,166182,A,B,89500,2900,
600039.SH,600039,20251209,91516570,0,169201,A,S,100000,100,
600039.SH,600039,20251209,91516750,0,169716,A,B,95000,400,
600039.SH,600039,20251209,91516750,0,169898,A,B,91300,900,
600039.SH,600039,20251209,91516800,0,171279,A,B,93200,100,
600039.SH,600039,20251209,91517030,0,172384,A,S,100000,33600,
600039.SH,600039,20251209,91517030,0,173030,A,S,96700,900,
600039.SH,600039,20251209,91517030,0,173065,A,B,91600,4000,
600039.SH,600039,20251209,91517170,0,173384,A,S,102500,300,
600039.SH,600039,20251209,91517170,0,173941,A,S,101000,200,
600039.SH,600039,20251209,91517350,0,175936,A,S,95000,700,
600039.SH,600039,20251209,91517520,0,178395,A,S,97000,300,
600039.SH,600039,20251209,91517520,0,178449,A,S,100200,100,
600039.SH,600039,20251209,91517710,0,181014,A,S,94300,1100,
600039.SH,600039,20251209,91517890,0,181629,A,S,94500,700,
600039.SH,600039,20251209,91517890,0,182771,A,S,94000,1000,
600039.SH,600039,20251209,91517890,0,182772,A,S,94900,1000,
600039.SH,600039,20251209,91517890,0,182773,A,S,95900,1000,
600039.SH,600039,20251209,91517890,0,183053,A,B,91500,1100,
600039.SH,600039,20251209,91518250,0,185365,A,B,91100,1000,
600039.SH,600039,20251209,91518250,0,185381,A,S,95200,1000,
600039.SH,600039,20251209,91518340,0,186107,A,S,102500,100,
600039.SH,600039,20251209,91518630,0,188861,A,B,90000,400,
600039.SH,600039,20251209,91518630,0,188940,A,B,90000,500,
600039.SH,600039,20251209,91518830,0,190608,A,S,95600,500,
600039.SH,600039,20251209,91518830,0,190702,A,S,95000,5000,
600039.SH,600039,20251209,91518830,0,190703,A,S,94500,2000,
600039.SH,600039,20251209,91519110,0,193082,A,B,90900,900,
600039.SH,600039,20251209,91519300,0,194963,A,S,101800,400,
600039.SH,600039,20251209,91519300,0,196340,A,S,95600,1000,
600039.SH,600039,20251209,91520080,0,202450,A,B,86800,2000,
600039.SH,600039,20251209,91520080,0,203916,A,S,83900,2100,
600039.SH,600039,20251209,91520380,0,204637,A,B,90000,2000,
600039.SH,600039,20251209,91520380,0,205321,A,S,102300,1000,
600039.SH,600039,20251209,91520380,0,206011,A,S,101800,1700,
600039.SH,600039,20251209,91520560,0,206764,A,B,90000,1100,
600039.SH,600039,20251209,91520660,0,207714,A,S,99900,600,
600039.SH,600039,20251209,91520860,0,209487,A,S,102500,5000,
600039.SH,600039,20251209,91520950,0,210869,A,S,102500,4000,
600039.SH,600039,20251209,91520950,0,210871,A,S,93800,4000,
600039.SH,600039,20251209,91520950,0,211094,A,B,92700,200,
600039.SH,600039,20251209,91520950,0,211114,A,B,92300,4000,
600039.SH,600039,20251209,91521140,0,211931,A,B,92900,100,
600039.SH,600039,20251209,91521140,0,212821,A,B,89900,600,
600039.SH,600039,20251209,91521140,0,212995,A,S,94500,10000,
600039.SH,600039,20251209,91521140,0,212996,A,S,94900,10000,
600039.SH,600039,20251209,91521140,0,212997,A,S,95500,10000,
600039.SH,600039,20251209,91521140,0,213135,A,B,93000,10000,
600039.SH,600039,20251209,91521140,0,213136,A,B,92000,10000,
600039.SH,600039,20251209,91521140,0,213272,A,B,91000,10000,
600039.SH,600039,20251209,91521140,0,213551,A,B,91000,3000,
600039.SH,600039,20251209,91521320,0,214160,A,B,102500,1300,
600039.SH,600039,20251209,91521320,0,214343,A,S,102500,300,
600039.SH,600039,20251209,91521790,0,219789,A,S,96600,800,
600039.SH,600039,20251209,91521980,0,220498,A,S,102500,140,
600039.SH,600039,20251209,91521980,0,220676,A,S,97600,400,
600039.SH,600039,20251209,91521980,0,220680,A,S,98600,600,
600039.SH,600039,20251209,91521980,0,220681,A,S,99600,400,
600039.SH,600039,20251209,91521980,0,220738,A,S,100600,400,
600039.SH,600039,20251209,91521980,0,220741,A,S,101600,600,
600039.SH,600039,20251209,91521980,0,220824,A,S,102500,800,
600039.SH,600039,20251209,91521980,0,221783,A,B,92000,1000,
600039.SH,600039,20251209,91522150,0,222603,A,B,90900,1800,
600039.SH,600039,20251209,91522570,0,225070,A,B,89700,100,
600039.SH,600039,20251209,91522570,0,226229,A,B,90000,300,
600039.SH,600039,20251209,91522570,0,226353,A,B,89000,400,
600039.SH,600039,20251209,91522570,0,226400,A,S,95900,200,
600039.SH,600039,20251209,91522570,0,226421,A,S,97900,400,
600039.SH,600039,20251209,91522570,0,226469,A,S,101200,500,
600039.SH,600039,20251209,91522570,0,226480,A,S,102500,1000,
600039.SH,600039,20251209,91522570,0,226548,A,S,95900,10000,
600039.SH,600039,20251209,91522820,0,227254,A,B,93000,2000,
600039.SH,600039,20251209,91522820,0,227759,A,B,92000,100,
600039.SH,600039,20251209,91522820,0,227763,A,B,91000,200,
600039.SH,600039,20251209,91522820,0,227832,A,S,94900,100,
600039.SH,600039,20251209,91522820,0,227862,A,S,96900,300,
600039.SH,600039,20251209,91522820,0,227863,A,S,98900,500,
600039.SH,600039,20251209,91522820,0,227864,A,S,99900,500,
600039.SH,600039,20251209,91522820,0,228131,A,S,96000,300,
600039.SH,600039,20251209,91522820,0,228170,A,S,98000,300,
600039.SH,600039,20251209,91522820,0,228262,A,S,100000,300,
600039.SH,600039,20251209,91522820,0,228267,A,B,90000,700,
600039.SH,600039,20251209,91522820,0,228592,A,S,94400,800,
600039.SH,600039,20251209,91523010,0,229570,A,S,96000,5000,
600039.SH,600039,20251209,91523010,0,230148,A,S,97400,5000,
600039.SH,600039,20251209,91523340,0,232855,A,S,95200,30000,
600039.SH,600039,20251209,91523340,0,232936,A,B,90000,200,
600039.SH,600039,20251209,91523510,0,233951,A,B,88000,100,
600039.SH,600039,20251209,91523510,0,234511,A,S,99600,500,
600039.SH,600039,20251209,91523510,0,234756,A,S,96100,700,
600039.SH,600039,20251209,91523510,0,234757,A,B,90500,700,
600039.SH,600039,20251209,91523510,0,234831,A,B,85000,100,
600039.SH,600039,20251209,91523690,0,235584,A,S,102500,3000,
600039.SH,600039,20251209,91523960,0,237503,A,S,102500,1700,
600039.SH,600039,20251209,91524280,0,240317,A,B,91200,600,
600039.SH,600039,20251209,91524490,0,241585,A,S,95300,100,
600039.SH,600039,20251209,91524490,0,241587,A,B,92100,100,
600039.SH,600039,20251209,91524720,0,243249,A,B,86900,200,
600039.SH,600039,20251209,91525130,0,243809,A,B,85000,200,
600039.SH,600039,20251209,91526070,0,244107,A,S,101500,100,
600039.SH,600039,20251209,91527070,0,211931,D,B,92900,100,
600039.SH,600039,20251209,91527730,0,244488,A,B,93000,100,
600039.SH,600039,20251209,91531970,0,245562,A,B,93000,100,
600039.SH,600039,20251209,91541210,0,248034,A,B,84300,100,
600039.SH,600039,20251209,91550220,0,250543,A,S,94800,2500,
600039.SH,600039,20251209,91603210,0,254193,A,S,95000,2000,
600039.SH,600039,20251209,91610830,0,256076,A,B,102500,2900,
600039.SH,600039,20251209,91614480,0,256557,A,S,83900,1400,
600039.SH,600039,20251209,91659140,0,263030,A,S,83900,600,
600039.SH,600039,20251209,91701300,0,263452,A,B,90800,100,
600039.SH,600039,20251209,91701320,0,263454,A,S,102500,100,
600039.SH,600039,20251209,91739650,0,269886,A,B,92000,1500,
600039.SH,600039,20251209,91743300,0,270533,A,B,90900,400,
600039.SH,600039,20251209,91746610,0,14438,D,B,92700,5000,
600039.SH,600039,20251209,91747010,0,271150,A,S,102500,100,
600039.SH,600039,20251209,91754550,0,272489,A,B,92600,5000,
600039.SH,600039,20251209,91807770,0,274891,A,S,94800,2500,
600039.SH,600039,20251209,91814830,0,276254,A,S,102500,300,
600039.SH,600039,20251209,91817620,0,276774,A,B,92500,5000,
600039.SH,600039,20251209,91829790,0,278994,A,B,90900,400,
600039.SH,600039,20251209,91830080,0,279052,A,B,92000,1000,
600039.SH,600039,20251209,91832200,0,279438,A,S,96800,1000,
600039.SH,600039,20251209,91853780,0,283394,A,S,99800,800,
600039.SH,600039,20251209,91859960,0,284574,A,B,90800,1200,
600039.SH,600039,20251209,91903960,0,228592,D,S,94400,800,
600039.SH,600039,20251209,91905870,0,285780,A,B,91200,100,
600039.SH,600039,20251209,91907720,0,286121,A,B,90700,500,
600039.SH,600039,20251209,91910080,0,286581,A,S,83900,8800,
600039.SH,600039,20251209,91915260,0,287690,A,S,94800,2000,
600039.SH,600039,20251209,91925070,0,289647,A,B,91300,3000,
600039.SH,600039,20251209,91928940,0,290439,A,B,91300,500,
600039.SH,600039,20251209,91936270,0,291924,A,S,95600,3000,
600039.SH,600039,20251209,91939290,0,292499,A,S,94200,800,
600039.SH,600039,20251209,91949340,0,294579,A,S,93000,1600,
600039.SH,600039,20251209,91951660,0,295076,A,S,91400,100,
600039.SH,600039,20251209,91952270,0,295205,A,S,94000,22000,
600039.SH,600039,20251209,91953290,0,295414,A,B,95000,1600,
600039.SH,600039,20251209,91957170,0,296310,A,B,92100,200,
600039.SH,600039,20251209,92000240,0,297034,A,B,97800,100,
600039.SH,600039,20251209,92001050,0,297250,A,B,96100,300,
600039.SH,600039,20251209,92001100,0,297289,A,B,97800,200,
600039.SH,600039,20251209,92002000,0,297568,A,S,83900,200,
600039.SH,600039,20251209,92002930,0,297871,A,S,83900,3000,
600039.SH,600039,20251209,92004020,0,298209,A,B,95000,100,
600039.SH,600039,20251209,92005030,0,298514,A,B,97800,200,
600039.SH,600039,20251209,92014410,0,300755,A,S,93000,2000,
600039.SH,600039,20251209,92020150,0,302014,A,S,94200,1500,
600039.SH,600039,20251209,92025460,0,303230,A,B,100700,2100,
600039.SH,600039,20251209,92027230,0,303684,A,B,100700,600,
600039.SH,600039,20251209,92040680,0,306790,A,S,94200,1300,
600039.SH,600039,20251209,92041120,0,306879,A,B,91300,1000,
600039.SH,600039,20251209,92101090,0,311655,A,S,102500,600,
600039.SH,600039,20251209,92104930,0,312650,A,B,84000,5000,
600039.SH,600039,20251209,92113660,0,314877,A,S,93000,500,
600039.SH,600039,20251209,92115450,0,315316,A,S,96900,200,
600039.SH,600039,20251209,92116370,0,315531,A,B,91300,500,
600039.SH,600039,20251209,92125540,0,317876,A,B,100700,100,
600039.SH,600039,20251209,92133060,0,319708,A,S,83900,100,
600039.SH,600039,20251209,92143440,0,322393,A,B,90700,500,
600039.SH,600039,20251209,92143720,0,322468,A,S,99700,200,
600039.SH,600039,20251209,92150970,0,324394,A,S,83900,400,
600039.SH,600039,20251209,92151120,0,324426,A,S,102500,100,
600039.SH,600039,20251209,92156430,0,325871,A,S,102500,1000,
600039.SH,600039,20251209,92159660,0,326769,A,S,101000,500,
600039.SH,600039,20251209,92200210,0,326924,A,S,83900,100,
600039.SH,600039,20251209,92205550,0,328613,A,S,99700,1000,
600039.SH,600039,20251209,92218900,0,332261,A,S,93300,1400,
600039.SH,600039,20251209,92220430,0,332712,A,S,93000,800,
600039.SH,600039,20251209,92227320,0,334697,A,S,95000,1000,
600039.SH,600039,20251209,92230440,0,335599,A,S,102500,3000,
600039.SH,600039,20251209,92235320,0,337055,A,S,102500,2000,
600039.SH,600039,20251209,92238470,0,337973,A,S,101600,1000,
600039.SH,600039,20251209,92248230,0,340828,A,S,83900,400,
600039.SH,600039,20251209,92249240,0,341102,A,S,94200,600,
600039.SH,600039,20251209,92301590,0,344852,A,B,91700,500,
600039.SH,600039,20251209,92307530,0,346795,A,S,95000,400,
600039.SH,600039,20251209,92308100,0,346990,A,S,83900,600,
600039.SH,600039,20251209,92309290,0,347360,A,B,91300,1000,
600039.SH,600039,20251209,92312540,0,348421,A,S,102500,900,
600039.SH,600039,20251209,92315050,0,349211,A,S,93000,500,
600039.SH,600039,20251209,92318230,0,350239,A,S,93000,200,
600039.SH,600039,20251209,92319040,0,350521,A,S,93000,100,
600039.SH,600039,20251209,92343530,0,359053,A,B,90900,2000,
600039.SH,600039,20251209,92343750,0,359115,A,B,91200,1000,
600039.SH,600039,20251209,92351300,0,361911,A,S,93500,500,
600039.SH,600039,20251209,92354690,0,363167,A,B,91200,400,
600039.SH,600039,20251209,92355740,0,363569,A,B,92000,500,
600039.SH,600039,20251209,92400100,0,365316,A,B,97800,1600,
600039.SH,600039,20251209,92400100,0,365339,A,B,97800,100,
600039.SH,600039,20251209,92402580,0,366460,A,B,90900,200,
600039.SH,600039,20251209,92404100,0,367069,A,B,93000,1800,
600039.SH,600039,20251209,92405490,0,367697,A,B,100700,200,
600039.SH,600039,20251209,92414990,0,372028,A,B,91700,500,
600039.SH,600039,20251209,92415560,0,372348,A,B,100700,100,
600039.SH,600039,20251209,92416050,0,372584,A,S,102000,1000,
600039.SH,600039,20251209,92420790,0,375021,A,B,91300,2000,
600039.SH,600039,20251209,92421940,0,375632,A,B,91500,1000,
600039.SH,600039,20251209,92426550,0,378157,A,S,95000,11400,
600039.SH,600039,20251209,92429040,0,379424,A,B,97800,200,
600039.SH,600039,20251209,92439950,0,385954,A,S,95000,1000,
600039.SH,600039,20251209,92444910,0,388874,A,B,93300,1900,
600039.SH,600039,20251209,92444910,0,388884,A,B,93300,100,
600039.SH,600039,20251209,92445680,0,389376,A,B,90800,400,
600039.SH,600039,20251209,92450210,0,392805,A,B,102500,900,
600039.SH,600039,20251209,92450210,0,392818,A,S,91600,100,
600039.SH,600039,20251209,92450410,0,393173,A,B,102500,500,
600039.SH,600039,20251209,92450720,0,393471,A,B,92700,100,
600039.SH,600039,20251209,92452310,0,394862,A,S,93000,100,
600039.SH,600039,20251209,92452640,0,395137,A,B,102500,500,
600039.SH,600039,20251209,92453230,0,395699,A,B,95900,2200,
600039.SH,600039,20251209,92454590,0,396943,A,S,92100,800,
600039.SH,600039,20251209,92455100,0,397569,A,B,101500,500,
600039.SH,600039,20251209,92455170,0,397683,A,S,93000,100,
600039.SH,600039,20251209,92455790,0,398404,A,S,92100,800,
600039.SH,600039,20251209,92456230,0,399069,A,B,94900,100,
600039.SH,600039,20251209,92456360,0,399284,A,B,102500,500,
600039.SH,600039,20251209,92456450,0,399470,A,S,92900,200,
600039.SH,600039,20251209,92456560,0,399624,A,S,92900,100,
600039.SH,600039,20251209,92456870,0,400130,A,S,92100,100,
600039.SH,600039,20251209,92456870,0,400144,A,S,91100,1000,
600039.SH,600039,20251209,92457260,0,400821,A,B,94900,200,
600039.SH,600039,20251209,92457620,0,401544,A,B,94900,100,
600039.SH,600039,20251209,92457900,0,402093,A,S,102500,200,
600039.SH,600039,20251209,92458050,0,402364,A,B,100700,100,
600039.SH,600039,20251209,92458290,0,403045,A,S,93000,400,
600039.SH,600039,20251209,92458370,0,403177,A,S,92900,200,
600039.SH,600039,20251209,92458600,0,403781,A,B,94900,300,
600039.SH,600039,20251209,92459090,0,404867,A,S,92100,100,
600039.SH,600039,20251209,92459130,0,405048,A,B,93400,3100,
600039.SH,600039,20251209,92459310,0,405560,A,B,93700,1200,
600039.SH,600039,20251209,92459380,0,405705,A,B,93700,1600,
600039.SH,600039,20251209,92459380,0,405724,A,B,93700,1100,
600039.SH,600039,20251209,92459450,0,405875,A,B,93700,1300,
600039.SH,600039,20251209,92459610,0,406345,A,B,93400,5700,
600039.SH,600039,20251209,92459740,0,406750,A,B,95400,100,
600039.SH,600039,20251209,92501110,0,0,S,O,0,0,
600039.SH,600039,20251209,93000010,0,407478,A,S,93100,400,
600039.SH,600039,20251209,93000130,0,408008,A,B,92500,50000,
600039.SH,600039,20251209,93000450,0,410236,A,S,93100,400,
600039.SH,600039,20251209,93002310,0,412404,A,S,93600,13000,
600039.SH,600039,20251209,93002310,0,412482,A,B,91300,11000,
600039.SH,600039,20251209,93002620,0,414881,A,S,94000,6000,
600039.SH,600039,20251209,93002750,0,417936,A,B,91600,1000,
600039.SH,600039,20251209,93002900,0,418464,A,S,95900,1000,
600039.SH,600039,20251209,93003060,0,295205,D,S,94000,22000,
600039.SH,600039,20251209,93003220,0,422648,A,B,93000,100,
600039.SH,600039,20251209,93003220,0,423020,A,S,99800,200,
600039.SH,600039,20251209,93003510,0,426242,A,B,88500,1300,
600039.SH,600039,20251209,93003510,0,426332,A,S,93100,300,
600039.SH,600039,20251209,93003810,0,145971,D,S,94800,2700,
600039.SH,600039,20251209,93003810,0,145966,D,S,95500,2700,
600039.SH,600039,20251209,93004270,0,435085,A,B,93000,1900,
600039.SH,600039,20251209,93004420,0,436580,A,S,102500,20000,
600039.SH,600039,20251209,93004420,0,436861,A,S,102500,20000,
600039.SH,600039,20251209,93004580,0,438811,A,S,102500,100,
600039.SH,600039,20251209,93004730,0,440410,A,S,95600,23100,
600039.SH,600039,20251209,93004890,0,441422,A,S,93100,600,
600039.SH,600039,20251209,93005370,0,446878,A,B,93000,100,
600039.SH,600039,20251209,93005690,0,450847,A,S,94000,3000,
600039.SH,600039,20251209,93005690,0,451321,A,B,93000,200,
600039.SH,600039,20251209,93005690,0,451435,A,S,94500,2000,
600039.SH,600039,20251209,93005860,0,453503,A,S,96800,500,
600039.SH,600039,20251209,93006010,0,453838,A,S,93500,100,
600039.SH,600039,20251209,93006010,0,454581,A,S,93600,100,
600039.SH,600039,20251209,93006010,0,454599,A,S,93500,7600,
600039.SH,600039,20251209,93006170,0,456704,A,B,92700,5000,
600039.SH,600039,20251209,93006790,0,462963,A,S,93200,100,
600039.SH,600039,20251209,93007080,0,467329,A,S,94600,100,
600039.SH,600039,20251209,93007240,0,469433,A,S,93400,20000,
600039.SH,600039,20251209,93007410,0,470605,A,S,93100,1100,
600039.SH,600039,20251209,93007590,0,471291,A,S,93400,10000,
600039.SH,600039,20251209,93007590,0,471451,A,S,93800,6000,
600039.SH,600039,20251209,93007590,0,471571,A,S,94200,3000,
600039.SH,600039,20251209,93007590,0,472092,A,S,93100,100,
600039.SH,600039,20251209,93007750,0,473013,A,S,94900,600,
600039.SH,600039,20251209,93008050,0,476394,A,B,93200,6200,
600039.SH,600039,20251209,93008050,0,477599,A,S,94000,1100,
600039.SH,600039,20251209,93008380,0,480468,A,S,99800,500,
600039.SH,600039,20251209,93009020,0,488106,A,B,91200,900,
600039.SH,600039,20251209,93009190,0,489150,A,B,93100,300,
600039.SH,600039,20251209,93009450,0,491768,A,B,93100,1000,
600039.SH,600039,20251209,93009450,0,492643,A,S,102500,200,
600039.SH,600039,20251209,93009760,0,495659,A,B,93100,500,
600039.SH,600039,20251209,93009760,0,495773,A,S,96000,1200,
600039.SH,600039,20251209,93009760,0,495914,A,B,90600,1000,
600039.SH,600039,20251209,93009760,0,496806,A,B,93100,2200,
600039.SH,600039,20251209,93010150,0,498770,A,S,95300,3000,
600039.SH,600039,20251209,93010150,0,499181,A,S,95500,9600,
600039.SH,600039,20251209,93010270,0,500103,A,S,95800,4100,
600039.SH,600039,20251209,93010600,0,503908,A,B,93100,200,
600039.SH,600039,20251209,93010900,0,508997,A,B,91100,50000,
600039.SH,600039,20251209,93011360,0,513366,A,B,91600,5000,
600039.SH,600039,20251209,93011360,0,513675,A,S,93900,500,
600039.SH,600039,20251209,93011360,0,513808,A,B,92900,200,
600039.SH,600039,20251209,93011360,0,514306,A,B,93100,600,
600039.SH,600039,20251209,93011360,0,514308,A,B,93100,1500,
600039.SH,600039,20251209,93011360,0,514306,D,B,93100,600,
600039.SH,600039,20251209,93011360,0,514308,D,B,93100,1500,
600039.SH,600039,20251209,93011360,0,514317,A,B,93100,600,
600039.SH,600039,20251209,93011360,0,514326,A,B,93100,100,
600039.SH,600039,20251209,93011360,0,514317,D,B,93100,600,
600039.SH,600039,20251209,93011360,0,514326,D,B,93100,100,
600039.SH,600039,20251209,93011680,0,517833,A,B,93000,300,
600039.SH,600039,20251209,93011680,0,518270,A,B,93200,600,
600039.SH,600039,20251209,93012060,0,521913,A,B,93100,1100,
600039.SH,600039,20251209,93012060,0,522169,A,B,93000,1000,
600039.SH,600039,20251209,93012230,0,523087,A,B,92600,1000,
600039.SH,600039,20251209,93012390,0,524503,A,S,96500,500,
600039.SH,600039,20251209,93012390,0,525258,A,B,91000,400,
600039.SH,600039,20251209,93012390,0,525284,A,B,93100,600,
600039.SH,600039,20251209,93012750,0,528592,A,B,93000,2000,
600039.SH,600039,20251209,93012750,0,529320,A,B,93200,1800,
600039.SH,600039,20251209,93013060,0,533004,A,S,93300,100,
600039.SH,600039,20251209,93013060,0,533255,A,B,93000,300,
600039.SH,600039,20251209,93013210,0,535060,A,B,93100,100,
600039.SH,600039,20251209,93013360,0,536416,A,B,93100,800,
600039.SH,600039,20251209,93013360,0,537137,A,B,93000,200,
600039.SH,600039,20251209,93013900,0,543097,A,B,93100,600,
600039.SH,600039,20251209,93014370,0,547110,A,B,93000,200,
600039.SH,600039,20251209,93014370,0,547899,A,B,93000,200,
600039.SH,600039,20251209,93014370,0,548196,A,B,93000,700,
600039.SH,600039,20251209,93014680,0,467329,D,S,94600,100,
600039.SH,600039,20251209,93014840,0,552328,A,B,93000,600,
600039.SH,600039,20251209,93014990,0,554864,A,S,95000,1000,
600039.SH,600039,20251209,93015320,0,558173,A,B,90700,500,
600039.SH,600039,20251209,93015470,0,559854,A,S,94000,3000,
600039.SH,600039,20251209,93015470,0,560759,A,B,93000,100,
600039.SH,600039,20251209,93015610,0,562220,A,B,93100,200,
600039.SH,600039,20251209,93015930,0,565614,A,B,91000,1100,
600039.SH,600039,20251209,93016060,0,567405,A,B,93000,600,
600039.SH,600039,20251209,93016060,0,568158,A,B,92000,100,
600039.SH,600039,20251209,93016250,0,568893,A,B,93000,400,
600039.SH,600039,20251209,93016250,0,568991,A,S,102500,200,
600039.SH,600039,20251209,93016250,0,569889,A,S,93700,4500,
600039.SH,600039,20251209,93016400,0,570393,A,S,93500,20000,
600039.SH,600039,20251209,93016730,0,574327,A,B,93000,300,
600039.SH,600039,20251209,93016730,0,574328,A,B,92900,200,
600039.SH,600039,20251209,93016870,0,575923,A,B,93100,1200,
600039.SH,600039,20251209,93016870,0,576274,A,B,92900,200,
600039.SH,600039,20251209,93016870,0,576371,A,B,93100,200,
600039.SH,600039,20251209,93017020,0,578202,A,B,92900,100,
600039.SH,600039,20251209,93017020,0,578335,A,B,93000,1200,
600039.SH,600039,20251209,93017160,0,579340,A,B,92900,500,
600039.SH,600039,20251209,93017160,0,579529,A,S,93200,100,
600039.SH,600039,20251209,93017160,0,580126,A,B,93000,100,
600039.SH,600039,20251209,93017320,0,580889,A,B,93000,100,
600039.SH,600039,20251209,93017320,0,581244,A,B,93100,600,
600039.SH,600039,20251209,93017480,0,583192,A,B,92900,100,
600039.SH,600039,20251209,93017640,0,584610,A,S,93200,300,
600039.SH,600039,20251209,93017640,0,584612,A,S,93200,100,
600039.SH,600039,20251209,93017640,0,584614,A,S,93200,100,
600039.SH,600039,20251209,93017640,0,584616,A,S,93200,100,
600039.SH,600039,20251209,93017640,0,584618,A,S,93200,400,
600039.SH,600039,20251209,93017640,0,584619,A,S,93200,200,
600039.SH,600039,20251209,93017640,0,584620,A,S,93200,200,
600039.SH,600039,20251209,93017640,0,584621,A,S,93200,100,
600039.SH,600039,20251209,93017640,0,584622,A,S,93200,100,
600039.SH,600039,20251209,93017640,0,584624,A,S,93300,3600,
600039.SH,600039,20251209,93017640,0,584626,A,S,93200,100,
600039.SH,600039,20251209,93017640,0,584627,A,S,93200,100,
600039.SH,600039,20251209,93017640,0,584628,A,S,93200,100,
600039.SH,600039,20251209,93017640,0,584636,A,S,93200,100,
600039.SH,600039,20251209,93017640,0,584700,A,S,93200,1500,
600039.SH,600039,20251209,93017640,0,584702,A,S,93200,1600,
600039.SH,600039,20251209,93017700,0,584717,A,S,93200,100,
600039.SH,600039,20251209,93017700,0,584809,A,S,93200,3900,
600039.SH,600039,20251209,93017700,0,585089,A,S,93200,2100,
600039.SH,600039,20251209,93017700,0,585095,A,S,93200,400,
600039.SH,600039,20251209,93017700,0,585097,A,S,93200,100,
600039.SH,600039,20251209,93017700,0,585100,A,S,93200,2100,
600039.SH,600039,20251209,93017700,0,585104,A,S,93200,1100,
600039.SH,600039,20251209,93017700,0,585321,A,S,93200,100,
600039.SH,600039,20251209,93017700,0,585526,A,S,93200,100,
600039.SH,600039,20251209,93017700,0,585783,A,S,94500,100,
600039.SH,600039,20251209,93017700,0,585865,A,S,93200,500,
600039.SH,600039,20251209,93017700,0,585894,A,S,93200,800,
600039.SH,600039,20251209,93017700,0,585917,A,S,93200,100,
600039.SH,600039,20251209,93017700,0,585925,A,S,93200,200,
600039.SH,600039,20251209,93017700,0,586341,A,S,93300,100,
600039.SH,600039,20251209,93017700,0,586371,A,S,93200,3900,
600039.SH,600039,20251209,93017700,0,586450,A,B,92900,200,
600039.SH,600039,20251209,93017860,0,587826,A,B,91900,1500,
600039.SH,600039,20251209,93017990,0,588121,A,B,93100,400,
600039.SH,600039,20251209,93017990,0,588617,A,B,93000,200,
600039.SH,600039,20251209,93018080,0,589151,A,S,93200,3900,
600039.SH,600039,20251209,93018080,0,589414,A,S,93200,100,
600039.SH,600039,20251209,93018080,0,590470,A,S,93200,100,
600039.SH,600039,20251209,93018240,0,590792,A,S,93700,500,
600039.SH,600039,20251209,93018310,0,592019,A,S,93100,1200,
600039.SH,600039,20251209,93018310,0,592720,A,S,93200,100,
600039.SH,600039,20251209,93018520,0,593168,A,S,95300,1000,
600039.SH,600039,20251209,93018520,0,593200,A,B,93000,1800,
600039.SH,600039,20251209,93018520,0,593457,A,S,93200,1000,
600039.SH,600039,20251209,93018520,0,594637,A,S,93200,400,
600039.SH,600039,20251209,93018690,0,595008,A,S,93200,500,
600039.SH,600039,20251209,93018690,0,595009,A,S,93200,1500,
600039.SH,600039,20251209,93018690,0,595324,A,S,93200,1200,
600039.SH,600039,20251209,93018890,0,596629,A,B,92800,100,
600039.SH,600039,20251209,93018890,0,596905,A,B,93000,200,
600039.SH,600039,20251209,93018970,0,598170,A,S,93200,100,
600039.SH,600039,20251209,93019120,0,599715,A,S,93200,400,
600039.SH,600039,20251209,93019410,0,602244,A,S,93100,1000,
600039.SH,600039,20251209,93019410,0,602836,A,S,93800,1000,
600039.SH,600039,20251209,93019410,0,603178,A,S,93200,3900,
600039.SH,600039,20251209,93019410,0,603266,A,S,93100,100,
600039.SH,600039,20251209,93019610,0,604688,A,S,93300,500,
600039.SH,600039,20251209,93019760,0,606320,A,S,93200,100,
600039.SH,600039,20251209,93019760,0,606706,A,S,93100,700,
600039.SH,600039,20251209,93019900,0,607133,A,S,93200,600,
600039.SH,600039,20251209,93019900,0,607490,A,S,93200,100,
600039.SH,600039,20251209,93019900,0,607692,A,S,93100,500,
600039.SH,600039,20251209,93019900,0,607698,A,S,93100,700,
600039.SH,600039,20251209,93020050,0,610149,A,S,93200,100,
600039.SH,600039,20251209,93020050,0,610150,A,S,93200,100,
600039.SH,600039,20251209,93020050,0,610151,A,S,93100,100,
600039.SH,600039,20251209,93020050,0,610155,A,S,93200,100,
600039.SH,600039,20251209,93020050,0,610156,A,S,93200,100,
600039.SH,600039,20251209,93020050,0,610157,A,S,93200,100,
600039.SH,600039,20251209,93020050,0,610160,A,S,93200,100,
600039.SH,600039,20251209,93020050,0,610161,A,S,93200,100,
600039.SH,600039,20251209,93020050,0,610162,A,S,93200,100,
600039.SH,600039,20251209,93020050,0,610165,A,S,93200,100,
600039.SH,600039,20251209,93020200,0,610170,A,S,93200,100,
600039.SH,600039,20251209,93020200,0,610175,A,S,93100,200,
600039.SH,600039,20251209,93020200,0,610176,A,S,93200,400,
600039.SH,600039,20251209,93020200,0,610179,A,S,93200,100,
600039.SH,600039,20251209,93020200,0,610182,A,S,93200,100,
600039.SH,600039,20251209,93020200,0,610184,A,S,93100,100,
600039.SH,600039,20251209,93020200,0,610185,A,S,93200,700,
600039.SH,600039,20251209,93020200,0,610186,A,S,93200,300,
600039.SH,600039,20251209,93020200,0,610190,A,S,93200,900,
600039.SH,600039,20251209,93020200,0,610191,A,S,93200,2300,
600039.SH,600039,20251209,93020200,0,610192,A,S,93200,300,
600039.SH,600039,20251209,93020200,0,610196,A,S,93200,100,
600039.SH,600039,20251209,93020200,0,610197,A,S,93200,300,
600039.SH,600039,20251209,93020200,0,610198,A,S,93200,200,
600039.SH,600039,20251209,93020200,0,610200,A,S,93200,400,
600039.SH,600039,20251209,93020200,0,610201,A,S,93200,200,
600039.SH,600039,20251209,93020200,0,610207,A,S,93200,200,
600039.SH,600039,20251209,93020200,0,610208,A,S,93200,200,
600039.SH,600039,20251209,93020200,0,610210,A,S,93200,200,
600039.SH,600039,20251209,93020200,0,610436,A,S,93200,100,
600039.SH,600039,20251209,93020200,0,611178,A,B,93000,200,
600039.SH,600039,20251209,93020200,0,611346,A,B,93000,600,
600039.SH,600039,20251209,93020200,0,533004,D,S,93300,100,
600039.SH,600039,20251209,93020200,0,611604,A,S,94600,17600,
600039.SH,600039,20251209,93020790,0,615965,A,S,93200,1000,
600039.SH,600039,20251209,93020790,0,616062,A,S,93200,100,
600039.SH,600039,20251209,93020790,0,617206,A,S,93200,400,
600039.SH,600039,20251209,93020980,0,618240,A,S,93200,300,
600039.SH,600039,20251209,93020980,0,618638,A,S,93200,100,
600039.SH,600039,20251209,93020980,0,618758,A,S,93200,100,
600039.SH,600039,20251209,93020980,0,618840,A,S,93200,100,
600039.SH,600039,20251209,93020980,0,618904,A,S,93200,100,
600039.SH,600039,20251209,93020980,0,618924,A,S,93200,100,
600039.SH,600039,20251209,93020980,0,618943,A,S,93200,100,
600039.SH,600039,20251209,93020980,0,618949,A,S,93200,100,
600039.SH,600039,20251209,93020980,0,619022,A,S,93100,100,
600039.SH,600039,20251209,93021130,0,620159,A,S,93200,300,
600039.SH,600039,20251209,93021130,0,620925,A,B,93000,200,
600039.SH,600039,20251209,93021130,0,620988,A,S,93300,600,
600039.SH,600039,20251209,93021280,0,621903,A,S,93200,100,
600039.SH,600039,20251209,93021280,0,622585,A,S,93100,100,
600039.SH,600039,20251209,93021440,0,623766,A,S,93100,200,
600039.SH,600039,20251209,93021440,0,537137,D,B,93000,200,
600039.SH,600039,20251209,93021590,0,624901,A,B,92100,4200,
600039.SH,600039,20251209,93021590,0,625695,A,S,93100,100,
600039.SH,600039,20251209,93021590,0,625699,A,B,92100,2500,
600039.SH,600039,20251209,93021740,0,626168,A,B,93000,100,
600039.SH,600039,20251209,93021780,0,626764,A,B,93000,200,
600039.SH,600039,20251209,93021780,0,620159,D,S,93200,300,
600039.SH,600039,20251209,93021850,0,627695,A,S,93100,400,
600039.SH,600039,20251209,93021850,0,628721,A,S,93100,200,
600039.SH,600039,20251209,93022160,0,631707,A,S,93100,1100,
600039.SH,600039,20251209,93022320,0,547899,D,B,93000,200,
600039.SH,600039,20251209,93022320,0,632546,A,B,93000,100,
600039.SH,600039,20251209,93022320,0,633465,A,S,93200,300,
600039.SH,600039,20251209,93022320,0,633628,A,S,93100,100,
600039.SH,600039,20251209,93022320,0,633630,A,S,93100,100,
600039.SH,600039,20251209,93022320,0,633631,A,S,93100,100,
600039.SH,600039,20251209,93022320,0,633633,A,S,93100,100,
600039.SH,600039,20251209,93022320,0,633635,A,S,93100,100,
600039.SH,600039,20251209,93022320,0,633639,A,S,93100,100,
600039.SH,600039,20251209,93022320,0,633641,A,S,93100,300,
600039.SH,600039,20251209,93022320,0,633646,A,S,93100,100,
600039.SH,600039,20251209,93022320,0,633655,A,S,93100,100,
600039.SH,600039,20251209,93022460,0,633660,A,S,93100,100,
600039.SH,600039,20251209,93022460,0,633668,A,S,93100,100,
600039.SH,600039,20251209,93022460,0,633672,A,S,93100,100,
600039.SH,600039,20251209,93022460,0,633777,A,S,95500,600,
600039.SH,600039,20251209,93022460,0,585100,D,S,93200,2100,
600039.SH,600039,20251209,93022460,0,585104,D,S,93200,1100,
600039.SH,600039,20251209,93022460,0,585089,D,S,93200,2100,
600039.SH,600039,20251209,93022460,0,585095,D,S,93200,400,
600039.SH,600039,20251209,93022460,0,634381,A,S,102500,500,
600039.SH,600039,20251209,93022460,0,635177,A,S,93200,100,
600039.SH,600039,20251209,93022670,0,635508,A,B,93000,200,
600039.SH,600039,20251209,93022670,0,636016,A,S,93100,100,
600039.SH,600039,20251209,93022890,0,638032,A,S,93200,100,
600039.SH,600039,20251209,93022890,0,638261,A,S,93100,200,
600039.SH,600039,20251209,93022990,0,639207,A,B,93000,200,
600039.SH,600039,20251209,93022990,0,639446,A,B,92900,100,
600039.SH,600039,20251209,93022990,0,639520,A,B,93000,200,
600039.SH,600039,20251209,93022990,0,639613,A,B,93000,600,
600039.SH,600039,20251209,93022990,0,640004,A,S,93100,100,
600039.SH,600039,20251209,93023130,0,626168,D,B,93000,100,
600039.SH,600039,20251209,93023130,0,641016,A,S,93200,100,
600039.SH,600039,20251209,93023310,0,643150,A,S,93100,800,
600039.SH,600039,20251209,93023490,0,644804,A,S,101800,4700,
600039.SH,600039,20251209,93023490,0,645320,A,S,93200,200,
600039.SH,600039,20251209,93023490,0,645321,A,S,93200,100,
600039.SH,600039,20251209,93023630,0,645700,A,S,93100,6400,
600039.SH,600039,20251209,93023710,0,646212,A,B,93000,200,
600039.SH,600039,20251209,93024010,0,649439,A,B,90000,600,
600039.SH,600039,20251209,93024010,0,649666,A,S,100000,600,
600039.SH,600039,20251209,93024010,0,650021,A,B,93000,200,
600039.SH,600039,20251209,93024010,0,650042,A,S,93200,1300,
600039.SH,600039,20251209,93024010,0,650862,A,S,93200,100,
600039.SH,600039,20251209,93024170,0,574328,D,B,92900,200,
600039.SH,600039,20251209,93024170,0,651996,A,S,93200,400,
600039.SH,600039,20251209,93024170,0,651996,D,S,93200,400,
600039.SH,600039,20251209,93024330,0,653671,A,S,93200,900,
600039.SH,600039,20251209,93024330,0,653919,A,S,93100,100,
600039.SH,600039,20251209,93024330,0,653985,A,S,93100,100,
600039.SH,600039,20251209,93024480,0,654484,A,S,93100,100,
600039.SH,600039,20251209,93024480,0,654545,A,S,93200,800,
600039.SH,600039,20251209,93024480,0,654549,A,S,93200,100,
600039.SH,600039,20251209,93024480,0,654899,A,S,102500,40,
600039.SH,600039,20251209,93024480,0,655582,A,S,93900,10000,
600039.SH,600039,20251209,93024640,0,656390,A,S,93300,100,
600039.SH,600039,20251209,93024640,0,656649,A,S,93100,800,
600039.SH,600039,20251209,93024790,0,583192,D,B,92900,100,
600039.SH,600039,20251209,93024790,0,657431,A,S,93200,200,
600039.SH,600039,20251209,93024790,0,584809,D,S,93200,3900,
600039.SH,600039,20251209,93024790,0,584624,D,S,93300,3600,
600039.SH,600039,20251209,93024790,0,584717,D,S,93200,100,
600039.SH,600039,20251209,93024790,0,658615,A,B,93000,2100,
600039.SH,600039,20251209,93024790,0,658793,A,S,93300,100,
600039.SH,600039,20251209,93024940,0,658882,A,S,93200,100,
600039.SH,600039,20251209,93024940,0,604688,D,S,93300,500,
600039.SH,600039,20251209,93024940,0,658934,A,B,93000,400,
600039.SH,600039,20251209,93024940,0,658938,A,B,92900,100,
600039.SH,600039,20251209,93024940,0,660135,A,S,93200,100,
600039.SH,600039,20251209,93025150,0,660629,A,S,93200,200,
600039.SH,600039,20251209,93025150,0,660706,A,S,93100,100,
600039.SH,600039,20251209,93025150,0,660918,A,S,93100,100,
600039.SH,600039,20251209,93025150,0,660947,A,S,93100,100,
600039.SH,600039,20251209,93025150,0,528592,D,B,93000,2000,
600039.SH,600039,20251209,93025150,0,661472,A,S,93100,100,
600039.SH,600039,20251209,93025150,0,661751,A,B,91000,1000,
600039.SH,600039,20251209,93025150,0,662100,A,B,91900,20000,
600039.SH,600039,20251209,93025360,0,663245,A,S,94400,1000,
600039.SH,600039,20251209,93025360,0,663377,A,B,93000,200,
600039.SH,600039,20251209,93025530,0,595008,D,S,93200,500,
600039.SH,600039,20251209,93025740,0,665631,A,S,93200,100,
600039.SH,600039,20251209,93025740,0,666269,A,S,93100,100,
600039.SH,600039,20251209,93025880,0,668495,A,S,93000,11900,
600039.SH,600039,20251209,93025880,0,668498,A,S,93000,13100,
600039.SH,600039,20251209,93025880,0,668500,A,S,93000,3300,
600039.SH,600039,20251209,93025880,0,668511,A,S,93000,13100,
600039.SH,600039,20251209,93026220,0,595009,D,S,93200,1500,
600039.SH,600039,20251209,93026390,0,672743,A,S,93100,500,
600039.SH,600039,20251209,93026460,0,673331,A,S,93100,100,
600039.SH,600039,20251209,93026460,0,673604,A,B,92900,200,
600039.SH,600039,20251209,93026460,0,593457,D,S,93200,1000,
600039.SH,600039,20251209,93026620,0,674582,A,S,93200,100,
600039.SH,600039,20251209,93026620,0,674592,A,S,93200,300,
600039.SH,600039,20251209,93026620,0,674596,A,S,93100,400,
600039.SH,600039,20251209,93026620,0,674598,A,S,93100,200,
600039.SH,600039,20251209,93026620,0,675357,A,S,93000,200,
600039.SH,600039,20251209,93026620,0,675373,A,S,93200,600,
600039.SH,600039,20251209,93026760,0,676550,A,S,96900,3000,
600039.SH,600039,20251209,93026760,0,676993,A,B,92900,100,
600039.SH,600039,20251209,93027030,0,680093,A,S,93200,500,
600039.SH,600039,20251209,93027030,0,680094,A,S,93200,100,
600039.SH,600039,20251209,93027180,0,680340,A,S,93000,500,
600039.SH,600039,20251209,93027180,0,584619,D,S,93200,200,
600039.SH,600039,20251209,93027180,0,584618,D,S,93200,400,
600039.SH,600039,20251209,93027180,0,610150,D,S,93200,100,
600039.SH,600039,20251209,93027180,0,610157,D,S,93200,100,
600039.SH,600039,20251209,93027180,0,680343,A,S,93000,100,
600039.SH,600039,20251209,93027180,0,610160,D,S,93200,100,
600039.SH,600039,20251209,93027180,0,680344,A,S,93000,100,
600039.SH,600039,20251209,93027180,0,584622,D,S,93200,100,
600039.SH,600039,20251209,93027180,0,680346,A,S,93000,100,
600039.SH,600039,20251209,93027180,0,680347,A,S,93000,100,
600039.SH,600039,20251209,93027180,0,610162,D,S,93200,100,
600039.SH,600039,20251209,93027180,0,610170,D,S,93200,100,
600039.SH,600039,20251209,93027180,0,610156,D,S,93200,100,
600039.SH,600039,20251209,93027180,0,610161,D,S,93200,100,
600039.SH,600039,20251209,93027180,0,680349,A,S,93000,100,
600039.SH,600039,20251209,93027180,0,680350,A,S,93000,300,
600039.SH,600039,20251209,93027180,0,680351,A,S,93000,200,
600039.SH,600039,20251209,93027180,0,584626,D,S,93200,100,
600039.SH,600039,20251209,93027180,0,680353,A,S,93000,400,
600039.SH,600039,20251209,93027180,0,610149,D,S,93200,100,
600039.SH,600039,20251209,93027180,0,680354,A,S,93000,200,
600039.SH,600039,20251209,93027180,0,610182,D,S,93200,100,
600039.SH,600039,20251209,93027180,0,584628,D,S,93200,100,
600039.SH,600039,20251209,93027180,0,610179,D,S,93200,100,
600039.SH,600039,20251209,93027180,0,680355,A,S,93000,100,
600039.SH,600039,20251209,93027180,0,680358,A,S,93000,100,
600039.SH,600039,20251209,93027180,0,584616,D,S,93200,100,
600039.SH,600039,20251209,93027180,0,618943,D,S,93200,100,
600039.SH,600039,20251209,93027180,0,618904,D,S,93200,100,
600039.SH,600039,20251209,93027180,0,618638,D,S,93200,100,
600039.SH,600039,20251209,93027180,0,618924,D,S,93200,100,
600039.SH,600039,20251209,93027180,0,680359,A,S,93000,1400,
600039.SH,600039,20251209,93027180,0,680360,A,S,93000,100,
600039.SH,600039,20251209,93027180,0,680362,A,S,93000,400,
600039.SH,600039,20251209,93027180,0,680363,A,S,93000,200,
600039.SH,600039,20251209,93027180,0,680365,A,S,93000,100,
600039.SH,600039,20251209,93027180,0,584621,D,S,93200,100,
600039.SH,600039,20251209,93027180,0,680366,A,S,93000,200,
600039.SH,600039,20251209,93027180,0,680367,A,S,93000,200,
600039.SH,600039,20251209,93027180,0,680368,A,S,93000,200,
600039.SH,600039,20251209,93027180,0,680369,A,S,93000,200,
600039.SH,600039,20251209,93027180,0,584627,D,S,93200,100,
600039.SH,600039,20251209,93027180,0,618758,D,S,93200,100,
600039.SH,600039,20251209,93027180,0,680370,A,S,93000,1000,
600039.SH,600039,20251209,93027180,0,680377,A,S,93000,600,
600039.SH,600039,20251209,93027180,0,680378,A,S,93000,200,
600039.SH,600039,20251209,93027180,0,680379,A,S,93000,200,
600039.SH,600039,20251209,93027180,0,610155,D,S,93200,100,
600039.SH,600039,20251209,93027180,0,680380,A,S,93000,200,
600039.SH,600039,20251209,93027180,0,680381,A,S,93000,300,
600039.SH,600039,20251209,93027180,0,584620,D,S,93200,200,
600039.SH,600039,20251209,93027180,0,610165,D,S,93200,100,
600039.SH,600039,20251209,93027180,0,618949,D,S,93200,100,
600039.SH,600039,20251209,93027180,0,680392,A,S,93000,200,
600039.SH,600039,20251209,93027180,0,680396,A,S,93000,100,
600039.SH,600039,20251209,93027180,0,680403,A,S,93000,200,
600039.SH,600039,20251209,93027180,0,618840,D,S,93200,100,
600039.SH,600039,20251209,93027180,0,680409,A,S,93000,200,
600039.SH,600039,20251209,93027180,0,680413,A,S,93000,100,
600039.SH,600039,20251209,93027180,0,680414,A,S,93000,200,
600039.SH,600039,20251209,93027180,0,680417,A,S,93000,200,
600039.SH,600039,20251209,93027180,0,680419,A,S,93000,200,
600039.SH,600039,20251209,93027220,0,586450,D,B,92900,200,
600039.SH,600039,20251209,93027220,0,585097,D,S,93200,100,
600039.SH,600039,20251209,93027220,0,610436,D,S,93200,100,
600039.SH,600039,20251209,93027220,0,680624,A,S,93000,200,
600039.SH,600039,20251209,93027220,0,681527,A,S,93200,600,
600039.SH,600039,20251209,93027530,0,683811,A,S,93000,13100,
600039.SH,600039,20251209,93027530,0,684058,A,B,92900,200,
600039.SH,600039,20251209,93027530,0,684425,A,S,93000,300,
600039.SH,600039,20251209,93027820,0,687033,A,S,98900,1000,
600039.SH,600039,20251209,93027820,0,687321,A,S,93000,100,
600039.SH,600039,20251209,93027820,0,584636,D,S,93200,100,
600039.SH,600039,20251209,93027820,0,687372,A,S,93000,600,
600039.SH,600039,20251209,93027970,0,688393,A,S,93100,400,
600039.SH,600039,20251209,93027970,0,688708,A,S,93100,400,
600039.SH,600039,20251209,93027970,0,688779,A,S,93200,100,
600039.SH,600039,20251209,93027970,0,688897,A,S,93200,400,
600039.SH,600039,20251209,93028110,0,690148,A,S,93000,300,
600039.SH,600039,20251209,93028250,0,691251,A,S,93200,100,
600039.SH,600039,20251209,93028250,0,691312,A,S,93000,11800,
600039.SH,600039,20251209,93028300,0,691944,A,S,93200,100,
600039.SH,600039,20251209,93028420,0,692731,A,S,93200,100,
600039.SH,600039,20251209,93028420,0,692793,A,S,93200,500,
600039.SH,600039,20251209,93028420,0,692796,A,B,92900,100,
600039.SH,600039,20251209,93028420,0,590470,D,S,93200,100,
600039.SH,600039,20251209,93028420,0,693637,A,S,93000,300,
600039.SH,600039,20251209,93028420,0,693724,A,B,90000,500,
600039.SH,600039,20251209,93028580,0,695076,A,S,93100,500,
600039.SH,600039,20251209,93028720,0,607133,D,S,93200,600,
600039.SH,600039,20251209,93028720,0,696267,A,S,93000,2100,
600039.SH,600039,20251209,93028720,0,696705,A,S,93000,100,
600039.SH,600039,20251209,93028870,0,595324,D,S,93200,1200,
600039.SH,600039,20251209,93028870,0,696974,A,S,93000,4100,
600039.SH,600039,20251209,93028920,0,697688,A,B,92100,1100,
600039.SH,600039,20251209,93029080,0,699526,A,S,93100,100,
600039.SH,600039,20251209,93029080,0,699682,A,S,93000,5400,
600039.SH,600039,20251209,93029080,0,700052,A,S,101000,500,
600039.SH,600039,20251209,93029080,0,700311,A,S,93200,200,
600039.SH,600039,20251209,93029270,0,700951,A,S,93000,3200,
600039.SH,600039,20251209,93029270,0,700952,A,S,93000,3200,
600039.SH,600039,20251209,93029270,0,700955,A,S,93000,3200,
600039.SH,600039,20251209,93029270,0,700958,A,S,93000,3200,
600039.SH,600039,20251209,93029270,0,701090,A,S,93000,100,
600039.SH,600039,20251209,93029270,0,701267,A,S,93100,300,
600039.SH,600039,20251209,93029270,0,701856,A,S,93000,3200,
600039.SH,600039,20251209,93029420,0,702951,A,S,93100,100,
600039.SH,600039,20251209,93029560,0,704349,A,S,93100,300,
600039.SH,600039,20251209,93029700,0,705068,A,S,93100,500,
600039.SH,600039,20251209,93029700,0,705841,A,B,92900,500,
600039.SH,600039,20251209,93029870,0,706440,A,S,93100,100,
600039.SH,600039,20251209,93029870,0,668511,D,S,93000,13100,
600039.SH,600039,20251209,93030010,0,708760,A,S,93200,600,
600039.SH,600039,20251209,93030010,0,708765,A,S,93200,300,
600039.SH,600039,20251209,93030010,0,708766,A,S,93200,100,
600039.SH,600039,20251209,93030150,0,710670,A,S,93200,200,
600039.SH,600039,20251209,93030150,0,710671,A,S,93200,200,
600039.SH,600039,20251209,93030300,0,710955,A,S,102000,1000,
600039.SH,600039,20251209,93030300,0,675357,D,S,93000,200,
600039.SH,600039,20251209,93030470,0,712573,A,S,93100,100,
600039.SH,600039,20251209,93030610,0,713724,A,S,102000,400,
600039.SH,600039,20251209,93030610,0,332261,D,S,93300,1400,
600039.SH,600039,20251209,93030610,0,714864,A,S,93200,100,
600039.SH,600039,20251209,93030610,0,714887,A,B,92900,100,
600039.SH,600039,20251209,93030750,0,715201,A,S,93100,100,
600039.SH,600039,20251209,93030750,0,715204,A,S,93100,100,
600039.SH,600039,20251209,93030750,0,715970,A,S,93100,200,
600039.SH,600039,20251209,93030890,0,716545,A,S,102500,1000,
600039.SH,600039,20251209,93030890,0,717674,A,S,93100,100,
600039.SH,600039,20251209,93031170,0,719786,A,B,91300,5000,
600039.SH,600039,20251209,93031220,0,700955,D,S,93000,3200,
600039.SH,600039,20251209,93031220,0,720464,A,S,93300,100,
600039.SH,600039,20251209,93031220,0,668495,D,S,93000,1900,
600039.SH,600039,20251209,93031220,0,700951,D,S,93000,3200,
600039.SH,600039,20251209,93031220,0,617206,D,S,93200,400,
600039.SH,600039,20251209,93031220,0,720657,A,S,92900,200,
600039.SH,600039,20251209,93031220,0,720658,A,S,92900,400,
600039.SH,600039,20251209,93031220,0,720734,A,S,93000,100,
600039.SH,600039,20251209,93031220,0,688779,D,S,93200,100,
600039.SH,600039,20251209,93031220,0,654484,D,S,93100,100,
600039.SH,600039,20251209,93031220,0,654545,D,S,93200,800,
600039.SH,600039,20251209,93031220,0,654549,D,S,93200,100,
600039.SH,600039,20251209,93031220,0,672743,D,S,93100,500,
600039.SH,600039,20251209,93031360,0,721775,A,B,92900,200,
600039.SH,600039,20251209,93031480,0,722917,A,S,93100,300,
600039.SH,600039,20251209,93031480,0,723517,A,S,93200,100,
600039.SH,600039,20251209,93031480,0,723824,A,S,93200,700,
600039.SH,600039,20251209,93031630,0,723963,A,S,94200,200,
600039.SH,600039,20251209,93031630,0,724192,A,S,93000,1500,
600039.SH,600039,20251209,93031630,0,668498,D,S,93000,12500,
600039.SH,600039,20251209,93031630,0,725092,A,S,93100,100,
600039.SH,600039,20251209,93031780,0,692731,D,S,93200,100,
600039.SH,600039,20251209,93031780,0,692793,D,S,93200,500,
600039.SH,600039,20251209,93031780,0,726117,A,S,93100,200,
600039.SH,600039,20251209,93031790,0,635177,D,S,93200,100,
600039.SH,600039,20251209,93031790,0,559854,D,S,94000,3000,
600039.SH,600039,20251209,93031940,0,727661,A,S,93200,100,
600039.SH,600039,20251209,93031940,0,727666,A,S,93200,100,
600039.SH,600039,20251209,93031940,0,727963,A,S,92900,800,
600039.SH,600039,20251209,93032060,0,700952,D,S,93000,3200,
600039.SH,600039,20251209,93032060,0,700958,D,S,93000,3200,
600039.SH,600039,20251209,93032060,0,650042,D,S,93200,1300,
600039.SH,600039,20251209,93032060,0,691312,D,S,93000,11800,
600039.SH,600039,20251209,93032200,0,730432,A,S,93000,500,
600039.SH,600039,20251209,93032500,0,733327,A,B,92900,200,
600039.SH,600039,20251209,93032650,0,734297,A,S,93000,100,
600039.SH,600039,20251209,93032650,0,734447,A,S,93000,100,
600039.SH,600039,20251209,93032650,0,734495,A,S,93000,100,
600039.SH,600039,20251209,93032790,0,668500,D,S,93000,3300,
600039.SH,600039,20251209,93033070,0,738442,A,B,92900,100,
600039.SH,600039,20251209,93033250,0,740620,A,S,92900,500,
600039.SH,600039,20251209,93033250,0,701090,D,S,93000,100,
600039.SH,600039,20251209,93033250,0,740812,A,B,92900,700,
600039.SH,600039,20251209,93033250,0,740828,A,B,92900,1900,
600039.SH,600039,20251209,93033250,0,740860,A,B,92900,2100,
600039.SH,600039,20251209,93033250,0,740978,A,S,93200,500,
600039.SH,600039,20251209,93033400,0,701856,D,S,93000,3200,
600039.SH,600039,20251209,93033400,0,742120,A,S,97800,1000,
600039.SH,600039,20251209,93033530,0,742998,A,S,93200,1000,
600039.SH,600039,20251209,93033530,0,743167,A,S,93200,400,
600039.SH,600039,20251209,93033530,0,744205,A,S,93100,100,
600039.SH,600039,20251209,93033670,0,745583,A,S,93200,600,
600039.SH,600039,20251209,93033670,0,705068,D,S,93100,500,
600039.SH,600039,20251209,93033960,0,747739,A,S,93000,1000,
600039.SH,600039,20251209,93034090,0,748717,A,S,93100,900,
600039.SH,600039,20251209,93034090,0,748961,A,S,93100,300,
600039.SH,600039,20251209,93034090,0,749333,A,S,93200,2300,
600039.SH,600039,20251209,93034220,0,750820,A,S,93200,1400,
600039.SH,600039,20251209,93034370,0,751636,A,S,93300,300,
600039.SH,600039,20251209,93034370,0,645700,D,S,93100,3600,
600039.SH,600039,20251209,93034370,0,752497,A,S,93000,1700,
600039.SH,600039,20251209,93034370,0,752744,A,B,92800,100,
600039.SH,600039,20251209,93034520,0,753002,A,S,102400,100,
600039.SH,600039,20251209,93034520,0,754028,A,S,93100,300,
600039.SH,600039,20251209,93034660,0,754885,A,B,92900,500,
600039.SH,600039,20251209,93034660,0,754894,A,B,92900,1400,
600039.SH,600039,20251209,93034810,0,756401,A,S,93200,200,
600039.SH,600039,20251209,93034810,0,756444,A,S,93100,1800,
600039.SH,600039,20251209,93035080,0,610196,D,S,93200,100,
600039.SH,600039,20251209,93035080,0,674596,D,S,93100,400,
600039.SH,600039,20251209,93035080,0,759148,A,S,93000,300,
600039.SH,600039,20251209,93035080,0,674598,D,S,93100,200,
600039.SH,600039,20251209,93035080,0,610176,D,S,93200,400,
600039.SH,600039,20251209,93035080,0,610185,D,S,93200,700,
600039.SH,600039,20251209,93035080,0,759537,A,B,92900,1000,
600039.SH,600039,20251209,93035080,0,610198,D,S,93200,200,
600039.SH,600039,20251209,93035080,0,759719,A,S,93200,700,
600039.SH,600039,20251209,93035080,0,610191,D,S,93200,2300,
600039.SH,600039,20251209,93035190,0,759906,A,S,102500,100,
600039.SH,600039,20251209,93035190,0,610201,D,S,93200,200,
600039.SH,600039,20251209,93035190,0,610190,D,S,93200,900,
600039.SH,600039,20251209,93035190,0,610197,D,S,93200,300,
600039.SH,600039,20251209,93035190,0,610192,D,S,93200,300,
600039.SH,600039,20251209,93035190,0,700311,D,S,93200,200,
600039.SH,600039,20251209,93035190,0,610200,D,S,93200,400,
600039.SH,600039,20251209,93035190,0,610186,D,S,93200,300,
600039.SH,600039,20251209,93035190,0,760813,A,S,93000,800,
600039.SH,600039,20251209,93035190,0,657431,D,S,93200,200,
600039.SH,600039,20251209,93035190,0,761079,A,S,93000,100,
600039.SH,600039,20251209,93035340,0,610207,D,S,93200,200,
600039.SH,600039,20251209,93035490,0,674582,D,S,93200,100,
600039.SH,600039,20251209,93035490,0,645321,D,S,93200,100,
600039.SH,600039,20251209,93035490,0,610208,D,S,93200,200,
600039.SH,600039,20251209,93035490,0,610210,D,S,93200,200,
600039.SH,600039,20251209,93035490,0,645320,D,S,93200,200,
600039.SH,600039,20251209,93035490,0,412404,D,S,93600,13000,
600039.SH,600039,20251209,93035630,0,764227,A,S,93100,400,
600039.SH,600039,20251209,93035630,0,764514,A,S,93200,200,
600039.SH,600039,20251209,93035630,0,764800,A,S,93200,100,
600039.SH,600039,20251209,93035770,0,766901,A,S,102000,6300,
600039.SH,600039,20251209,93036050,0,769018,A,B,92900,1100,
600039.SH,600039,20251209,93036170,0,770491,A,B,92900,3200,
600039.SH,600039,20251209,93036170,0,771064,A,B,92900,3200,
600039.SH,600039,20251209,93036310,0,771297,A,S,93000,100,
600039.SH,600039,20251209,93036310,0,771315,A,S,93000,200,
600039.SH,600039,20251209,93036310,0,771324,A,S,93000,100,
600039.SH,600039,20251209,93036310,0,724192,D,S,93000,1500,
600039.SH,600039,20251209,93036470,0,747739,D,S,93000,1000,
600039.SH,600039,20251209,93036600,0,774326,A,S,93000,100,
600039.SH,600039,20251209,93036600,0,774780,A,B,92900,900,
600039.SH,600039,20251209,93036600,0,774781,A,B,92900,700,
600039.SH,600039,20251209,93037000,0,778929,A,S,93100,300,
600039.SH,600039,20251209,93037120,0,760813,D,S,93000,800,
600039.SH,600039,20251209,93037210,0,780027,A,B,92900,300,
600039.SH,600039,20251209,93037210,0,759148,D,S,93000,300,
600039.SH,600039,20251209,93037270,0,653985,D,S,93100,100,
600039.SH,600039,20251209,93037270,0,750820,D,S,93200,1400,
600039.SH,600039,20251209,93037330,0,780845,A,B,92900,1200,
600039.SH,600039,20251209,93037460,0,781948,A,S,93300,100,
600039.SH,600039,20251209,93037460,0,699682,D,S,93000,5400,
600039.SH,600039,20251209,93037780,0,743167,D,S,93200,400,
600039.SH,600039,20251209,93037780,0,681527,D,S,93200,600,
600039.SH,600039,20251209,93038040,0,785669,A,B,92900,100,
600039.SH,600039,20251209,93038040,0,785763,A,B,92900,1100,
600039.SH,600039,20251209,93038040,0,785773,A,B,92900,400,
600039.SH,600039,20251209,93038220,0,786982,A,B,91000,2000,
600039.SH,600039,20251209,93038330,0,412482,D,B,91300,11000,
600039.SH,600039,20251209,93038770,0,790272,A,B,92900,2100,
600039.SH,600039,20251209,93038770,0,790495,A,S,93100,100,
600039.SH,600039,20251209,93038950,0,791477,A,B,93000,1500,
600039.SH,600039,20251209,93038950,0,791479,A,B,92900,200,
600039.SH,600039,20251209,93039130,0,792747,A,B,93000,1600,
600039.SH,600039,20251209,93039630,0,795741,A,B,93000,1800,
600039.SH,600039,20251209,93039630,0,795826,A,B,92900,300,
600039.SH,600039,20251209,93039660,0,795874,A,S,102500,3000,
600039.SH,600039,20251209,93039780,0,796623,A,B,93000,100,
600039.SH,600039,20251209,93039780,0,796625,A,B,93000,100,
600039.SH,600039,20251209,93039800,0,754028,D,S,93100,300,
600039.SH,600039,20251209,93039850,0,742998,D,S,93200,1000,
600039.SH,600039,20251209,93039970,0,749333,D,S,93200,2300,
600039.SH,600039,20251209,93040030,0,798241,A,B,93000,200,
600039.SH,600039,20251209,93040160,0,799106,A,B,92300,700,
600039.SH,600039,20251209,93040180,0,799175,A,B,93000,100,
600039.SH,600039,20251209,93040180,0,799177,A,B,93000,400,
600039.SH,600039,20251209,93040310,0,800000,A,B,93000,200,
600039.SH,600039,20251209,93040390,0,800285,A,B,93000,200,
600039.SH,600039,20251209,93040390,0,800342,A,B,93000,2600,
600039.SH,600039,20251209,93040390,0,800343,A,B,93000,600,
600039.SH,600039,20251209,93040390,0,751636,D,S,93300,300,
600039.SH,600039,20251209,93040390,0,800344,A,B,93000,1400,
600039.SH,600039,20251209,93040390,0,720464,D,S,93300,100,
600039.SH,600039,20251209,93040390,0,800382,A,B,93000,1800,
600039.SH,600039,20251209,93040460,0,800940,A,S,93100,300,
600039.SH,600039,20251209,93040480,0,801070,A,B,93100,2100,
600039.SH,600039,20251209,93040480,0,589151,D,S,93200,3900,
600039.SH,600039,20251209,93040760,0,802646,A,B,93100,600,
600039.SH,600039,20251209,93040840,0,803074,A,B,93100,1300,
600039.SH,600039,20251209,93040920,0,803432,A,B,92900,900,
600039.SH,600039,20251209,93041060,0,804398,A,B,93100,400,
600039.SH,600039,20251209,93041080,0,804543,A,B,93100,400,
600039.SH,600039,20251209,93041140,0,804890,A,B,92900,1800,
600039.SH,600039,20251209,93041250,0,805564,A,S,93200,3900,
600039.SH,600039,20251209,93041380,0,806383,A,B,93100,100,
600039.SH,600039,20251209,93041690,0,807800,A,B,92000,400,
600039.SH,600039,20251209,93041720,0,807955,A,B,93000,200,
600039.SH,600039,20251209,93041720,0,808004,A,S,93200,6200,
600039.SH,600039,20251209,93041850,0,808776,A,B,93000,900,
600039.SH,600039,20251209,93041910,0,809290,A,B,93000,100,
600039.SH,600039,20251209,93042110,0,810741,A,B,93100,2900,
600039.SH,600039,20251209,93042220,0,811448,A,S,93200,3000,
600039.SH,600039,20251209,93042420,0,812666,A,B,91100,10000,
600039.SH,600039,20251209,93042520,0,813155,A,B,93000,200,
600039.SH,600039,20251209,93042720,0,814162,A,S,93200,900,
600039.SH,600039,20251209,93042750,0,814222,A,B,93000,600,
600039.SH,600039,20251209,93043190,0,816500,A,S,93200,2600,
600039.SH,600039,20251209,93043300,0,817118,A,B,93100,100,
600039.SH,600039,20251209,93043570,0,818479,A,B,93000,100,
600039.SH,600039,20251209,93044000,0,820590,A,B,93100,1000,
600039.SH,600039,20251209,93044000,0,820626,A,S,93200,700,
600039.SH,600039,20251209,93044020,0,820753,A,S,93200,1100,
600039.SH,600039,20251209,93044190,0,821473,A,B,93100,400,
600039.SH,600039,20251209,93044190,0,821546,A,S,93200,200,
600039.SH,600039,20251209,93044270,0,821948,A,S,93200,900,
600039.SH,600039,20251209,93044370,0,603178,D,S,93200,2600,
600039.SH,600039,20251209,93044600,0,823599,A,B,93100,500,
600039.SH,600039,20251209,93044820,0,824996,A,S,93000,12000,
600039.SH,600039,20251209,93044920,0,740978,D,S,93200,500,
600039.SH,600039,20251209,93045620,0,828889,A,B,93100,2400,
600039.SH,600039,20251209,93045730,0,829379,A,S,93000,800,
600039.SH,600039,20251209,93045860,0,830024,A,B,93100,300,
600039.SH,600039,20251209,93046140,0,831457,A,B,93100,100,
600039.SH,600039,20251209,93046160,0,831518,A,S,93000,400,
600039.SH,600039,20251209,93046210,0,831918,A,B,93100,200,
600039.SH,600039,20251209,93046210,0,831920,A,B,92900,300,
600039.SH,600039,20251209,93046260,0,832107,A,B,92900,4000,
600039.SH,600039,20251209,93046260,0,832154,A,B,93000,400,
600039.SH,600039,20251209,93046260,0,832156,A,B,93000,400,
600039.SH,600039,20251209,93046260,0,832185,A,S,93000,1000,
600039.SH,600039,20251209,93046260,0,832186,A,S,93300,100,
600039.SH,600039,20251209,93046260,0,832189,A,S,93000,3500,
600039.SH,600039,20251209,93046290,0,832208,A,S,93300,300,
600039.SH,600039,20251209,93046290,0,832260,A,S,93000,1800,
600039.SH,600039,20251209,93046480,0,833289,A,B,93000,100,
600039.SH,600039,20251209,93046560,0,833797,A,B,93000,400,
600039.SH,600039,20251209,93046760,0,834835,A,B,93000,100,
600039.SH,600039,20251209,93046980,0,836094,A,B,92900,700,
600039.SH,600039,20251209,93046980,0,836095,A,B,92800,700,
600039.SH,600039,20251209,93047250,0,837476,A,B,92900,1600,
600039.SH,600039,20251209,93047310,0,832107,D,B,92900,4000,
600039.SH,600039,20251209,93047330,0,838001,A,B,92800,600,
600039.SH,600039,20251209,93047330,0,838004,A,B,92900,700,
600039.SH,600039,20251209,93047440,0,799106,D,B,92300,700,
600039.SH,600039,20251209,93047500,0,838760,A,B,93000,400,
600039.SH,600039,20251209,93047500,0,838872,A,B,93000,100,
600039.SH,600039,20251209,93047710,0,808004,D,S,93200,6200,
600039.SH,600039,20251209,93047780,0,811448,D,S,93200,3000,
600039.SH,600039,20251209,93047930,0,805564,D,S,93200,3900,
600039.SH,600039,20251209,93047970,0,840996,A,B,93100,3000,
600039.SH,600039,20251209,93048190,0,842348,A,B,93000,100,
600039.SH,600039,20251209,93048190,0,842358,A,B,93000,400,
600039.SH,600039,20251209,93048210,0,842588,A,B,92900,700,
600039.SH,600039,20251209,93048270,0,842850,A,B,93000,100,
600039.SH,600039,20251209,93048360,0,843281,A,B,92800,600,
600039.SH,600039,20251209,93048360,0,843502,A,B,93000,15700,
600039.SH,600039,20251209,93048410,0,843694,A,B,92900,600,
600039.SH,600039,20251209,93048460,0,843963,A,B,92800,700,
600039.SH,600039,20251209,93048580,0,814162,D,S,93200,900,
600039.SH,600039,20251209,93048580,0,816500,D,S,93200,2600,
600039.SH,600039,20251209,93048720,0,845289,A,B,93100,400,
600039.SH,600039,20251209,93049020,0,821948,D,S,93200,900,
600039.SH,600039,20251209,93049080,0,568158,D,B,92000,100,
600039.SH,600039,20251209,93049350,0,832186,D,S,93300,100,
600039.SH,600039,20251209,93049350,0,848115,A,B,93100,1400,
600039.SH,600039,20251209,93049350,0,832208,D,S,93300,300,
600039.SH,600039,20251209,93049350,0,848205,A,B,93100,500,
600039.SH,600039,20251209,93049350,0,848213,A,B,93100,2100,
600039.SH,600039,20251209,93049450,0,848536,A,B,92900,600,
600039.SH,600039,20251209,93049500,0,843502,D,B,93000,15700,
600039.SH,600039,20251209,93049500,0,752744,D,B,92800,100,
600039.SH,600039,20251209,93049630,0,849397,A,B,93000,100,
600039.SH,600039,20251209,93049670,0,804890,D,B,92900,1800,
600039.SH,600039,20251209,93049790,0,842850,D,B,93000,100,
600039.SH,600039,20251209,93049860,0,771064,D,B,92900,2700,
600039.SH,600039,20251209,93049900,0,850599,A,B,93100,100,
600039.SH,600039,20251209,93050170,0,780027,D,B,92900,300,
600039.SH,600039,20251209,93050300,0,780845,D,B,92900,1200,
600039.SH,600039,20251209,93050350,0,852611,A,B,92900,200,
600039.SH,600039,20251209,93051300,0,785773,D,B,92900,400,
600039.SH,600039,20251209,93051340,0,785763,D,B,92900,1100,
600039.SH,600039,20251209,93051530,0,857628,A,B,93100,1200,
600039.SH,600039,20251209,93052110,0,838004,D,B,92900,700,
600039.SH,600039,20251209,93052110,0,842588,D,B,92900,700,
600039.SH,600039,20251209,93052110,0,843694,D,B,92900,600,
600039.SH,600039,20251209,93052280,0,837476,D,B,92900,1600,
600039.SH,600039,20251209,93052350,0,843281,D,B,92800,600,
600039.SH,600039,20251209,93052350,0,836095,D,B,92800,700,
600039.SH,600039,20251209,93052390,0,861140,A,B,93100,3600,
600039.SH,600039,20251209,93052390,0,861142,A,B,93100,1900,
600039.SH,600039,20251209,93052390,0,861151,A,B,93100,2100,
600039.SH,600039,20251209,93052390,0,861159,A,B,93100,500,
600039.SH,600039,20251209,93052460,0,861445,A,B,93000,600,
600039.SH,600039,20251209,93052460,0,861447,A,B,93000,600,
600039.SH,600039,20251209,93052580,0,862057,A,B,93100,10700,
600039.SH,600039,20251209,93052760,0,790272,D,B,92900,2100,
600039.SH,600039,20251209,93052790,0,863031,A,S,93200,200,
600039.SH,600039,20251209,93053310,0,865037,A,B,92800,200,
600039.SH,600039,20251209,93053910,0,867234,A,B,93100,400,
600039.SH,600039,20251209,93054750,0,870188,A,B,93300,2300,
600039.SH,600039,20251209,93054770,0,870246,A,B,93100,400,
600039.SH,600039,20251209,93054870,0,870635,A,B,92200,1000,
600039.SH,600039,20251209,93055270,0,872160,A,S,93300,300,
600039.SH,600039,20251209,93055270,0,872161,A,S,93300,200,
600039.SH,600039,20251209,93055270,0,872165,A,S,93300,200,
600039.SH,600039,20251209,93055270,0,872166,A,S,93300,400,
600039.SH,600039,20251209,93055270,0,872167,A,S,93300,400,
600039.SH,600039,20251209,93055270,0,872178,A,S,93300,100,
600039.SH,600039,20251209,93055270,0,872251,A,S,93300,300,
600039.SH,600039,20251209,93055270,0,872252,A,S,93300,100,
600039.SH,600039,20251209,93055270,0,872255,A,S,93300,100,
600039.SH,600039,20251209,93055270,0,872256,A,S,93300,100,
600039.SH,600039,20251209,93055270,0,872257,A,S,93300,100,
600039.SH,600039,20251209,93055270,0,872259,A,S,93300,300,
600039.SH,600039,20251209,93055270,0,872260,A,S,93300,200,
600039.SH,600039,20251209,93055300,0,872279,A,S,93300,400,
600039.SH,600039,20251209,93055300,0,872280,A,S,93300,100,
600039.SH,600039,20251209,93055300,0,872284,A,S,93300,300,
600039.SH,600039,20251209,93055300,0,872287,A,S,93300,100,
600039.SH,600039,20251209,93055300,0,872291,A,S,93400,100,
600039.SH,600039,20251209,93055300,0,872293,A,S,93300,100,
600039.SH,600039,20251209,93055300,0,872294,A,S,93300,100,
600039.SH,600039,20251209,93055300,0,872296,A,S,93300,300,
600039.SH,600039,20251209,93055580,0,873447,A,S,93300,1400,
600039.SH,600039,20251209,93055690,0,873975,A,B,92600,500,
600039.SH,600039,20251209,93055760,0,874223,A,B,93300,1600,
600039.SH,600039,20251209,93055860,0,874515,A,B,93300,2800,
600039.SH,600039,20251209,93056050,0,875452,A,B,93200,800,
600039.SH,600039,20251209,93056580,0,843963,D,B,92800,700,
600039.SH,600039,20251209,93056580,0,838001,D,B,92800,600,
600039.SH,600039,20251209,93056670,0,877807,A,B,93200,700,
600039.SH,600039,20251209,93056670,0,877808,A,B,93200,500,
600039.SH,600039,20251209,93056860,0,878449,A,B,93300,100,
600039.SH,600039,20251209,93056890,0,878631,A,B,93200,7600,
600039.SH,600039,20251209,93057430,0,880781,A,B,93200,100,
600039.SH,600039,20251209,93057460,0,880806,A,B,93200,100,
600039.SH,600039,20251209,93058300,0,884133,A,B,93300,2100,
600039.SH,600039,20251209,93058510,0,885017,A,S,93400,100,
600039.SH,600039,20251209,93058590,0,861142,D,B,93100,1900,
600039.SH,600039,20251209,93058590,0,861140,D,B,93100,3600,
600039.SH,600039,20251209,93058620,0,849397,D,B,93000,100,
600039.SH,600039,20251209,93058700,0,885698,A,B,93300,5000,
600039.SH,600039,20251209,93058700,0,885700,A,B,93300,1900,
600039.SH,600039,20251209,93058740,0,885851,A,B,93200,100,
600039.SH,600039,20251209,93058810,0,886105,A,B,93300,1500,
600039.SH,600039,20251209,93059070,0,774781,D,B,92900,700,
600039.SH,600039,20251209,93059070,0,836094,D,B,92900,700,
600039.SH,600039,20251209,93059070,0,861445,D,B,93000,600,
600039.SH,600039,20251209,93059070,0,861447,D,B,93000,600,
600039.SH,600039,20251209,93059140,0,887591,A,S,93400,300,
600039.SH,600039,20251209,93059180,0,887737,A,B,93200,500,
600039.SH,600039,20251209,93059180,0,887742,A,B,93200,600,
600039.SH,600039,20251209,93059180,0,887743,A,B,93200,600,
600039.SH,600039,20251209,93059180,0,887744,A,B,93200,600,
600039.SH,600039,20251209,93059180,0,774780,D,B,92900,900,
600039.SH,600039,20251209,93059290,0,888103,A,B,93200,1000,
600039.SH,600039,20251209,93059550,0,889171,A,S,93400,22700,
600039.SH,600039,20251209,93100150,0,845289,D,B,93100,400,
600039.SH,600039,20251209,93100310,0,892591,A,S,93400,900,
600039.SH,600039,20251209,93101310,0,898183,A,B,93300,2100,
600039.SH,600039,20251209,93101340,0,791479,D,B,92900,200,
600039.SH,600039,20251209,93101340,0,898402,A,B,93300,3900,
600039.SH,600039,20251209,93101340,0,898441,A,B,93300,100,
600039.SH,600039,20251209,93101360,0,885017,D,S,93400,100,
600039.SH,600039,20251209,93101440,0,899149,A,B,93000,100,
600039.SH,600039,20251209,93101600,0,899859,A,B,93300,3200,
600039.SH,600039,20251209,93102110,0,838872,D,B,93000,100,
600039.SH,600039,20251209,93102110,0,850599,D,B,93100,100,
600039.SH,600039,20251209,93102220,0,834835,D,B,93000,100,
600039.SH,600039,20251209,93102270,0,903058,A,B,93300,100,
600039.SH,600039,20251209,93102340,0,903272,A,B,93300,400,
600039.SH,600039,20251209,93102380,0,903537,A,B,93000,100,
600039.SH,600039,20251209,93102620,0,904471,A,S,94000,200,
600039.SH,600039,20251209,93103070,0,906601,A,B,93300,100,
600039.SH,600039,20251209,93103800,0,910069,A,B,92600,3000,
600039.SH,600039,20251209,93103970,0,910858,A,B,93300,400,
600039.SH,600039,20251209,93104600,0,913922,A,S,93400,400,
600039.SH,600039,20251209,93104720,0,914509,A,S,93400,100,
600039.SH,600039,20251209,93105110,0,916050,A,B,93200,1600,
600039.SH,600039,20251209,93105330,0,899149,D,B,93000,100,
600039.SH,600039,20251209,93105330,0,917193,A,S,93400,52800,
600039.SH,600039,20251209,93105400,0,903537,D,B,93000,100,
600039.SH,600039,20251209,93105620,0,918333,A,S,93400,400,
600039.SH,600039,20251209,93105760,0,919120,A,B,93200,500,
600039.SH,600039,20251209,93105800,0,919182,A,B,93300,3500,
600039.SH,600039,20251209,93106740,0,923758,A,B,93300,1500,
600039.SH,600039,20251209,93106780,0,923904,A,B,93200,900,
600039.SH,600039,20251209,93107010,0,925028,A,S,93400,1300,
600039.SH,600039,20251209,93107310,0,926345,A,B,93300,2100,
600039.SH,600039,20251209,93107500,0,862057,D,B,93100,10700,
600039.SH,600039,20251209,93107840,0,928525,A,B,93300,10700,
600039.SH,600039,20251209,93107870,0,928705,A,B,93200,1400,
600039.SH,600039,20251209,93108530,0,931607,A,S,93400,200,
600039.SH,600039,20251209,93108610,0,931903,A,B,93200,100,
600039.SH,600039,20251209,93110170,0,939368,A,S,93400,400,
600039.SH,600039,20251209,93110270,0,939667,A,S,93300,2800,
600039.SH,600039,20251209,93110330,0,940006,A,S,93200,2400,
600039.SH,600039,20251209,93110330,0,940119,A,S,93300,100,
600039.SH,600039,20251209,93110330,0,940130,A,S,93300,200,
600039.SH,600039,20251209,93110330,0,940142,A,S,93300,100,
600039.SH,600039,20251209,93110350,0,940210,A,S,93300,900,
600039.SH,600039,20251209,93110410,0,940549,A,B,93300,900,
600039.SH,600039,20251209,93110710,0,941976,A,B,93200,300,
600039.SH,600039,20251209,93110740,0,942052,A,B,93200,100,
600039.SH,600039,20251209,93111420,0,945361,A,B,93200,100,
600039.SH,600039,20251209,93111830,0,450847,D,S,94000,3000,
600039.SH,600039,20251209,93111900,0,947350,A,B,93200,8600,
600039.SH,600039,20251209,93111900,0,947363,A,S,93400,400,
600039.SH,600039,20251209,93112280,0,949017,A,B,93000,500,
600039.SH,600039,20251209,93112300,0,949226,A,S,93400,1300,
600039.SH,600039,20251209,93112800,0,951127,A,S,93300,13000,
600039.SH,600039,20251209,93112870,0,951483,A,S,93300,15100,
600039.SH,600039,20251209,93113180,0,952620,A,S,93300,10600,
600039.SH,600039,20251209,93113290,0,947363,D,S,93400,400,
600039.SH,600039,20251209,93113290,0,848115,D,B,93100,1400,
600039.SH,600039,20251209,93113290,0,913922,D,S,93400,400,
600039.SH,600039,20251209,93113320,0,939368,D,S,93400,400,
600039.SH,600039,20251209,93113320,0,872291,D,S,93400,100,
600039.SH,600039,20251209,93113640,0,954667,A,S,93300,1400,
600039.SH,600039,20251209,93113790,0,955195,A,S,93300,400,
600039.SH,600039,20251209,93114330,0,957349,A,B,91300,5000,
600039.SH,600039,20251209,93114390,0,952620,D,S,93300,10600,
600039.SH,600039,20251209,93115300,0,961404,A,B,93200,1300,
600039.SH,600039,20251209,93115340,0,961498,A,S,93400,900,
600039.SH,600039,20251209,93115500,0,949226,D,S,93400,1300,
600039.SH,600039,20251209,93115750,0,889171,D,S,93400,22700,
600039.SH,600039,20251209,93115980,0,963888,A,S,93300,100,
600039.SH,600039,20251209,93115980,0,963937,A,S,93300,22700,
600039.SH,600039,20251209,93116120,0,865037,D,B,92800,200,
600039.SH,600039,20251209,93116280,0,965189,A,S,93200,193,
600039.SH,600039,20251209,93116310,0,965293,A,S,93200,2200,
600039.SH,600039,20251209,93116310,0,965303,A,S,93200,2200,
600039.SH,600039,20251209,93116310,0,965363,A,S,93300,400,
600039.SH,600039,20251209,93116640,0,966770,A,S,93200,400,
600039.SH,600039,20251209,93116800,0,967581,A,S,93200,600,
600039.SH,600039,20251209,93116980,0,968349,A,S,93200,1300,
600039.SH,600039,20251209,93117230,0,969164,A,S,93200,300,
600039.SH,600039,20251209,93117410,0,970140,A,S,93300,1600,
600039.SH,600039,20251209,93117770,0,971516,A,S,93200,300,
600039.SH,600039,20251209,93118220,0,973384,A,S,99900,200,
600039.SH,600039,20251209,93118360,0,974033,A,S,93200,300,
600039.SH,600039,20251209,93118400,0,974190,A,S,93200,600,
600039.SH,600039,20251209,93119150,0,892591,D,S,93400,900,
600039.SH,600039,20251209,93119240,0,977385,A,S,93300,900,
600039.SH,600039,20251209,93119330,0,977701,A,S,93300,100,
600039.SH,600039,20251209,93119370,0,977853,A,S,93200,400,
600039.SH,600039,20251209,93119370,0,977859,A,B,92900,100,
600039.SH,600039,20251209,93119370,0,977867,A,B,92800,1300,
600039.SH,600039,20251209,93119370,0,977876,A,S,93200,500,
600039.SH,600039,20251209,93119370,0,977892,A,S,93000,300,
600039.SH,600039,20251209,93119370,0,977902,A,B,92900,100,
600039.SH,600039,20251209,93119370,0,977908,A,B,92900,100,
600039.SH,600039,20251209,93119400,0,977914,A,B,92900,300,
600039.SH,600039,20251209,93119400,0,977951,A,B,92900,500,
600039.SH,600039,20251209,93119400,0,977972,A,S,93200,2000,
600039.SH,600039,20251209,93119400,0,977991,A,S,93200,800,
600039.SH,600039,20251209,93119400,0,978001,A,S,93200,100,
600039.SH,600039,20251209,93119400,0,978009,A,B,92900,100,
600039.SH,600039,20251209,93119400,0,978069,A,B,92800,2200,
600039.SH,600039,20251209,93119400,0,978101,A,B,92900,500,
600039.SH,600039,20251209,93119400,0,978116,A,B,92900,500,
600039.SH,600039,20251209,93119400,0,978144,A,S,93200,400,
600039.SH,600039,20251209,93119430,0,978176,A,B,92900,100,
600039.SH,600039,20251209,93119430,0,978236,A,S,93100,900,
600039.SH,600039,20251209,93119460,0,978372,A,S,93100,300,
600039.SH,600039,20251209,93119460,0,978378,A,B,92900,100,
600039.SH,600039,20251209,93119460,0,955195,D,S,93300,400,
600039.SH,600039,20251209,93119520,0,978544,A,B,92900,10300,
600039.SH,600039,20251209,93119660,0,963888,D,S,93300,100,
600039.SH,600039,20251209,93119690,0,979166,A,B,92900,1000,
600039.SH,600039,20251209,93120070,0,965303,D,S,93200,2100,
600039.SH,600039,20251209,93120320,0,981698,A,S,93100,400,
600039.SH,600039,20251209,93120320,0,981795,A,S,93100,900,
600039.SH,600039,20251209,93120480,0,982464,A,S,93100,200,
600039.SH,600039,20251209,93120570,0,982837,A,S,93100,100,
600039.SH,600039,20251209,93121140,0,985228,A,S,93200,2000,
600039.SH,600039,20251209,93121270,0,985887,A,S,93200,2000,
600039.SH,600039,20251209,93121340,0,986149,A,S,95000,1000,
600039.SH,600039,20251209,93121340,0,986183,A,S,93100,200,
600039.SH,600039,20251209,93121480,0,986845,A,B,92800,100,
600039.SH,600039,20251209,93122270,0,978544,D,B,92900,10300,
600039.SH,600039,20251209,93122350,0,977876,D,S,93200,500,
600039.SH,600039,20251209,93122350,0,990151,A,B,93000,800,
600039.SH,600039,20251209,93122350,0,990212,A,B,93000,2100,
600039.SH,600039,20251209,93122350,0,990228,A,B,93000,700,
600039.SH,600039,20251209,93122390,0,990309,A,B,93000,600,
600039.SH,600039,20251209,93122420,0,990604,A,B,93000,100,
600039.SH,600039,20251209,93122500,0,990819,A,S,93200,600,
600039.SH,600039,20251209,93122530,0,990940,A,B,92900,100,
600039.SH,600039,20251209,93122560,0,991052,A,B,93000,300,
600039.SH,600039,20251209,93122920,0,992330,A,S,93100,1700,
600039.SH,600039,20251209,93122950,0,992492,A,B,92900,200,
600039.SH,600039,20251209,93123360,0,994098,A,B,92900,1800,
600039.SH,600039,20251209,93123570,0,995057,A,S,93700,100,
600039.SH,600039,20251209,93123810,0,996234,A,B,92900,1300,
600039.SH,600039,20251209,93123860,0,996460,A,B,90100,200,
600039.SH,600039,20251209,93124180,0,978378,D,B,92900,100,
600039.SH,600039,20251209,93124230,0,998088,A,B,92300,700,
600039.SH,600039,20251209,93124970,0,1001064,A,B,91000,3000,
600039.SH,600039,20251209,93125270,0,977853,D,S,93200,400,
600039.SH,600039,20251209,93125310,0,1002361,A,B,93000,2100,
600039.SH,600039,20251209,93125310,0,977991,D,S,93200,800,
600039.SH,600039,20251209,93125310,0,978144,D,S,93200,400,
600039.SH,600039,20251209,93125310,0,1002481,A,S,93200,600,
600039.SH,600039,20251209,93125560,0,1003390,A,S,93100,2100,
600039.SH,600039,20251209,93125810,0,1004431,A,S,93100,200,
600039.SH,600039,20251209,93125840,0,1004439,A,S,93100,900,
600039.SH,600039,20251209,93125950,0,1005067,A,S,93100,300,
600039.SH,600039,20251209,93127430,0,1011560,A,B,93000,200,
600039.SH,600039,20251209,93128310,0,1014808,A,S,93000,400,
600039.SH,600039,20251209,93128310,0,1014809,A,S,93000,300,
600039.SH,600039,20251209,93128340,0,1014889,A,B,93000,1400,
600039.SH,600039,20251209,93128380,0,1015052,A,S,93100,1000,
600039.SH,600039,20251209,93129040,0,1017611,A,S,93600,100,
600039.SH,600039,20251209,93130960,0,963937,D,S,93300,22700,
600039.SH,600039,20251209,93131220,0,1026563,A,S,93100,22700,
600039.SH,600039,20251209,93131290,0,1026745,A,S,93000,400,
600039.SH,600039,20251209,93131290,0,1026840,A,B,93000,1800,
600039.SH,600039,20251209,93131320,0,968349,D,S,93200,1300,
600039.SH,600039,20251209,93131490,0,931607,D,S,93400,200,
600039.SH,600039,20251209,93131950,0,1029363,A,B,92900,100,
600039.SH,600039,20251209,93131950,0,1029460,A,B,92700,200,
600039.SH,600039,20251209,93132080,0,1030007,A,S,95000,1000,
600039.SH,600039,20251209,93132220,0,1030394,A,B,92800,1200,
600039.SH,600039,20251209,93132430,0,1031331,A,S,93100,100,
600039.SH,600039,20251209,93132540,0,1031771,A,S,93100,200,
600039.SH,600039,20251209,93132560,0,1031838,A,S,93100,100,
600039.SH,600039,20251209,93132620,0,570393,D,S,93500,20000,
600039.SH,600039,20251209,93133430,0,998088,D,B,92300,700,
600039.SH,600039,20251209,93133530,0,977385,D,S,93300,900,
600039.SH,600039,20251209,93133530,0,1035580,A,B,92600,600,
600039.SH,600039,20251209,93133620,0,1035897,A,S,93100,900,
600039.SH,600039,20251209,93133710,0,1036233,A,S,93300,2600,
600039.SH,600039,20251209,93133950,0,1037054,A,S,93500,100,
600039.SH,600039,20251209,93134280,0,1038312,A,S,93000,300,
600039.SH,600039,20251209,93134320,0,1038403,A,S,93000,1700,
600039.SH,600039,20251209,93134350,0,1038640,A,S,93000,500,
600039.SH,600039,20251209,93134530,0,1031838,D,S,93100,100,
600039.SH,600039,20251209,93134560,0,1039308,A,B,92900,300,
600039.SH,600039,20251209,93134630,0,1039521,A,S,93000,100,
600039.SH,600039,20251209,93135660,0,954667,D,S,93300,1400,
600039.SH,600039,20251209,93135840,0,1044404,A,S,93900,2000,
600039.SH,600039,20251209,93135880,0,1044451,A,S,93000,100,
600039.SH,600039,20251209,93136430,0,1046892,A,B,92900,200,
600039.SH,600039,20251209,93136490,0,1039521,D,S,93000,100,
600039.SH,600039,20251209,93136930,0,1048683,A,B,92800,800,
600039.SH,600039,20251209,93137050,0,1049176,A,S,93000,300,
600039.SH,600039,20251209,93137220,0,1049797,A,S,93000,19700,
600039.SH,600039,20251209,93137810,0,971516,D,S,93200,300,
600039.SH,600039,20251209,93138210,0,969164,D,S,93200,300,
600039.SH,600039,20251209,93138610,0,1055539,A,S,94500,6000,
600039.SH,600039,20251209,93139950,0,1061554,A,B,92900,1100,
600039.SH,600039,20251209,93140030,0,1061752,A,S,93100,100,
600039.SH,600039,20251209,93140350,0,1063176,A,B,92800,200,
600039.SH,600039,20251209,93140350,0,1063178,A,S,92900,100,
600039.SH,600039,20251209,93140350,0,1063195,A,S,92900,400,
600039.SH,600039,20251209,93140350,0,1063248,A,B,92800,300,
600039.SH,600039,20251209,93140380,0,1063364,A,S,92900,400,
600039.SH,600039,20251209,93140380,0,1063424,A,B,92800,2100,
600039.SH,600039,20251209,93140630,0,1064489,A,B,92700,1000,
600039.SH,600039,20251209,93140690,0,1029460,D,B,92700,200,
600039.SH,600039,20251209,93140880,0,1065587,A,S,101100,2100,
600039.SH,600039,20251209,93141300,0,1067423,A,S,92900,1500,
600039.SH,600039,20251209,93141640,0,917193,D,S,93400,52800,
600039.SH,600039,20251209,93141690,0,985228,D,S,93200,2000,
600039.SH,600039,20251209,93142310,0,1072214,A,B,92800,1000,
600039.SH,600039,20251209,93142570,0,1073349,A,B,92800,200,
600039.SH,600039,20251209,93142780,0,1074454,A,B,92800,100,
600039.SH,600039,20251209,93143060,0,1075747,A,B,92800,400,
600039.SH,600039,20251209,93143630,0,1078788,A,S,96000,2000,
600039.SH,600039,20251209,93143710,0,1067423,D,S,92900,700,
600039.SH,600039,20251209,93144590,0,1084206,A,B,92800,800,
600039.SH,600039,20251209,93144750,0,1085046,A,S,92900,200,
600039.SH,600039,20251209,93145160,0,296310,D,B,92100,200,
600039.SH,600039,20251209,93145970,0,1091449,A,S,92800,12300,
600039.SH,600039,20251209,93146170,0,1026563,D,S,93100,22700,
600039.SH,600039,20251209,93146390,0,1093696,A,B,92800,12600,
600039.SH,600039,20251209,93146450,0,1093879,A,S,92900,22700,
600039.SH,600039,20251209,93146890,0,1095795,A,S,92900,100,
600039.SH,600039,20251209,93147360,0,1097719,A,S,92800,300,
600039.SH,600039,20251209,93147920,0,951127,D,S,93300,11793,
600039.SH,600039,20251209,93148050,0,1100986,A,B,92700,100,
600039.SH,600039,20251209,93148890,0,1044451,D,S,93000,100,
600039.SH,600039,20251209,93148990,0,1105463,A,S,92800,100,
600039.SH,600039,20251209,93149310,0,1106825,A,B,92700,7800,
600039.SH,600039,20251209,93149560,0,1035897,D,S,93100,900,
600039.SH,600039,20251209,93149670,0,1108391,A,S,92800,1100,
600039.SH,600039,20251209,93149860,0,1109271,A,S,92800,100,
600039.SH,600039,20251209,93150210,0,1110814,A,B,92800,1000,
600039.SH,600039,20251209,93150440,0,1111889,A,B,92800,100,
600039.SH,600039,20251209,93150550,0,1112257,A,B,92700,100,
600039.SH,600039,20251209,93151720,0,1117144,A,B,92800,200,
600039.SH,600039,20251209,93151970,0,1118134,A,B,92700,300,
600039.SH,600039,20251209,93152340,0,1119466,A,B,92800,1600,
600039.SH,600039,20251209,93152360,0,1119668,A,B,92800,100,
600039.SH,600039,20251209,93152380,0,887591,D,S,93400,300,
600039.SH,600039,20251209,93152380,0,965363,D,S,93300,400,
600039.SH,600039,20251209,93152420,0,1120005,A,S,92900,300,
600039.SH,600039,20251209,93152750,0,1121529,A,B,92800,2800,
600039.SH,600039,20251209,93153360,0,1124073,A,B,92800,500,
600039.SH,600039,20251209,93153610,0,1125155,A,B,91900,200,
600039.SH,600039,20251209,93153680,0,1125479,A,S,92900,700,
600039.SH,600039,20251209,93153760,0,1125856,A,B,92000,500,
600039.SH,600039,20251209,93154910,0,1130311,A,B,92800,200,
600039.SH,600039,20251209,93154950,0,1130482,A,B,92800,100,
600039.SH,600039,20251209,93155260,0,1131635,A,S,92900,200,
600039.SH,600039,20251209,93156150,0,1134950,A,B,92800,2000,
600039.SH,600039,20251209,93156590,0,1136795,A,S,95600,11600,
600039.SH,600039,20251209,93156790,0,1137650,A,B,92800,2400,
600039.SH,600039,20251209,93156910,0,1138051,A,B,92800,500,
600039.SH,600039,20251209,93157310,0,1139672,A,S,93000,100,
600039.SH,600039,20251209,93157630,0,1141005,A,B,92800,600,
600039.SH,600039,20251209,93157960,0,1142212,A,B,92800,300,
600039.SH,600039,20251209,93158610,0,1144580,A,S,92900,300,
600039.SH,600039,20251209,93158730,0,1145220,A,B,92700,1000,
600039.SH,600039,20251209,93158870,0,1145792,A,B,92800,400,
600039.SH,600039,20251209,93159300,0,1147184,A,B,92200,10000,
600039.SH,600039,20251209,93159860,0,1149488,A,B,92800,3400,
600039.SH,600039,20251209,93159860,0,1149551,A,B,92900,100,
600039.SH,600039,20251209,93159860,0,1149563,A,B,92900,2200,
600039.SH,600039,20251209,93159860,0,1149565,A,B,92800,3300,
600039.SH,600039,20251209,93159900,0,1149668,A,B,92800,400,
600039.SH,600039,20251209,93159900,0,1149708,A,B,92900,600,
600039.SH,600039,20251209,93159900,0,1149714,A,B,92800,3300,
600039.SH,600039,20251209,93159900,0,1149787,A,B,92900,500,
600039.SH,600039,20251209,93159940,0,1049797,D,S,93000,19700,
600039.SH,600039,20251209,93200130,0,1150609,A,B,92800,300,
600039.SH,600039,20251209,93200260,0,1151346,A,B,93000,500,
600039.SH,600039,20251209,93200260,0,1151352,A,B,93000,500,
600039.SH,600039,20251209,93200360,0,1151901,A,B,92900,2200,
600039.SH,600039,20251209,93200360,0,1151906,A,S,93100,3400,
600039.SH,600039,20251209,93200360,0,1151912,A,S,93100,3300,
600039.SH,600039,20251209,93200380,0,1152053,A,B,93000,500,
600039.SH,600039,20251209,93200380,0,1152060,A,B,93000,100,
600039.SH,600039,20251209,93200400,0,1152169,A,S,93100,3300,
600039.SH,600039,20251209,93200640,0,1153380,A,S,93000,700,
600039.SH,600039,20251209,93200730,0,1153851,A,B,92800,600,
600039.SH,600039,20251209,93201220,0,1156646,A,B,92700,500,
600039.SH,600039,20251209,93201220,0,1156702,A,S,94000,3000,
600039.SH,600039,20251209,93201320,0,1100986,D,B,92700,100,
600039.SH,600039,20251209,93201350,0,1157123,A,B,92900,1400,
600039.SH,600039,20251209,93201370,0,1157451,A,B,93000,300,
600039.SH,600039,20251209,93201410,0,1157725,A,B,92900,100,
600039.SH,600039,20251209,93201480,0,1157962,A,B,93000,100,
600039.SH,600039,20251209,93201800,0,1159314,A,B,92900,100,
600039.SH,600039,20251209,93201900,0,1159980,A,B,92900,100,
600039.SH,600039,20251209,93201980,0,1160207,A,B,92900,200,
600039.SH,600039,20251209,93202250,0,1161414,A,B,92900,200,
600039.SH,600039,20251209,93202330,0,1161835,A,B,92900,600,
600039.SH,600039,20251209,93202710,0,1119466,D,B,92800,1100,
600039.SH,600039,20251209,93202840,0,1164025,A,B,93000,2700,
600039.SH,600039,20251209,93203240,0,1166101,A,S,93100,1600,
600039.SH,600039,20251209,93203860,0,1168802,A,B,92900,200,
600039.SH,600039,20251209,93203880,0,1169046,A,B,92900,300,
600039.SH,600039,20251209,93203960,0,1169404,A,B,92900,600,
600039.SH,600039,20251209,93204300,0,1170814,A,B,92900,300,
600039.SH,600039,20251209,93204300,0,1119668,D,B,92800,100,
600039.SH,600039,20251209,93204330,0,1170931,A,B,93000,500,
600039.SH,600039,20251209,93205340,0,1175186,A,B,93000,2800,
600039.SH,600039,20251209,93205470,0,1145220,D,B,92700,1000,
600039.SH,600039,20251209,93205590,0,1176388,A,B,92900,500,
600039.SH,600039,20251209,93205590,0,1035580,D,B,92600,600,
600039.SH,600039,20251209,93205660,0,1176904,A,S,93100,1500,
600039.SH,600039,20251209,93205690,0,1177039,A,B,92900,900,
600039.SH,600039,20251209,93206710,0,1181431,A,S,102000,3000,
600039.SH,600039,20251209,93208570,0,1188693,A,S,93100,4500,
600039.SH,600039,20251209,93208850,0,1189736,A,B,93000,11300,
600039.SH,600039,20251209,93209360,0,1191873,A,B,93000,600,
600039.SH,600039,20251209,93209620,0,1130482,D,B,92800,100,
600039.SH,600039,20251209,93209860,0,1151912,D,S,93100,1400,
600039.SH,600039,20251209,93209900,0,1152169,D,S,93100,3300,
600039.SH,600039,20251209,93210390,0,1196100,A,S,93100,100,
600039.SH,600039,20251209,93210760,0,1197462,A,S,93100,600,
600039.SH,600039,20251209,93210760,0,1197501,A,B,93000,300,
600039.SH,600039,20251209,93211020,0,1157725,D,B,92900,100,
600039.SH,600039,20251209,93211110,0,1198717,A,S,93100,1900,
600039.SH,600039,20251209,93211920,0,1202250,A,S,93100,100,
600039.SH,600039,20251209,93212300,0,1203793,A,S,93100,3200,
600039.SH,600039,20251209,93212710,0,1205752,A,B,93000,1400,
600039.SH,600039,20251209,93212740,0,1205832,A,B,93000,100,
600039.SH,600039,20251209,93212880,0,1206521,A,B,93000,200,
600039.SH,600039,20251209,93212910,0,1206666,A,B,93000,200,
600039.SH,600039,20251209,93212940,0,1206939,A,B,93000,100,
600039.SH,600039,20251209,93212980,0,1207103,A,B,93000,100,
600039.SH,600039,20251209,93213160,0,1207959,A,B,93000,200,
600039.SH,600039,20251209,93213160,0,1208067,A,B,91500,1900,
600039.SH,600039,20251209,93213320,0,1208655,A,B,93000,100,
600039.SH,600039,20251209,93213320,0,1208670,A,B,93000,100,
600039.SH,600039,20251209,93213320,0,1208693,A,B,93000,200,
600039.SH,600039,20251209,93213320,0,1208696,A,B,93000,100,
600039.SH,600039,20251209,93213360,0,1208834,A,B,93000,100,
600039.SH,600039,20251209,93213620,0,1210276,A,B,90400,2000,
600039.SH,600039,20251209,93213620,0,1210375,A,B,93000,100,
600039.SH,600039,20251209,93213660,0,1210501,A,B,93000,100,
600039.SH,600039,20251209,93213660,0,1210619,A,B,93000,100,
600039.SH,600039,20251209,93213890,0,1212189,A,B,93000,300,
600039.SH,600039,20251209,93213890,0,1212197,A,B,93000,500,
600039.SH,600039,20251209,93213890,0,1212199,A,B,93000,100,
600039.SH,600039,20251209,93213890,0,1212208,A,B,93000,100,
600039.SH,600039,20251209,93213890,0,1212237,A,B,93000,100,
600039.SH,600039,20251209,93213890,0,1212309,A,B,93000,100,
600039.SH,600039,20251209,93213890,0,1212429,A,S,93100,100,
600039.SH,600039,20251209,93213910,0,1212515,A,B,93000,100,
600039.SH,600039,20251209,93213970,0,1212753,A,B,93000,100,
600039.SH,600039,20251209,93214000,0,1212930,A,B,93000,200,
600039.SH,600039,20251209,93214150,0,1213655,A,B,93000,100,
600039.SH,600039,20251209,93214150,0,1213689,A,B,93000,100,
600039.SH,600039,20251209,93214150,0,1213716,A,B,93000,400,
600039.SH,600039,20251209,93214150,0,1213745,A,B,93000,100,
600039.SH,600039,20251209,93214180,0,1213818,A,B,93000,100,
600039.SH,600039,20251209,93214180,0,1213875,A,B,93000,200,
600039.SH,600039,20251209,93214180,0,1213927,A,B,93000,200,
600039.SH,600039,20251209,93214180,0,1214077,A,B,93000,100,
600039.SH,600039,20251209,93214380,0,1215081,A,B,93000,100,
600039.SH,600039,20251209,93214380,0,1215096,A,B,93000,100,
600039.SH,600039,20251209,93214380,0,1215174,A,B,93000,100,
600039.SH,600039,20251209,93214380,0,1215175,A,B,93000,300,
600039.SH,600039,20251209,93214380,0,1215192,A,B,93000,100,
600039.SH,600039,20251209,93214380,0,1215229,A,B,93000,100,
600039.SH,600039,20251209,93214400,0,1215284,A,B,93000,100,
600039.SH,600039,20251209,93214400,0,1215352,A,B,93000,100,
600039.SH,600039,20251209,93214400,0,1215392,A,B,93000,100,
600039.SH,600039,20251209,93214400,0,1215393,A,B,93000,200,
600039.SH,600039,20251209,93214400,0,1215539,A,B,93000,500,
600039.SH,600039,20251209,93214400,0,1215628,A,B,93000,200,
600039.SH,600039,20251209,93214400,0,1215637,A,B,93000,200,
600039.SH,600039,20251209,93214430,0,1215778,A,B,93000,100,
600039.SH,600039,20251209,93214660,0,1216784,A,B,93000,100,
600039.SH,600039,20251209,93214660,0,1216786,A,B,93000,100,
600039.SH,600039,20251209,93214660,0,1216811,A,B,93000,100,
600039.SH,600039,20251209,93214660,0,1216868,A,B,93000,100,
600039.SH,600039,20251209,93214660,0,1217149,A,B,93000,200,
600039.SH,600039,20251209,93214890,0,1218243,A,B,93000,100,
600039.SH,600039,20251209,93215150,0,1219504,A,B,93000,100,
600039.SH,600039,20251209,93215370,0,1220519,A,B,93000,100,
600039.SH,600039,20251209,93215370,0,1220644,A,B,93000,100,
600039.SH,600039,20251209,93215370,0,1220657,A,B,93000,100,
600039.SH,600039,20251209,93215370,0,1220658,A,B,93000,100,
600039.SH,600039,20251209,93215370,0,1220672,A,B,93000,200,
600039.SH,600039,20251209,93215400,0,1220797,A,B,93000,100,
600039.SH,600039,20251209,93215420,0,1220896,A,B,93000,100,
600039.SH,600039,20251209,93215640,0,1221847,A,B,93000,200,
600039.SH,600039,20251209,93215640,0,1221932,A,B,93000,100,
600039.SH,600039,20251209,93215640,0,1222080,A,B,93000,200,
600039.SH,600039,20251209,93216380,0,1153851,D,B,92800,600,
600039.SH,600039,20251209,93216510,0,1226030,A,B,93000,600,
600039.SH,600039,20251209,93216630,0,1226529,A,B,93000,100,
600039.SH,600039,20251209,93216860,0,471451,D,S,93800,6000,
600039.SH,600039,20251209,93216880,0,1227511,A,B,93000,100,
600039.SH,600039,20251209,93216880,0,1227614,A,B,93000,200,
600039.SH,600039,20251209,93217070,0,1228217,A,B,93000,100,
600039.SH,600039,20251209,93217110,0,1228413,A,B,93000,100,
600039.SH,600039,20251209,93217140,0,1228699,A,B,93000,100,
600039.SH,600039,20251209,93217190,0,1228964,A,B,93000,200,
600039.SH,600039,20251209,93217400,0,1229927,A,B,93000,100,
600039.SH,600039,20251209,93217650,0,1230910,A,B,93000,100,
600039.SH,600039,20251209,93217990,0,1232407,A,S,93100,700,
600039.SH,600039,20251209,93218110,0,1232859,A,S,93100,600,
600039.SH,600039,20251209,93218150,0,1233230,A,B,93000,200,
600039.SH,600039,20251209,93218150,0,1233235,A,B,93000,100,
600039.SH,600039,20251209,93218390,0,1234192,A,B,93000,600,
600039.SH,600039,20251209,93218490,0,1234522,A,B,93000,100,
600039.SH,600039,20251209,93218990,0,1236476,A,B,91000,900,
600039.SH,600039,20251209,93219360,0,977701,D,S,93300,100,
600039.SH,600039,20251209,93219440,0,1238136,A,B,93000,500,
600039.SH,600039,20251209,93219550,0,1238560,A,S,93100,1000,
600039.SH,600039,20251209,93219550,0,1238628,A,S,93100,100,
600039.SH,600039,20251209,93219700,0,1239395,A,S,93300,20000,
600039.SH,600039,20251209,93219880,0,1240144,A,B,93000,100,
600039.SH,600039,20251209,93220540,0,1242648,A,B,92900,800,
600039.SH,600039,20251209,93221210,0,1245392,A,B,93000,400,
600039.SH,600039,20251209,93221810,0,1247991,A,S,98000,26600,
600039.SH,600039,20251209,93224190,0,1257369,A,B,93000,500,
600039.SH,600039,20251209,93225510,0,1262313,A,S,93100,100,
600039.SH,600039,20251209,93225800,0,1205752,D,B,93000,1400,
600039.SH,600039,20251209,93225800,0,1245392,D,B,93000,400,
600039.SH,600039,20251209,93227560,0,1161414,D,B,92900,200,
600039.SH,600039,20251209,93227930,0,1270439,A,B,93000,2200,
600039.SH,600039,20251209,93231870,0,1284947,A,S,93100,200,
600039.SH,600039,20251209,93231940,0,1285169,A,S,93100,200,
600039.SH,600039,20251209,93231970,0,1285320,A,S,93100,300,
600039.SH,600039,20251209,93233630,0,1121529,D,B,92800,2800,
600039.SH,600039,20251209,93233630,0,1064489,D,B,92700,1000,
600039.SH,600039,20251209,93233770,0,1291660,A,B,92800,900,
600039.SH,600039,20251209,93235720,0,1298673,A,B,93000,600,
600039.SH,600039,20251209,93236190,0,1300418,A,B,93000,1500,
600039.SH,600039,20251209,93238090,0,1291660,D,B,92800,900,
600039.SH,600039,20251209,93238190,0,1307569,A,B,93000,1000,
600039.SH,600039,20251209,93239940,0,1313811,A,S,93100,100,
600039.SH,600039,20251209,93240590,0,1316098,A,B,92700,4100,
600039.SH,600039,20251209,93242800,0,1324229,A,B,93000,100,
600039.SH,600039,20251209,93243670,0,1327376,A,S,93100,600,
600039.SH,600039,20251209,93243710,0,951483,D,S,93300,15100,
600039.SH,600039,20251209,93243840,0,1328034,A,S,93100,200,
600039.SH,600039,20251209,93244150,0,1329294,A,B,93100,1000,
600039.SH,600039,20251209,93244320,0,1330172,A,B,93000,100,
600039.SH,600039,20251209,93244380,0,1330465,A,B,93100,5000,
600039.SH,600039,20251209,93244450,0,1330673,A,B,93100,900,
600039.SH,600039,20251209,93244450,0,1330684,A,B,93100,1000,
600039.SH,600039,20251209,93244640,0,1331303,A,B,93100,100,
600039.SH,600039,20251209,93244640,0,1331304,A,B,93100,100,
600039.SH,600039,20251209,93244640,0,1331309,A,B,93100,100,
600039.SH,600039,20251209,93244640,0,1331311,A,B,93100,100,
600039.SH,600039,20251209,93244640,0,1331314,A,B,93100,100,
600039.SH,600039,20251209,93244640,0,1331338,A,B,93100,100,
600039.SH,600039,20251209,93246120,0,1336454,A,B,93100,1900,
600039.SH,600039,20251209,93246310,0,1337288,A,B,93100,1800,
600039.SH,600039,20251209,93246380,0,1106825,D,B,92700,7800,
600039.SH,600039,20251209,93246380,0,1337609,A,B,93100,7900,
600039.SH,600039,20251209,93246600,0,985887,D,S,93200,2000,
600039.SH,600039,20251209,93246630,0,1338494,A,B,93200,2000,
600039.SH,600039,20251209,93246880,0,1339388,A,B,93100,100,
600039.SH,600039,20251209,93246880,0,1339446,A,B,93100,500,
600039.SH,600039,20251209,93246880,0,1339459,A,B,93100,2100,
600039.SH,600039,20251209,93247190,0,1340731,A,B,93100,1100,
600039.SH,600039,20251209,93247360,0,1341330,A,S,93300,100,
600039.SH,600039,20251209,93247380,0,1341517,A,B,93200,500,
600039.SH,600039,20251209,93247380,0,1341542,A,B,93200,2100,
600039.SH,600039,20251209,93247580,0,1342181,A,B,93100,600,
600039.SH,600039,20251209,93247640,0,1342489,A,B,93100,100,
600039.SH,600039,20251209,93249170,0,1348149,A,B,93200,2100,
600039.SH,600039,20251209,93249400,0,1226030,D,B,93000,600,
600039.SH,600039,20251209,93249400,0,1238136,D,B,93000,500,
600039.SH,600039,20251209,93249480,0,1349514,A,B,93200,600,
600039.SH,600039,20251209,93249590,0,1307569,D,B,93000,1000,
600039.SH,600039,20251209,93249590,0,1191873,D,B,93000,600,
600039.SH,600039,20251209,93249590,0,1349840,A,B,93200,500,
600039.SH,600039,20251209,93249660,0,1350199,A,B,93200,100,
600039.SH,600039,20251209,93249660,0,1350216,A,B,93200,2100,
600039.SH,600039,20251209,93249730,0,1350427,A,B,93200,1600,
600039.SH,600039,20251209,93249880,0,1350859,A,B,93200,600,
600039.SH,600039,20251209,93250380,0,1352688,A,B,93200,2100,
600039.SH,600039,20251209,93251860,0,1177039,D,B,92900,900,
600039.SH,600039,20251209,93251860,0,1176388,D,B,92900,500,
600039.SH,600039,20251209,93251860,0,1242648,D,B,92900,800,
600039.SH,600039,20251209,93251980,0,1358308,A,B,93100,900,
600039.SH,600039,20251209,93251980,0,1358309,A,B,93100,500,
600039.SH,600039,20251209,93251980,0,1358311,A,B,93100,800,
600039.SH,600039,20251209,93252130,0,1358849,A,B,93200,1700,
600039.SH,600039,20251209,93252260,0,970140,D,S,93300,1300,
600039.SH,600039,20251209,93252260,0,1359401,A,B,93200,200,
600039.SH,600039,20251209,93252690,0,1360883,A,S,93300,600,
600039.SH,600039,20251209,93253080,0,1362141,A,B,93200,1200,
600039.SH,600039,20251209,93253150,0,1362444,A,S,93300,100,
600039.SH,600039,20251209,93253930,0,1365160,A,B,93200,800,
600039.SH,600039,20251209,93255350,0,1370053,A,S,94000,600,
600039.SH,600039,20251209,93255800,0,1371696,A,S,93300,100,
600039.SH,600039,20251209,93255910,0,1372072,A,B,93200,100,
600039.SH,600039,20251209,93256160,0,1372972,A,S,93300,600,
600039.SH,600039,20251209,93257690,0,1378469,A,S,93300,200,
600039.SH,600039,20251209,93257810,0,1378908,A,B,93200,1200,
600039.SH,600039,20251209,93258050,0,1379684,A,B,83900,100,
