万得代码,交易所代码,自然日,时间,委托编号,交易所委托号,委托类型,委托代码,委托价格,委托数量,
600017.SH,600017,20251209,91400360,0,0,S,I,0,0,
600017.SH,600017,20251209,91500060,0,799,A,S,30400,11500,
600017.SH,600017,20251209,91500060,0,826,A,B,30100,10100,
600017.SH,600017,20251209,91500060,0,828,A,B,30000,10100,
600017.SH,600017,20251209,91500060,0,843,A,B,30000,10000,
600017.SH,600017,20251209,91500060,0,936,A,B,30200,3700,
600017.SH,600017,20251209,91500060,0,982,A,B,30100,10000,
600017.SH,600017,20251209,91500060,0,995,A,S,30500,2500,
600017.SH,600017,20251209,91500060,0,1004,A,B,30200,20100,
600017.SH,600017,20251209,91500060,0,1042,A,S,30400,5500,
600017.SH,600017,20251209,91500060,0,1044,A,S,30400,23300,
600017.SH,600017,20251209,91500100,0,1457,A,B,29900,10100,
600017.SH,600017,20251209,91500100,0,1704,A,S,30400,4000,
600017.SH,600017,20251209,91500260,0,1836,A,S,30300,55200,
600017.SH,600017,20251209,91500260,0,1849,A,S,30400,55200,
600017.SH,600017,20251209,91500260,0,1869,A,S,30500,55200,
600017.SH,600017,20251209,91500260,0,1889,A,B,30200,55200,
600017.SH,600017,20251209,91500260,0,1897,A,B,30100,55200,
600017.SH,600017,20251209,91500260,0,1919,A,B,30000,55200,
600017.SH,600017,20251209,91500260,0,2253,A,B,30100,8000,
600017.SH,600017,20251209,91500260,0,2289,A,B,29900,8500,
600017.SH,600017,20251209,91500300,0,2353,A,B,30200,10000,
600017.SH,600017,20251209,91500300,0,2365,A,B,30100,10000,
600017.SH,600017,20251209,91500300,0,2366,A,S,30500,8000,
600017.SH,600017,20251209,91500300,0,2367,A,B,30000,10000,
600017.SH,600017,20251209,91500300,0,2370,A,B,30100,10500,
600017.SH,600017,20251209,91500300,0,2396,A,S,30500,10500,
600017.SH,600017,20251209,91500300,0,2444,A,S,30600,5000,
600017.SH,600017,20251209,91500300,0,2451,A,S,30400,10000,
600017.SH,600017,20251209,91500300,0,2472,A,B,30100,11500,
600017.SH,600017,20251209,91500300,0,2546,A,B,30000,10000,
600017.SH,600017,20251209,91500300,0,2547,A,S,30500,3000,
600017.SH,600017,20251209,91500300,0,2554,A,B,30000,3000,
600017.SH,600017,20251209,91500300,0,2671,A,S,30600,2500,
600017.SH,600017,20251209,91500300,0,2675,A,B,30200,20100,
600017.SH,600017,20251209,91500300,0,2679,A,B,30100,20100,
600017.SH,600017,20251209,91500300,0,2683,A,B,30100,20100,
600017.SH,600017,20251209,91500300,0,2684,A,B,30100,40200,
600017.SH,600017,20251209,91500300,0,2686,A,B,30000,20100,
600017.SH,600017,20251209,91500300,0,2688,A,B,30000,20100,
600017.SH,600017,20251209,91500300,0,2690,A,B,30000,40200,
600017.SH,600017,20251209,91500300,0,2691,A,S,30400,20100,
600017.SH,600017,20251209,91500300,0,2692,A,S,30400,20100,
600017.SH,600017,20251209,91500300,0,2697,A,S,30400,40200,
600017.SH,600017,20251209,91500300,0,2698,A,S,30500,20100,
600017.SH,600017,20251209,91500300,0,2699,A,S,30500,20100,
600017.SH,600017,20251209,91500300,0,2700,A,S,30500,40200,
600017.SH,600017,20251209,91500300,0,2702,A,S,30500,20100,
600017.SH,600017,20251209,91500300,0,2703,A,B,29900,20100,
600017.SH,600017,20251209,91500300,0,2705,A,B,29900,20100,
600017.SH,600017,20251209,91500300,0,2706,A,B,29900,40200,
600017.SH,600017,20251209,91500300,0,2709,A,B,29800,20100,
600017.SH,600017,20251209,91500300,0,2711,A,B,29800,20100,
600017.SH,600017,20251209,91500300,0,2714,A,B,29800,20100,
600017.SH,600017,20251209,91500300,0,2715,A,B,29700,20100,
600017.SH,600017,20251209,91500300,0,2728,A,B,30100,15000,
600017.SH,600017,20251209,91500320,0,2805,A,S,30300,16000,
600017.SH,600017,20251209,91500320,0,2959,A,S,30400,10000,
600017.SH,600017,20251209,91500360,0,3010,A,B,30200,10100,
600017.SH,600017,20251209,91500360,0,3022,A,S,33300,100,
600017.SH,600017,20251209,91500360,0,3098,A,B,30200,4000,
600017.SH,600017,20251209,91500360,0,3099,A,S,30500,5500,
600017.SH,600017,20251209,91500360,0,3100,A,B,30100,4000,
600017.SH,600017,20251209,91500360,0,3196,A,B,30000,45600,
600017.SH,600017,20251209,91500360,0,3262,A,S,30500,10000,
600017.SH,600017,20251209,91500410,0,3306,A,B,30000,10500,
600017.SH,600017,20251209,91500410,0,3396,A,S,30500,30000,
600017.SH,600017,20251209,91500410,0,3438,A,S,30600,20000,
600017.SH,600017,20251209,91500410,0,3889,A,S,30500,40000,
600017.SH,600017,20251209,91500450,0,4159,A,S,30400,10000,
600017.SH,600017,20251209,91500450,0,4188,A,S,30600,10000,
600017.SH,600017,20251209,91500450,0,4189,A,S,30700,20000,
600017.SH,600017,20251209,91500450,0,4190,A,S,30800,20000,
600017.SH,600017,20251209,91500480,0,4358,A,S,33000,300,
600017.SH,600017,20251209,91500480,0,4368,A,S,30600,4500,
600017.SH,600017,20251209,91500480,0,4369,A,S,30700,4000,
600017.SH,600017,20251209,91500480,0,4370,A,S,30800,4000,
600017.SH,600017,20251209,91500480,0,4371,A,B,30000,4000,
600017.SH,600017,20251209,91500480,0,4374,A,B,29900,4000,
600017.SH,600017,20251209,91500480,0,4375,A,B,29800,4000,
600017.SH,600017,20251209,91500480,0,4376,A,B,29700,4000,
600017.SH,600017,20251209,91500500,0,4377,A,S,30400,19200,
600017.SH,600017,20251209,91500500,0,4395,A,B,29100,5000,
600017.SH,600017,20251209,91500500,0,4407,A,S,33300,1300,
600017.SH,600017,20251209,91501430,0,5219,A,S,30600,6000,
600017.SH,600017,20251209,91501450,0,5535,A,B,30200,3000,
600017.SH,600017,20251209,91501680,0,6425,A,B,30100,8000,
600017.SH,600017,20251209,91501680,0,6442,A,B,30200,5000,
600017.SH,600017,20251209,91501680,0,6462,A,B,30000,9000,
600017.SH,600017,20251209,91501680,0,6463,A,B,29900,19600,
600017.SH,600017,20251209,91501680,0,6486,A,B,30100,19600,
600017.SH,600017,20251209,91501680,0,6512,A,B,30000,19600,
600017.SH,600017,20251209,91501700,0,6602,A,B,30100,1100,
600017.SH,600017,20251209,91501700,0,6786,A,B,30100,20300,
600017.SH,600017,20251209,91501700,0,6790,A,S,30500,20300,
600017.SH,600017,20251209,91501720,0,7547,A,S,30700,7700,
600017.SH,600017,20251209,91501770,0,8329,A,B,30100,4000,
600017.SH,600017,20251209,91501810,0,8416,A,B,29700,6000,
600017.SH,600017,20251209,91501810,0,8582,A,B,30100,2000,
600017.SH,600017,20251209,91501810,0,8680,A,S,31500,2000,
600017.SH,600017,20251209,91501810,0,9004,A,B,28000,800,
600017.SH,600017,20251209,91501810,0,9403,A,S,32900,100,
600017.SH,600017,20251209,91501810,0,9798,A,S,30500,5500,
600017.SH,600017,20251209,91501810,0,9816,A,S,30400,5000,
600017.SH,600017,20251209,91501910,0,10442,A,S,31800,80000,
600017.SH,600017,20251209,91501910,0,11225,A,B,30000,20000,
600017.SH,600017,20251209,91501910,0,11299,A,B,29200,100,
600017.SH,600017,20251209,91501910,0,11829,A,B,30100,22300,
600017.SH,600017,20251209,91501910,0,11831,A,S,31000,15000,
600017.SH,600017,20251209,91502080,0,12270,A,B,30200,6600,
600017.SH,600017,20251209,91502080,0,12315,A,S,33300,100,
600017.SH,600017,20251209,91502080,0,12439,A,B,30800,3300,
600017.SH,600017,20251209,91502080,0,12461,A,B,30000,204300,
600017.SH,600017,20251209,91502080,0,12462,A,S,30500,200800,
600017.SH,600017,20251209,91502080,0,12636,A,S,31800,5300,
600017.SH,600017,20251209,91502080,0,12799,A,S,30500,22300,
600017.SH,600017,20251209,91502080,0,12829,A,S,30400,22200,
600017.SH,600017,20251209,91502080,0,13001,A,B,30100,5000,
600017.SH,600017,20251209,91502080,0,13046,A,B,30100,100000,
600017.SH,600017,20251209,91502080,0,13047,A,S,30600,5000,
600017.SH,600017,20251209,91502080,0,13110,A,B,29900,100000,
600017.SH,600017,20251209,91502080,0,13293,A,S,30600,15000,
600017.SH,600017,20251209,91502080,0,13381,A,S,30800,2500,
600017.SH,600017,20251209,91502080,0,13465,A,S,33300,1800,
600017.SH,600017,20251209,91502080,0,13590,A,B,30100,12000,
600017.SH,600017,20251209,91502080,0,13688,A,B,29900,54000,
600017.SH,600017,20251209,91502080,0,13693,A,S,33000,900,
600017.SH,600017,20251209,91502080,0,13882,A,S,30800,40000,
600017.SH,600017,20251209,91502200,0,14313,A,S,33300,500,
600017.SH,600017,20251209,91502200,0,14396,A,B,30000,3300,
600017.SH,600017,20251209,91502200,0,14811,A,B,30200,7700,
600017.SH,600017,20251209,91502200,0,14822,A,B,30100,7700,
600017.SH,600017,20251209,91502200,0,14878,A,S,30500,321800,
600017.SH,600017,20251209,91502270,0,15769,A,B,30000,9900,
600017.SH,600017,20251209,91502340,0,16536,A,S,30800,9900,
600017.SH,600017,20251209,91502340,0,16541,A,B,29900,9900,
600017.SH,600017,20251209,91502380,0,17072,A,S,30500,100000,
600017.SH,600017,20251209,91502380,0,17140,A,S,30400,50000,
600017.SH,600017,20251209,91502420,0,17200,A,S,30500,30000,
600017.SH,600017,20251209,91502420,0,17444,A,B,30200,50000,
600017.SH,600017,20251209,91502420,0,17464,A,S,31600,1000,
600017.SH,600017,20251209,91502470,0,17602,A,S,31100,3000,
600017.SH,600017,20251209,91502470,0,17714,A,S,31100,10000,
600017.SH,600017,20251209,91502510,0,18315,A,S,30200,300,
600017.SH,600017,20251209,91502540,0,18929,A,S,31000,500,
600017.SH,600017,20251209,91502540,0,18977,A,S,30500,300,
600017.SH,600017,20251209,91502590,0,19522,A,B,29800,20000,
600017.SH,600017,20251209,91502590,0,19903,A,S,30400,99000,
600017.SH,600017,20251209,91502590,0,19904,A,S,30400,99100,
600017.SH,600017,20251209,91502590,0,19990,A,S,30500,99100,
600017.SH,600017,20251209,91502590,0,20008,A,S,30500,99100,
600017.SH,600017,20251209,91502590,0,20111,A,B,30000,2000,
600017.SH,600017,20251209,91502590,0,20270,A,S,30600,20000,
600017.SH,600017,20251209,91502590,0,20312,A,S,31300,27600,
600017.SH,600017,20251209,91502590,0,20513,A,B,29400,1000,
600017.SH,600017,20251209,91502590,0,20975,A,S,33200,20000,
600017.SH,600017,20251209,91502590,0,20988,A,B,29700,20000,
600017.SH,600017,20251209,91502590,0,21356,A,S,32000,1000,
600017.SH,600017,20251209,91502720,0,22030,A,S,30400,18300,
600017.SH,600017,20251209,91502720,0,22036,A,S,30500,18300,
600017.SH,600017,20251209,91502720,0,22039,A,B,30200,30700,
600017.SH,600017,20251209,91502720,0,22042,A,B,30100,30800,
600017.SH,600017,20251209,91502720,0,22095,A,S,31500,1000,
600017.SH,600017,20251209,91502720,0,22163,A,S,33300,800,
600017.SH,600017,20251209,91502720,0,22246,A,B,30000,10100,
600017.SH,600017,20251209,91502720,0,22822,A,B,29700,10100,
600017.SH,600017,20251209,91502720,0,22967,A,B,30200,10000,
600017.SH,600017,20251209,91502720,0,22984,A,B,30100,10000,
600017.SH,600017,20251209,91502720,0,23357,A,S,32000,300,
600017.SH,600017,20251209,91502850,0,23662,A,B,30000,3300,
600017.SH,600017,20251209,91502850,0,23728,A,B,30100,3300,
600017.SH,600017,20251209,91502850,0,23751,A,B,29900,3300,
600017.SH,600017,20251209,91502850,0,24309,A,S,31100,1000,
600017.SH,600017,20251209,91502850,0,24896,A,S,33300,4000,
600017.SH,600017,20251209,91502850,0,25044,A,S,31000,5000,
600017.SH,600017,20251209,91502850,0,25194,A,S,30400,3000,
600017.SH,600017,20251209,91502850,0,25204,A,B,30100,3000,
600017.SH,600017,20251209,91502970,0,25613,A,B,30100,30000,
600017.SH,600017,20251209,91502970,0,26096,A,S,30500,2000,
600017.SH,600017,20251209,91502970,0,26997,A,S,33100,100,
600017.SH,600017,20251209,91502970,0,27357,A,S,30500,1200,
600017.SH,600017,20251209,91502970,0,27369,A,S,30600,1300,
600017.SH,600017,20251209,91503100,0,27391,A,S,30700,1400,
600017.SH,600017,20251209,91503100,0,27401,A,S,30800,1400,
600017.SH,600017,20251209,91503100,0,27415,A,S,30900,1500,
600017.SH,600017,20251209,91503100,0,27435,A,S,31000,1600,
600017.SH,600017,20251209,91503100,0,27470,A,S,31100,1700,
600017.SH,600017,20251209,91503100,0,27635,A,S,30600,19000,
600017.SH,600017,20251209,91503100,0,27666,A,S,31400,4800,
600017.SH,600017,20251209,91503100,0,28331,A,B,30100,9000,
600017.SH,600017,20251209,91503100,0,28541,A,B,29300,25800,
600017.SH,600017,20251209,91503220,0,30589,A,S,31100,10100,
600017.SH,600017,20251209,91503220,0,30590,A,S,31200,10100,
600017.SH,600017,20251209,91503220,0,30906,A,B,30000,21200,
600017.SH,600017,20251209,91503220,0,30907,A,B,30200,13500,
600017.SH,600017,20251209,91503220,0,31005,A,B,29800,10100,
600017.SH,600017,20251209,91503350,0,31623,A,S,32000,4000,
600017.SH,600017,20251209,91503350,0,31637,A,S,30400,20600,
600017.SH,600017,20251209,91503350,0,31638,A,S,30500,21800,
600017.SH,600017,20251209,91503350,0,32049,A,S,31000,4400,
600017.SH,600017,20251209,91503350,0,32199,A,S,33300,3000,
600017.SH,600017,20251209,91503350,0,32463,A,B,30100,400,
600017.SH,600017,20251209,91503350,0,32982,A,S,30800,3000,
600017.SH,600017,20251209,91503350,0,32983,A,S,31000,3000,
600017.SH,600017,20251209,91503350,0,32990,A,S,31200,3000,
600017.SH,600017,20251209,91503350,0,32991,A,S,31600,3000,
600017.SH,600017,20251209,91503350,0,33001,A,S,32000,3000,
600017.SH,600017,20251209,91503350,0,33016,A,S,32400,3000,
600017.SH,600017,20251209,91503350,0,33017,A,S,32800,3000,
600017.SH,600017,20251209,91503350,0,33032,A,S,33300,20000,
600017.SH,600017,20251209,91503480,0,33330,A,S,33300,1200,
600017.SH,600017,20251209,91503480,0,33594,A,B,29800,1000,
600017.SH,600017,20251209,91503480,0,33631,A,S,30600,30000,
600017.SH,600017,20251209,91503480,0,33645,A,S,30700,40000,
600017.SH,600017,20251209,91503480,0,33878,A,B,29300,5000,
600017.SH,600017,20251209,91503480,0,34077,A,B,28700,5000,
600017.SH,600017,20251209,91503480,0,34096,A,B,29500,2000,
600017.SH,600017,20251209,91503480,0,34107,A,B,28900,5000,
600017.SH,600017,20251209,91503480,0,34116,A,S,33000,3000,
600017.SH,600017,20251209,91503480,0,34129,A,B,30000,2000,
600017.SH,600017,20251209,91503480,0,34137,A,S,31500,3000,
600017.SH,600017,20251209,91503480,0,34145,A,S,31000,3000,
600017.SH,600017,20251209,91503480,0,34154,A,S,32000,3000,
600017.SH,600017,20251209,91503480,0,34162,A,S,33100,1000,
600017.SH,600017,20251209,91503480,0,34180,A,S,32500,3000,
600017.SH,600017,20251209,91503480,0,34317,A,B,30000,5000,
600017.SH,600017,20251209,91503480,0,34533,A,S,30600,30000,
600017.SH,600017,20251209,91503480,0,34621,A,B,30200,400,
600017.SH,600017,20251209,91503610,0,35352,A,B,28000,45600,
600017.SH,600017,20251209,91503610,0,35612,A,S,30500,10000,
600017.SH,600017,20251209,91503610,0,36191,A,S,33300,600,
600017.SH,600017,20251209,91503610,0,36409,A,B,29800,2000,
600017.SH,600017,20251209,91503610,0,36433,A,S,33300,100,
600017.SH,600017,20251209,91503610,0,36917,A,B,29800,55200,
600017.SH,600017,20251209,91503610,0,36926,A,S,32500,1000,
600017.SH,600017,20251209,91503750,0,37489,A,B,29900,55200,
600017.SH,600017,20251209,91503750,0,37555,A,B,30200,4000,
600017.SH,600017,20251209,91503750,0,38003,A,B,29900,500,
600017.SH,600017,20251209,91503750,0,38379,A,S,32100,1000,
600017.SH,600017,20251209,91503750,0,38458,A,B,30100,2000,
600017.SH,600017,20251209,91503750,0,38466,A,S,32100,4000,
600017.SH,600017,20251209,91503750,0,38691,A,S,30700,55200,
600017.SH,600017,20251209,91503910,0,39728,A,S,30600,55200,
600017.SH,600017,20251209,91503910,0,40408,A,B,30100,200,
600017.SH,600017,20251209,91503910,0,40418,A,B,29800,300,
600017.SH,600017,20251209,91503910,0,40672,A,S,30500,12500,
600017.SH,600017,20251209,91503910,0,40982,A,B,30100,200,
600017.SH,600017,20251209,91503910,0,41009,A,S,33200,100,
600017.SH,600017,20251209,91504070,0,41372,A,S,30400,61100,
600017.SH,600017,20251209,91504070,0,41376,A,S,30500,61100,
600017.SH,600017,20251209,91504070,0,41384,A,S,30600,61100,
600017.SH,600017,20251209,91504070,0,41386,A,S,30700,61100,
600017.SH,600017,20251209,91504070,0,41388,A,S,30300,41100,
600017.SH,600017,20251209,91504070,0,41434,A,B,30000,10000,
600017.SH,600017,20251209,91504070,0,41464,A,S,33000,4000,
600017.SH,600017,20251209,91504070,0,41488,A,B,30200,41100,
600017.SH,600017,20251209,91504070,0,41493,A,B,30100,41100,
600017.SH,600017,20251209,91504070,0,41498,A,B,30000,41100,
600017.SH,600017,20251209,91504070,0,41505,A,B,29900,41100,
600017.SH,600017,20251209,91504070,0,41732,A,B,29300,1200,
600017.SH,600017,20251209,91504070,0,41733,A,B,28700,1700,
600017.SH,600017,20251209,91504070,0,41769,A,S,31300,1300,
600017.SH,600017,20251209,91504070,0,41770,A,S,31800,1400,
600017.SH,600017,20251209,91504070,0,41772,A,S,32200,1400,
600017.SH,600017,20251209,91504070,0,41773,A,S,32700,1400,
600017.SH,600017,20251209,91504070,0,42087,A,S,31900,1000,
600017.SH,600017,20251209,91504070,0,42202,A,B,30000,20000,
600017.SH,600017,20251209,91504070,0,42393,A,B,30300,200,
600017.SH,600017,20251209,91504180,0,42802,A,S,30800,20000,
600017.SH,600017,20251209,91504180,0,42838,A,B,29900,30000,
600017.SH,600017,20251209,91504180,0,43046,A,B,30100,500,
600017.SH,600017,20251209,91504180,0,43188,A,S,30500,20300,
600017.SH,600017,20251209,91504180,0,43218,A,B,30100,30000,
600017.SH,600017,20251209,91504180,0,43269,A,S,32900,3000,
600017.SH,600017,20251209,91504180,0,43743,A,S,30200,400,
600017.SH,600017,20251209,91504180,0,44102,A,S,30400,100000,
600017.SH,600017,20251209,91504180,0,44438,A,S,30800,10100,
600017.SH,600017,20251209,91504340,0,44834,A,B,29600,10100,
600017.SH,600017,20251209,91504340,0,45039,A,S,30400,10000,
600017.SH,600017,20251209,91504340,0,45412,A,S,32500,400,
600017.SH,600017,20251209,91504340,0,45662,A,S,30600,14000,
600017.SH,600017,20251209,91504340,0,46583,A,S,33300,2000,
600017.SH,600017,20251209,91504340,0,46669,A,B,30200,20000,
600017.SH,600017,20251209,91504490,0,46687,A,B,30100,20000,
600017.SH,600017,20251209,91504490,0,46708,A,B,30000,20000,
600017.SH,600017,20251209,91504490,0,46729,A,S,30600,40000,
600017.SH,600017,20251209,91504490,0,46753,A,S,30700,40000,
600017.SH,600017,20251209,91504490,0,46775,A,S,32000,400,
600017.SH,600017,20251209,91504490,0,46806,A,S,30500,5000,
600017.SH,600017,20251209,91504490,0,46824,A,S,30500,3000,
600017.SH,600017,20251209,91504490,0,46888,A,S,31000,10100,
600017.SH,600017,20251209,91504490,0,46912,A,S,31300,10100,
600017.SH,600017,20251209,91504490,0,47536,A,S,30600,10000,
600017.SH,600017,20251209,91504490,0,47563,A,S,30700,5000,
600017.SH,600017,20251209,91504490,0,47575,A,S,30400,3000,
600017.SH,600017,20251209,91504490,0,47756,A,S,30900,5000,
600017.SH,600017,20251209,91504490,0,47830,A,S,31000,5000,
600017.SH,600017,20251209,91504490,0,47845,A,S,31100,5000,
600017.SH,600017,20251209,91504490,0,47878,A,S,31300,5000,
600017.SH,600017,20251209,91504490,0,47893,A,S,31200,5000,
600017.SH,600017,20251209,91504490,0,48039,A,S,30400,10000,
600017.SH,600017,20251209,91504490,0,48060,A,S,30700,2200,
600017.SH,600017,20251209,91504490,0,48145,A,S,31500,8000,
600017.SH,600017,20251209,91504630,0,48809,A,S,33000,9000,
600017.SH,600017,20251209,91504630,0,48828,A,S,33000,7000,
600017.SH,600017,20251209,91504630,0,49252,A,S,30800,3000,
600017.SH,600017,20251209,91504630,0,49491,A,S,32000,100,
600017.SH,600017,20251209,91504630,0,49636,A,B,30000,2000,
600017.SH,600017,20251209,91504630,0,50154,A,S,30400,10000,
600017.SH,600017,20251209,91504630,0,50302,A,S,30400,17800,
600017.SH,600017,20251209,91504630,0,50370,A,S,30400,3500,
600017.SH,600017,20251209,91504780,0,51395,A,B,27600,500,
600017.SH,600017,20251209,91504780,0,51817,A,S,33100,900,
600017.SH,600017,20251209,91504780,0,51835,A,B,29800,1100,
600017.SH,600017,20251209,91504780,0,51905,A,S,31500,20000,
600017.SH,600017,20251209,91504780,0,51974,A,B,30100,4000,
600017.SH,600017,20251209,91504780,0,52456,A,B,30100,3000,
600017.SH,600017,20251209,91504930,0,52961,A,B,29000,6200,
600017.SH,600017,20251209,91504930,0,53267,A,S,30500,8400,
600017.SH,600017,20251209,91504930,0,53269,A,S,30900,8400,
600017.SH,600017,20251209,91504930,0,53273,A,S,30700,8400,
600017.SH,600017,20251209,91504930,0,53277,A,S,31300,8400,
600017.SH,600017,20251209,91504930,0,53279,A,S,31000,8400,
600017.SH,600017,20251209,91504930,0,53283,A,S,30400,8400,
600017.SH,600017,20251209,91504930,0,53290,A,S,31100,8400,
600017.SH,600017,20251209,91504930,0,53301,A,S,30600,8400,
600017.SH,600017,20251209,91504930,0,53307,A,S,30800,8400,
600017.SH,600017,20251209,91504930,0,53314,A,S,31200,8400,
600017.SH,600017,20251209,91504930,0,53320,A,B,30100,8400,
600017.SH,600017,20251209,91504930,0,53449,A,B,30100,10000,
600017.SH,600017,20251209,91504930,0,53573,A,S,30500,10000,
600017.SH,600017,20251209,91504930,0,53588,A,S,30600,10000,
600017.SH,600017,20251209,91504930,0,53602,A,S,30600,10000,
600017.SH,600017,20251209,91504930,0,53603,A,S,30600,10000,
600017.SH,600017,20251209,91504930,0,53627,A,S,30700,10000,
600017.SH,600017,20251209,91504930,0,53628,A,S,30700,5000,
600017.SH,600017,20251209,91504930,0,53707,A,B,29900,500,
600017.SH,600017,20251209,91504930,0,53810,A,S,30400,3000,
600017.SH,600017,20251209,91504930,0,53897,A,S,30400,22300,
600017.SH,600017,20251209,91504930,0,53933,A,B,30100,5000,
600017.SH,600017,20251209,91505060,0,54398,A,S,30500,21700,
600017.SH,600017,20251209,91505060,0,54458,A,B,29900,10500,
600017.SH,600017,20251209,91505060,0,54922,A,S,31500,3000,
600017.SH,600017,20251209,91505060,0,54948,A,B,29800,3000,
600017.SH,600017,20251209,91505060,0,56075,A,S,32600,19000,
600017.SH,600017,20251209,91505220,0,56453,A,S,30400,328600,
600017.SH,600017,20251209,91505220,0,56547,A,B,30200,22500,
600017.SH,600017,20251209,91505220,0,57987,A,B,29500,3000,
600017.SH,600017,20251209,91505380,0,58596,A,S,32400,20000,
600017.SH,600017,20251209,91505380,0,58639,A,S,31400,20000,
600017.SH,600017,20251209,91505380,0,58784,A,S,32400,20000,
600017.SH,600017,20251209,91505380,0,58810,A,S,32900,20000,
600017.SH,600017,20251209,91505380,0,58867,A,B,28000,6000,
600017.SH,600017,20251209,91505380,0,59080,A,B,29800,15000,
600017.SH,600017,20251209,91505380,0,59096,A,B,29700,15000,
600017.SH,600017,20251209,91505380,0,59894,A,S,30800,3300,
600017.SH,600017,20251209,91505380,0,59895,A,S,31200,2400,
600017.SH,600017,20251209,91505380,0,60011,A,S,31900,200,
600017.SH,600017,20251209,91505380,0,60055,A,B,30000,1200,
600017.SH,600017,20251209,91505530,0,60204,A,B,30200,15000,
600017.SH,600017,20251209,91505530,0,60220,A,B,30100,22000,
600017.SH,600017,20251209,91505530,0,60603,A,S,33300,5000,
600017.SH,600017,20251209,91505530,0,61161,A,B,30200,10100,
600017.SH,600017,20251209,91505530,0,61502,A,B,27500,2000,
600017.SH,600017,20251209,91505530,0,61608,A,S,30400,10000,
600017.SH,600017,20251209,91505530,0,61628,A,B,30200,20000,
600017.SH,600017,20251209,91505530,0,61961,A,S,30600,10000,
600017.SH,600017,20251209,91505530,0,61984,A,B,27300,4000,
600017.SH,600017,20251209,91505690,0,62235,A,S,33000,300,
600017.SH,600017,20251209,91505690,0,62250,A,B,29800,100000,
600017.SH,600017,20251209,91505690,0,62261,A,B,30200,100,
600017.SH,600017,20251209,91505690,0,62264,A,B,30100,100,
600017.SH,600017,20251209,91505690,0,62266,A,B,30000,100,
600017.SH,600017,20251209,91505690,0,62524,A,S,31600,3000,
600017.SH,600017,20251209,91505690,0,62849,A,B,30200,5300,
600017.SH,600017,20251209,91505690,0,63052,A,S,33100,5000,
600017.SH,600017,20251209,91505690,0,63281,A,S,30500,30000,
600017.SH,600017,20251209,91505690,0,63455,A,S,32900,10500,
600017.SH,600017,20251209,91505690,0,63678,A,B,29000,3500,
600017.SH,600017,20251209,91505850,0,64486,A,S,30800,8000,
600017.SH,600017,20251209,91505850,0,64823,A,S,30900,1000,
600017.SH,600017,20251209,91505850,0,64907,A,B,29700,500,
600017.SH,600017,20251209,91506000,0,66082,A,B,29800,600,
600017.SH,600017,20251209,91506000,0,66144,A,B,30200,2100,
600017.SH,600017,20251209,91506000,0,66232,A,S,32000,3300,
600017.SH,600017,20251209,91506000,0,66662,A,S,30400,13500,
600017.SH,600017,20251209,91506000,0,66663,A,S,30600,13300,
600017.SH,600017,20251209,91506000,0,66727,A,B,30000,11500,
600017.SH,600017,20251209,91506000,0,66728,A,B,29900,11500,
600017.SH,600017,20251209,91506000,0,67785,A,S,30700,30000,
600017.SH,600017,20251209,91506000,0,67786,A,S,31200,90000,
600017.SH,600017,20251209,91506130,0,68254,A,S,33000,500,
600017.SH,600017,20251209,91506130,0,68776,A,S,30400,221100,
600017.SH,600017,20251209,91506130,0,69464,A,S,30300,9500,
600017.SH,600017,20251209,91506130,0,69475,A,S,30400,9500,
600017.SH,600017,20251209,91506130,0,69496,A,S,30500,9500,
600017.SH,600017,20251209,91506130,0,69498,A,S,30600,9500,
600017.SH,600017,20251209,91506130,0,69521,A,S,30700,9500,
600017.SH,600017,20251209,91506130,0,69531,A,S,30800,9500,
600017.SH,600017,20251209,91506130,0,69540,A,S,30900,9500,
600017.SH,600017,20251209,91506130,0,69802,A,S,30600,15600,
600017.SH,600017,20251209,91506130,0,69807,A,S,30800,15600,
600017.SH,600017,20251209,91506130,0,69808,A,S,31000,15500,
600017.SH,600017,20251209,91506130,0,69836,A,B,30000,15000,
600017.SH,600017,20251209,91506290,0,70171,A,B,29900,10100,
600017.SH,600017,20251209,91506290,0,70273,A,S,30900,10100,
600017.SH,600017,20251209,91506290,0,70677,A,B,29500,10100,
600017.SH,600017,20251209,91506290,0,70777,A,S,30600,4400,
600017.SH,600017,20251209,91506290,0,70787,A,S,31400,4400,
600017.SH,600017,20251209,91506290,0,70799,A,S,31800,4400,
600017.SH,600017,20251209,91506290,0,70985,A,S,33000,300,
600017.SH,600017,20251209,91506290,0,71236,A,S,30800,1500,
600017.SH,600017,20251209,91506290,0,71540,A,B,29000,10000,
600017.SH,600017,20251209,91506430,0,72122,A,S,30900,2000,
600017.SH,600017,20251209,91506430,0,72439,A,S,33300,4000,
600017.SH,600017,20251209,91506430,0,72511,A,S,32400,1000,
600017.SH,600017,20251209,91506590,0,74121,A,S,30500,20600,
600017.SH,600017,20251209,91506590,0,74126,A,B,30200,20700,
600017.SH,600017,20251209,91506590,0,74127,A,S,30500,21800,
600017.SH,600017,20251209,91506590,0,74612,A,S,30500,5000,
600017.SH,600017,20251209,91506590,0,75543,A,B,29700,10000,
600017.SH,600017,20251209,91506740,0,76372,A,B,29800,10000,
600017.SH,600017,20251209,91506740,0,77149,A,B,30100,1000,
600017.SH,600017,20251209,91506740,0,77156,A,S,30300,8800,
600017.SH,600017,20251209,91506740,0,77275,A,B,30100,8800,
600017.SH,600017,20251209,91506740,0,77284,A,B,30000,6500,
600017.SH,600017,20251209,91506740,0,77571,A,B,29600,500,
600017.SH,600017,20251209,91506740,0,77572,A,B,29300,500,
600017.SH,600017,20251209,91506740,0,77664,A,S,33300,120000,
600017.SH,600017,20251209,91506740,0,77739,A,B,29000,100,
600017.SH,600017,20251209,91506740,0,77751,A,B,28000,100,
600017.SH,600017,20251209,91506740,0,77752,A,B,27300,100,
600017.SH,600017,20251209,91506900,0,78139,A,S,30200,100,
600017.SH,600017,20251209,91506900,0,78498,A,S,30400,5000,
600017.SH,600017,20251209,91506900,0,78555,A,S,30500,5000,
600017.SH,600017,20251209,91506900,0,78648,A,S,30600,5000,
600017.SH,600017,20251209,91506900,0,78692,A,S,30500,3700,
600017.SH,600017,20251209,91506900,0,78759,A,S,30800,5000,
600017.SH,600017,20251209,91507000,0,79145,A,S,30400,4200,
600017.SH,600017,20251209,91507030,0,79416,A,S,30500,13200,
600017.SH,600017,20251209,91507030,0,79716,A,B,29900,5000,
600017.SH,600017,20251209,91507030,0,80249,A,B,29900,5000,
600017.SH,600017,20251209,91507030,0,80465,A,B,30000,1000,
600017.SH,600017,20251209,91507030,0,80793,A,S,30400,62200,
600017.SH,600017,20251209,91507030,0,80815,A,S,30500,62200,
600017.SH,600017,20251209,91507030,0,80824,A,S,30600,62200,
600017.SH,600017,20251209,91507030,0,80831,A,S,30300,42200,
600017.SH,600017,20251209,91507030,0,80850,A,S,30500,5000,
600017.SH,600017,20251209,91507030,0,80858,A,S,30800,5000,
600017.SH,600017,20251209,91507030,0,80924,A,B,30200,42200,
600017.SH,600017,20251209,91507030,0,80931,A,B,30100,42200,
600017.SH,600017,20251209,91507030,0,80944,A,B,30000,42200,
600017.SH,600017,20251209,91507030,0,80960,A,B,29900,42200,
600017.SH,600017,20251209,91507180,0,81143,A,S,33300,500,
600017.SH,600017,20251209,91507180,0,81707,A,B,29900,3000,
600017.SH,600017,20251209,91507180,0,82182,A,S,30400,5800,
600017.SH,600017,20251209,91507180,0,82185,A,B,30000,500,
600017.SH,600017,20251209,91507180,0,82334,A,S,30500,5000,
600017.SH,600017,20251209,91507180,0,82719,A,B,27300,500,
600017.SH,600017,20251209,91507340,0,83306,A,B,30100,5000,
600017.SH,600017,20251209,91507340,0,83948,A,B,30000,2500,
600017.SH,600017,20251209,91507340,0,84006,A,S,30600,4000,
600017.SH,600017,20251209,91507340,0,84462,A,S,32700,2400,
600017.SH,600017,20251209,91507340,0,84904,A,B,30000,100000,
600017.SH,600017,20251209,91507510,0,86143,A,S,31100,20000,
600017.SH,600017,20251209,91507510,0,86779,A,B,30100,600,
600017.SH,600017,20251209,91507510,0,86850,A,B,30000,10000,
600017.SH,600017,20251209,91507510,0,86999,A,S,31200,1000,
600017.SH,600017,20251209,91507670,0,87869,A,B,29800,2500,
600017.SH,600017,20251209,91507670,0,87929,A,S,31500,700,
600017.SH,600017,20251209,91507670,0,87939,A,B,29300,3500,
600017.SH,600017,20251209,91507670,0,88271,A,S,30500,20000,
600017.SH,600017,20251209,91507670,0,88808,A,S,33200,100,
600017.SH,600017,20251209,91507850,0,89043,A,S,32000,1500,
600017.SH,600017,20251209,91507850,0,89608,A,S,30400,9900,
600017.SH,600017,20251209,91507850,0,89887,A,S,30400,9900,
600017.SH,600017,20251209,91507850,0,90039,A,S,33300,2000,
600017.SH,600017,20251209,91507850,0,90179,A,S,30600,19300,
600017.SH,600017,20251209,91507850,0,90212,A,B,30200,12600,
600017.SH,600017,20251209,91507850,0,90577,A,S,30400,9900,
600017.SH,600017,20251209,91507850,0,90608,A,S,33100,1500,
600017.SH,600017,20251209,91507850,0,90865,A,B,29900,8100,
600017.SH,600017,20251209,91508010,0,91598,A,S,30400,11000,
600017.SH,600017,20251209,91508010,0,91599,A,S,30400,11200,
600017.SH,600017,20251209,91508010,0,91817,A,S,32000,2000,
600017.SH,600017,20251209,91508010,0,91818,A,S,32500,2000,
600017.SH,600017,20251209,91508180,0,93336,A,B,29000,1000,
600017.SH,600017,20251209,91508180,0,94008,A,B,30000,2000,
600017.SH,600017,20251209,91508180,0,94324,A,S,33300,100,
600017.SH,600017,20251209,91508180,0,94507,A,B,30100,10000,
600017.SH,600017,20251209,91508180,0,94613,A,S,30500,10000,
600017.SH,600017,20251209,91508180,0,94867,A,S,30400,15900,
600017.SH,600017,20251209,91508340,0,94934,A,S,30800,300,
600017.SH,600017,20251209,91508340,0,94990,A,S,30900,500,
600017.SH,600017,20251209,91508340,0,94991,A,S,31000,700,
600017.SH,600017,20251209,91508340,0,94992,A,S,31100,900,
600017.SH,600017,20251209,91508340,0,94994,A,S,31200,1100,
600017.SH,600017,20251209,91508340,0,94995,A,S,31300,1300,
600017.SH,600017,20251209,91508340,0,95493,A,B,30000,3500,
600017.SH,600017,20251209,91508340,0,95512,A,B,30000,1300,
600017.SH,600017,20251209,91508340,0,96083,A,S,33000,3000,
600017.SH,600017,20251209,91508340,0,96119,A,S,32200,5000,
600017.SH,600017,20251209,91508340,0,96488,A,B,30200,2000,
600017.SH,600017,20251209,91508340,0,96663,A,B,30000,6000,
600017.SH,600017,20251209,91508490,0,96989,A,B,31200,300,
600017.SH,600017,20251209,91508490,0,97387,A,S,28800,300,
600017.SH,600017,20251209,91508490,0,97435,A,S,31400,1400,
600017.SH,600017,20251209,91508490,0,97631,A,S,31300,15000,
600017.SH,600017,20251209,91508490,0,97658,A,B,30100,9500,
600017.SH,600017,20251209,91508490,0,97659,A,B,30000,9500,
600017.SH,600017,20251209,91508490,0,97667,A,B,29900,11000,
600017.SH,600017,20251209,91508490,0,97668,A,B,29800,11000,
600017.SH,600017,20251209,91508490,0,97732,A,S,31500,1000,
600017.SH,600017,20251209,91508490,0,98481,A,B,30000,2000,
600017.SH,600017,20251209,91508490,0,98523,A,B,29800,2000,
600017.SH,600017,20251209,91508490,0,98586,A,S,31300,2000,
600017.SH,600017,20251209,91508660,0,99455,A,S,30400,20000,
600017.SH,600017,20251209,91508660,0,99535,A,S,32500,5000,
600017.SH,600017,20251209,91508660,0,99842,A,S,30500,90000,
600017.SH,600017,20251209,91508750,0,100291,A,S,30200,10000,
600017.SH,600017,20251209,91508750,0,100377,A,S,30600,379000,
600017.SH,600017,20251209,91508750,0,100569,A,S,30800,4700,
600017.SH,600017,20251209,91508750,0,100570,A,S,31000,3000,
600017.SH,600017,20251209,91508750,0,101215,A,S,30600,5000,
600017.SH,600017,20251209,91508750,0,101283,A,S,33000,400,
600017.SH,600017,20251209,91508920,0,102221,A,S,33300,5000,
600017.SH,600017,20251209,91508920,0,102257,A,B,30200,150000,
600017.SH,600017,20251209,91508920,0,102449,A,S,33300,700,
600017.SH,600017,20251209,91508920,0,102502,A,S,30400,20000,
600017.SH,600017,20251209,91508920,0,102503,A,S,30400,20000,
600017.SH,600017,20251209,91508920,0,102504,A,S,30500,20000,
600017.SH,600017,20251209,91508920,0,102505,A,S,30600,20000,
600017.SH,600017,20251209,91508920,0,102747,A,B,29800,20000,
600017.SH,600017,20251209,91508920,0,103115,A,B,30200,20000,
600017.SH,600017,20251209,91508920,0,103116,A,B,30100,20000,
600017.SH,600017,20251209,91508920,0,103117,A,B,30100,20000,
600017.SH,600017,20251209,91508920,0,103118,A,B,30000,20000,
600017.SH,600017,20251209,91508920,0,103121,A,B,30000,20000,
600017.SH,600017,20251209,91509070,0,104285,A,S,30400,100000,
600017.SH,600017,20251209,91509070,0,104290,A,S,30500,100000,
600017.SH,600017,20251209,91509070,0,104291,A,S,30600,100000,
600017.SH,600017,20251209,91509070,0,104311,A,S,30700,116300,
600017.SH,600017,20251209,91509070,0,104582,A,S,33300,6500,
600017.SH,600017,20251209,91509240,0,105771,A,S,32900,7000,
600017.SH,600017,20251209,91509240,0,105939,A,S,32500,3600,
600017.SH,600017,20251209,91509240,0,107562,A,B,30000,8600,
600017.SH,600017,20251209,91509410,0,108301,A,S,31200,2400,
600017.SH,600017,20251209,91509410,0,108302,A,B,29800,1700,
600017.SH,600017,20251209,91509410,0,108660,A,S,30600,8400,
600017.SH,600017,20251209,91509410,0,108665,A,S,30900,8400,
600017.SH,600017,20251209,91509410,0,108912,A,S,32600,20000,
600017.SH,600017,20251209,91509410,0,109152,A,S,33300,12000,
600017.SH,600017,20251209,91509410,0,109247,A,B,30300,100,
600017.SH,600017,20251209,91509580,0,109828,A,S,30800,400,
600017.SH,600017,20251209,91509580,0,109913,A,S,31300,1000,
600017.SH,600017,20251209,91509580,0,110055,A,S,31500,13200,
600017.SH,600017,20251209,91509580,0,110056,A,B,30000,13300,
600017.SH,600017,20251209,91509580,0,110323,A,S,31000,3300,
600017.SH,600017,20251209,91509580,0,110511,A,S,30500,20000,
600017.SH,600017,20251209,91509580,0,111396,A,S,33000,1600,
600017.SH,600017,20251209,91509580,0,111397,A,S,32600,1600,
600017.SH,600017,20251209,91509730,0,111716,A,S,30900,1000,
600017.SH,600017,20251209,91509730,0,113215,A,S,30500,13000,
600017.SH,600017,20251209,91509730,0,113327,A,B,30000,18000,
600017.SH,600017,20251209,91509730,0,113515,A,S,32100,10000,
600017.SH,600017,20251209,91509730,0,113532,A,B,29700,25800,
600017.SH,600017,20251209,91509730,0,113594,A,S,30700,13800,
600017.SH,600017,20251209,91509730,0,113599,A,S,31700,15000,
600017.SH,600017,20251209,91509920,0,114052,A,B,29800,300,
600017.SH,600017,20251209,91509920,0,114507,A,S,30600,8500,
600017.SH,600017,20251209,91509920,0,114584,A,S,30800,6600,
600017.SH,600017,20251209,91509920,0,114633,A,S,31400,28800,
600017.SH,600017,20251209,91509920,0,114649,A,S,30700,4000,
600017.SH,600017,20251209,91509920,0,115286,A,S,30500,20000,
600017.SH,600017,20251209,91509920,0,115600,A,S,31000,1400,
600017.SH,600017,20251209,91510090,0,115614,A,S,33200,1000,
600017.SH,600017,20251209,91510090,0,115640,A,S,31800,6000,
600017.SH,600017,20251209,91510090,0,115825,A,B,30100,7600,
600017.SH,600017,20251209,91510090,0,116379,A,B,30200,20000,
600017.SH,600017,20251209,91510090,0,116381,A,B,30100,20000,
600017.SH,600017,20251209,91510090,0,116383,A,B,30200,14700,
600017.SH,600017,20251209,91510090,0,116446,A,S,30800,5000,
600017.SH,600017,20251209,91510090,0,116580,A,B,30000,78000,
600017.SH,600017,20251209,91510090,0,116581,A,B,30100,78000,
600017.SH,600017,20251209,91510090,0,116584,A,S,30400,78000,
600017.SH,600017,20251209,91510090,0,116585,A,S,30400,78000,
600017.SH,600017,20251209,91510090,0,116586,A,S,30500,78000,
600017.SH,600017,20251209,91510090,0,116587,A,S,30500,78000,
600017.SH,600017,20251209,91510260,0,117809,A,S,33300,1100,
600017.SH,600017,20251209,91510260,0,117813,A,S,33200,1000,
600017.SH,600017,20251209,91510260,0,117825,A,S,32800,3400,
600017.SH,600017,20251209,91510260,0,117965,A,B,29800,700,
600017.SH,600017,20251209,91510260,0,117975,A,B,29900,500,
600017.SH,600017,20251209,91510260,0,117978,A,B,29800,700,
600017.SH,600017,20251209,91510260,0,118645,A,B,29800,1000,
600017.SH,600017,20251209,91510260,0,118647,A,B,30300,4500,
600017.SH,600017,20251209,91510260,0,118657,A,B,29700,900,
600017.SH,600017,20251209,91510370,0,118848,A,B,29600,1100,
600017.SH,600017,20251209,91510370,0,118875,A,B,29500,1300,
600017.SH,600017,20251209,91510370,0,118877,A,B,29400,1500,
600017.SH,600017,20251209,91510370,0,119352,A,S,30900,5000,
600017.SH,600017,20251209,91510370,0,120006,A,S,30500,20000,
600017.SH,600017,20251209,91510370,0,120058,A,B,29900,1000,
600017.SH,600017,20251209,91510370,0,120155,A,S,33000,1000,
600017.SH,600017,20251209,91510370,0,120389,A,S,30400,5000,
600017.SH,600017,20251209,91510370,0,120476,A,S,31000,5000,
600017.SH,600017,20251209,91510370,0,120563,A,S,30500,13400,
600017.SH,600017,20251209,91510540,0,120751,A,S,30800,600,
600017.SH,600017,20251209,91510540,0,121831,A,S,30500,20000,
600017.SH,600017,20251209,91510700,0,123251,A,B,29500,1000,
600017.SH,600017,20251209,91510700,0,123386,A,S,30500,20000,
600017.SH,600017,20251209,91510700,0,123701,A,B,30000,2000,
600017.SH,600017,20251209,91510700,0,123702,A,B,29000,3000,
600017.SH,600017,20251209,91510700,0,123754,A,B,30100,16000,
600017.SH,600017,20251209,91510890,0,124805,A,B,29900,10000,
600017.SH,600017,20251209,91510890,0,125173,A,S,31100,5000,
600017.SH,600017,20251209,91510890,0,125936,A,S,30500,2000,
600017.SH,600017,20251209,91511030,0,127151,A,B,30000,11000,
600017.SH,600017,20251209,91511030,0,127184,A,S,32200,20000,
600017.SH,600017,20251209,91511030,0,127185,A,B,30000,20000,
600017.SH,600017,20251209,91511030,0,127483,A,S,30600,10000,
600017.SH,600017,20251209,91511030,0,127484,A,B,30100,10000,
600017.SH,600017,20251209,91511030,0,127616,A,S,33300,4800,
600017.SH,600017,20251209,91511030,0,127770,A,S,33300,5000,
600017.SH,600017,20251209,91511200,0,129478,A,S,31800,500,
600017.SH,600017,20251209,91511200,0,129479,A,S,32600,500,
600017.SH,600017,20251209,91511200,0,129480,A,S,32800,500,
600017.SH,600017,20251209,91511200,0,129484,A,S,33000,500,
600017.SH,600017,20251209,91511200,0,129669,A,S,33300,500,
600017.SH,600017,20251209,91511200,0,129676,A,S,30500,8500,
600017.SH,600017,20251209,91511200,0,129693,A,S,31200,500,
600017.SH,600017,20251209,91511200,0,130340,A,B,29100,500,
600017.SH,600017,20251209,91511370,0,130526,A,S,30800,5000,
600017.SH,600017,20251209,91511370,0,130705,A,B,29200,1000,
600017.SH,600017,20251209,91511370,0,130921,A,B,29600,500,
600017.SH,600017,20251209,91511370,0,131079,A,S,31300,5000,
600017.SH,600017,20251209,91511370,0,131181,A,B,30100,1000,
600017.SH,600017,20251209,91511370,0,131652,A,S,32500,700,
600017.SH,600017,20251209,91511370,0,131843,A,B,29600,6000,
600017.SH,600017,20251209,91511530,0,132369,A,S,31200,4000,
600017.SH,600017,20251209,91511530,0,132449,A,B,29600,11000,
600017.SH,600017,20251209,91511570,0,132933,A,S,31300,6500,
600017.SH,600017,20251209,91511570,0,133043,A,B,29100,11000,
600017.SH,600017,20251209,91511570,0,133047,A,B,28600,11000,
600017.SH,600017,20251209,91511570,0,133049,A,S,33000,3000,
600017.SH,600017,20251209,91511570,0,133063,A,B,29200,1000,
600017.SH,600017,20251209,91511570,0,133581,A,B,28100,11000,
600017.SH,600017,20251209,91511570,0,134127,A,B,30100,3500,
600017.SH,600017,20251209,91511740,0,134893,A,S,33300,500,
600017.SH,600017,20251209,91511740,0,135385,A,B,30100,10000,
600017.SH,600017,20251209,91511740,0,135551,A,B,27400,20000,
600017.SH,600017,20251209,91511740,0,135566,A,B,29900,4000,
600017.SH,600017,20251209,91511740,0,135708,A,S,33200,50000,
600017.SH,600017,20251209,91511740,0,135976,A,S,31400,11000,
600017.SH,600017,20251209,91511740,0,136383,A,S,30800,2000,
600017.SH,600017,20251209,91511920,0,136648,A,S,31900,11000,
600017.SH,600017,20251209,91511920,0,136930,A,S,31000,7900,
600017.SH,600017,20251209,91511920,0,137215,A,B,29900,500,
600017.SH,600017,20251209,91511920,0,137959,A,B,30000,2000,
600017.SH,600017,20251209,91511920,0,138144,A,B,29700,400,
600017.SH,600017,20251209,91511920,0,138176,A,B,30100,2000,
600017.SH,600017,20251209,91511920,0,138416,A,S,30400,13100,
600017.SH,600017,20251209,91512100,0,138842,A,S,33300,1500,
600017.SH,600017,20251209,91512100,0,139399,A,B,30200,10000,
600017.SH,600017,20251209,91512100,0,139403,A,B,30000,10000,
600017.SH,600017,20251209,91512100,0,139407,A,B,29800,10000,
600017.SH,600017,20251209,91512100,0,140181,A,B,27300,100,
600017.SH,600017,20251209,91512100,0,140181,D,B,27300,100,
600017.SH,600017,20251209,91512100,0,140466,A,B,30300,100,
600017.SH,600017,20251209,91512270,0,140579,A,B,30000,7000,
600017.SH,600017,20251209,91512270,0,140784,A,S,30800,3900,
600017.SH,600017,20251209,91512270,0,140809,A,S,30500,5300,
600017.SH,600017,20251209,91512270,0,140918,A,B,29600,5000,
600017.SH,600017,20251209,91512270,0,141229,A,B,30000,3000,
600017.SH,600017,20251209,91512270,0,141528,A,S,30700,1000,
600017.SH,600017,20251209,91512270,0,141529,A,S,31000,1000,
600017.SH,600017,20251209,91512270,0,141754,A,S,31200,5000,
600017.SH,600017,20251209,91512270,0,141953,A,B,30100,6000,
600017.SH,600017,20251209,91512270,0,142044,A,S,33300,3000,
600017.SH,600017,20251209,91512270,0,142226,A,S,33300,200,
600017.SH,600017,20251209,91512270,0,142279,A,S,32600,18100,
600017.SH,600017,20251209,91512270,0,142332,A,S,30600,9500,
600017.SH,600017,20251209,91512450,0,142910,A,S,30300,2000,
600017.SH,600017,20251209,91512450,0,143704,A,S,31500,17300,
600017.SH,600017,20251209,91512450,0,143790,A,S,30800,36800,
600017.SH,600017,20251209,91512450,0,144291,A,S,30600,3300,
600017.SH,600017,20251209,91512630,0,144600,A,S,31700,5000,
600017.SH,600017,20251209,91512630,0,144647,A,B,27400,1000,
600017.SH,600017,20251209,91512630,0,144908,A,B,30300,1800,
600017.SH,600017,20251209,91512630,0,145229,A,S,33300,5000,
600017.SH,600017,20251209,91512630,0,145850,A,S,32400,11000,
600017.SH,600017,20251209,91512780,0,146326,A,B,29000,1000,
600017.SH,600017,20251209,91512780,0,146495,A,S,32700,500,
600017.SH,600017,20251209,91512780,0,146543,A,S,33300,50000,
600017.SH,600017,20251209,91512780,0,147103,A,B,29800,400,
600017.SH,600017,20251209,91512780,0,147311,A,S,30700,3700,
600017.SH,600017,20251209,91512780,0,147815,A,B,29900,100,
600017.SH,600017,20251209,91512780,0,147939,A,S,33300,3100,
600017.SH,600017,20251209,91512780,0,147945,A,S,30800,5600,
600017.SH,600017,20251209,91512960,0,148264,A,B,29800,800,
600017.SH,600017,20251209,91512960,0,148266,A,S,31400,1000,
600017.SH,600017,20251209,91512960,0,148267,A,S,33100,1000,
600017.SH,600017,20251209,91512960,0,148750,A,S,30600,1000,
600017.SH,600017,20251209,91512960,0,149144,A,S,31600,1400,
600017.SH,600017,20251209,91512960,0,149912,A,S,32800,4000,
600017.SH,600017,20251209,91513140,0,149914,A,B,27500,4000,
600017.SH,600017,20251209,91513140,0,150259,A,B,30000,14000,
600017.SH,600017,20251209,91513140,0,150321,A,S,33200,1400,
600017.SH,600017,20251209,91513140,0,150443,A,B,30200,10000,
600017.SH,600017,20251209,91513140,0,150465,A,S,31200,1100,
600017.SH,600017,20251209,91513140,0,150825,A,S,33300,1500,
600017.SH,600017,20251209,91513140,0,151005,A,S,30600,1000,
600017.SH,600017,20251209,91513140,0,151006,A,B,30000,1000,
600017.SH,600017,20251209,91513140,0,151061,A,S,30500,30000,
600017.SH,600017,20251209,91513140,0,151706,A,S,31600,300,
600017.SH,600017,20251209,91513140,0,151774,A,B,30000,30000,
600017.SH,600017,20251209,91513140,0,151842,A,S,30400,6000,
600017.SH,600017,20251209,91513140,0,151843,A,S,30500,6000,
600017.SH,600017,20251209,91513140,0,151845,A,S,30600,6000,
600017.SH,600017,20251209,91513310,0,152273,A,B,29900,500,
600017.SH,600017,20251209,91513380,0,153057,A,S,33300,3000,
600017.SH,600017,20251209,91513380,0,153092,A,S,30500,6800,
600017.SH,600017,20251209,91513380,0,153094,A,S,30600,6800,
600017.SH,600017,20251209,91513380,0,153422,A,S,30600,6700,
600017.SH,600017,20251209,91513380,0,153513,A,B,30100,10000,
600017.SH,600017,20251209,91513380,0,153514,A,B,30000,10000,
600017.SH,600017,20251209,91513380,0,153515,A,B,29900,10000,
600017.SH,600017,20251209,91513380,0,153516,A,B,29800,10000,
600017.SH,600017,20251209,91513380,0,153835,A,S,31100,5000,
600017.SH,600017,20251209,91513380,0,154329,A,S,33200,12500,
600017.SH,600017,20251209,91513540,0,154761,A,S,30800,2900,
600017.SH,600017,20251209,91513540,0,154913,A,S,31500,5000,
600017.SH,600017,20251209,91513540,0,154916,A,S,30500,10000,
600017.SH,600017,20251209,91513540,0,155755,A,S,30400,18500,
600017.SH,600017,20251209,91513540,0,155758,A,S,30500,18500,
600017.SH,600017,20251209,91513540,0,155797,A,S,33300,5000,
600017.SH,600017,20251209,91513540,0,156269,A,S,31200,7400,
600017.SH,600017,20251209,91513540,0,156270,A,S,31800,5000,
600017.SH,600017,20251209,91513710,0,156678,A,S,30600,4300,
600017.SH,600017,20251209,91513710,0,156903,A,S,32300,10000,
600017.SH,600017,20251209,91513710,0,157130,A,B,29900,1000,
600017.SH,600017,20251209,91513710,0,157363,A,S,30900,1000,
600017.SH,600017,20251209,91513710,0,157365,A,S,31500,1200,
600017.SH,600017,20251209,91513850,0,157863,A,S,32600,1800,
600017.SH,600017,20251209,91513850,0,158332,A,S,30800,7600,
600017.SH,600017,20251209,91513850,0,158957,A,B,29800,20000,
600017.SH,600017,20251209,91513850,0,159204,A,S,30400,1000,
600017.SH,600017,20251209,91513850,0,159212,A,S,30400,5000,
600017.SH,600017,20251209,91513850,0,159431,A,B,29600,1700,
600017.SH,600017,20251209,91513850,0,159551,A,S,30700,2000,
600017.SH,600017,20251209,91514030,0,160040,A,S,30600,200,
600017.SH,600017,20251209,91514030,0,160160,A,S,30700,200,
600017.SH,600017,20251209,91514030,0,160162,A,S,30800,200,
600017.SH,600017,20251209,91514030,0,160285,A,S,30900,300,
600017.SH,600017,20251209,91514110,0,160651,A,B,30200,300,
600017.SH,600017,20251209,91514110,0,161161,A,S,30400,15000,
600017.SH,600017,20251209,91514110,0,161190,A,B,30100,300,
600017.SH,600017,20251209,91514110,0,161221,A,B,29900,13000,
600017.SH,600017,20251209,91514220,0,161397,A,S,31400,5000,
600017.SH,600017,20251209,91514220,0,161653,A,S,30500,15000,
600017.SH,600017,20251209,91514220,0,161911,A,B,30000,2500,
600017.SH,600017,20251209,91514300,0,162719,A,S,33300,300,
600017.SH,600017,20251209,91514300,0,162941,A,B,30000,10000,
600017.SH,600017,20251209,91514300,0,163057,A,B,30100,1000,
600017.SH,600017,20251209,91514300,0,163058,A,B,30000,1000,
600017.SH,600017,20251209,91514300,0,163059,A,B,29900,1000,
600017.SH,600017,20251209,91514300,0,163157,A,S,30600,1000,
600017.SH,600017,20251209,91514580,0,165873,A,S,30700,53900,
600017.SH,600017,20251209,91514580,0,166002,A,S,33100,100,
600017.SH,600017,20251209,91514580,0,166406,A,S,30700,500,
600017.SH,600017,20251209,91514580,0,166558,A,B,30000,68000,
600017.SH,600017,20251209,91514580,0,166705,A,B,30200,10000,
600017.SH,600017,20251209,91514580,0,166706,A,S,30500,10000,
600017.SH,600017,20251209,91514580,0,166707,A,S,30600,10000,
600017.SH,600017,20251209,91514750,0,167603,A,B,29000,1000,
600017.SH,600017,20251209,91514750,0,168386,A,S,33300,4000,
600017.SH,600017,20251209,91514750,0,168827,A,B,30100,13000,
600017.SH,600017,20251209,91514920,0,169500,A,S,32000,2000,
600017.SH,600017,20251209,91514920,0,169598,A,B,30100,5000,
600017.SH,600017,20251209,91514920,0,169855,A,B,30100,1300,
600017.SH,600017,20251209,91514920,0,169856,A,B,30100,1200,
600017.SH,600017,20251209,91515110,0,171369,A,S,30400,118900,
600017.SH,600017,20251209,91515110,0,171371,A,S,30400,89200,
600017.SH,600017,20251209,91515110,0,171446,A,S,30400,267700,
600017.SH,600017,20251209,91515110,0,171934,A,B,30000,1700,
600017.SH,600017,20251209,91515110,0,172175,A,S,30200,400,
600017.SH,600017,20251209,91515110,0,172734,A,S,30400,82700,
600017.SH,600017,20251209,91515280,0,172785,A,S,30500,5000,
600017.SH,600017,20251209,91515280,0,173617,A,B,30200,3600,
600017.SH,600017,20251209,91515280,0,174225,A,B,30100,1200,
600017.SH,600017,20251209,91515450,0,176049,A,B,30000,15000,
600017.SH,600017,20251209,91515640,0,177435,A,S,33300,2600,
600017.SH,600017,20251209,91515640,0,177840,A,S,33300,100,
600017.SH,600017,20251209,91515640,0,178211,A,B,30200,5000,
600017.SH,600017,20251209,91515640,0,178450,A,S,30400,7400,
600017.SH,600017,20251209,91515810,0,178621,A,S,30500,7400,
600017.SH,600017,20251209,91515810,0,178845,A,S,30600,7400,
600017.SH,600017,20251209,91515810,0,178850,A,S,33000,2400,
600017.SH,600017,20251209,91515810,0,178860,A,S,32500,33600,
600017.SH,600017,20251209,91515810,0,178901,A,S,33300,2100,
600017.SH,600017,20251209,91515810,0,178933,A,S,32800,5000,
600017.SH,600017,20251209,91515810,0,178998,A,S,31900,2000,
600017.SH,600017,20251209,91515810,0,179514,A,S,32200,8400,
600017.SH,600017,20251209,91515810,0,179515,A,B,29900,8400,
600017.SH,600017,20251209,91515810,0,179516,A,S,32500,8400,
600017.SH,600017,20251209,91515810,0,179574,A,S,30700,7400,
600017.SH,600017,20251209,91515810,0,179575,A,S,30800,7500,
600017.SH,600017,20251209,91515810,0,179835,A,S,32500,1000,
600017.SH,600017,20251209,91515810,0,179868,A,S,27300,1400,
600017.SH,600017,20251209,91515950,0,179896,A,S,30900,7500,
600017.SH,600017,20251209,91515950,0,180082,A,B,30100,8400,
600017.SH,600017,20251209,91515950,0,180094,A,S,32600,8400,
600017.SH,600017,20251209,91515950,0,180096,A,B,30000,8400,
600017.SH,600017,20251209,91516000,0,180385,A,B,30200,8400,
600017.SH,600017,20251209,91516000,0,180457,A,B,29800,8400,
600017.SH,600017,20251209,91516000,0,180466,A,S,32300,8400,
600017.SH,600017,20251209,91516000,0,180467,A,S,32400,8400,
600017.SH,600017,20251209,91516000,0,181020,A,S,31900,1000,
600017.SH,600017,20251209,91516000,0,181040,A,B,27300,3700,
600017.SH,600017,20251209,91516000,0,181436,A,S,31000,7500,
600017.SH,600017,20251209,91516200,0,182228,A,S,31400,1000,
600017.SH,600017,20251209,91516200,0,182626,A,S,30500,4000,
600017.SH,600017,20251209,91516200,0,182768,A,S,31200,39400,
600017.SH,600017,20251209,91516200,0,182834,A,S,31800,100,
600017.SH,600017,20251209,91516200,0,182912,A,S,30700,4000,
600017.SH,600017,20251209,91516200,0,182915,A,S,30800,4000,
600017.SH,600017,20251209,91516200,0,182916,A,S,30900,4000,
600017.SH,600017,20251209,91516200,0,182918,A,S,31000,4000,
600017.SH,600017,20251209,91516200,0,183268,A,S,31100,4000,
600017.SH,600017,20251209,91516200,0,183433,A,S,31200,4000,
600017.SH,600017,20251209,91516200,0,183738,A,S,30900,7100,
600017.SH,600017,20251209,91516200,0,183871,A,B,30000,2000,
600017.SH,600017,20251209,91516200,0,183953,A,B,29600,1000,
600017.SH,600017,20251209,91516360,0,184683,A,S,31000,10000,
600017.SH,600017,20251209,91516360,0,184920,A,S,31300,4000,
600017.SH,600017,20251209,91516360,0,184921,A,S,31400,4000,
600017.SH,600017,20251209,91516360,0,184922,A,S,31500,4000,
600017.SH,600017,20251209,91516360,0,184923,A,S,31600,4000,
600017.SH,600017,20251209,91516360,0,184924,A,S,31700,4000,
600017.SH,600017,20251209,91516360,0,184925,A,S,31800,4000,
600017.SH,600017,20251209,91516360,0,184926,A,S,31900,4000,
600017.SH,600017,20251209,91516360,0,184927,A,S,32000,4000,
600017.SH,600017,20251209,91516360,0,184928,A,S,32100,4000,
600017.SH,600017,20251209,91516360,0,184929,A,S,32200,4000,
600017.SH,600017,20251209,91516360,0,184930,A,S,32300,4000,
600017.SH,600017,20251209,91516360,0,184932,A,S,32400,4000,
600017.SH,600017,20251209,91516360,0,184933,A,S,32500,4000,
600017.SH,600017,20251209,91516360,0,184934,A,S,32600,4000,
600017.SH,600017,20251209,91516360,0,184935,A,S,32700,4000,
600017.SH,600017,20251209,91516360,0,184936,A,S,32800,4000,
600017.SH,600017,20251209,91516360,0,184937,A,S,32900,4000,
600017.SH,600017,20251209,91516360,0,184938,A,S,33000,4000,
600017.SH,600017,20251209,91516360,0,184939,A,S,33100,4000,
600017.SH,600017,20251209,91516360,0,184940,A,S,33200,4000,
600017.SH,600017,20251209,91516360,0,184941,A,S,33300,4000,
600017.SH,600017,20251209,91516360,0,184985,A,B,30200,5000,
600017.SH,600017,20251209,91516360,0,185283,A,B,29500,100,
600017.SH,600017,20251209,91516360,0,185284,A,B,29000,100,
600017.SH,600017,20251209,91516360,0,185637,A,S,30500,16000,
600017.SH,600017,20251209,91516550,0,186180,A,B,30300,2000,
600017.SH,600017,20251209,91516550,0,186535,A,S,33300,2000,
600017.SH,600017,20251209,91516610,0,187308,A,B,29700,1000,
600017.SH,600017,20251209,91516610,0,187319,A,S,32100,1000,
600017.SH,600017,20251209,91516610,0,187499,A,B,29000,500,
600017.SH,600017,20251209,91516610,0,187500,A,S,31000,500,
600017.SH,600017,20251209,91516610,0,187793,A,B,29600,15000,
600017.SH,600017,20251209,91516610,0,188132,A,B,30000,3000,
600017.SH,600017,20251209,91516780,0,188792,A,B,29600,500,
600017.SH,600017,20251209,91516780,0,190061,A,S,30500,275700,
600017.SH,600017,20251209,91516960,0,190674,A,S,30700,1000,
600017.SH,600017,20251209,91516960,0,190706,A,S,31000,1000,
600017.SH,600017,20251209,91516960,0,190752,A,S,31300,1000,
600017.SH,600017,20251209,91516960,0,190926,A,S,31600,1000,
600017.SH,600017,20251209,91516960,0,191022,A,B,29900,1300,
600017.SH,600017,20251209,91516960,0,191080,A,S,30600,20000,
600017.SH,600017,20251209,91516960,0,191484,A,S,33300,100,
600017.SH,600017,20251209,91516960,0,191843,A,B,30000,1000,
600017.SH,600017,20251209,91516960,0,191972,A,B,30100,3500,
600017.SH,600017,20251209,91517200,0,192553,A,S,33300,1000,
600017.SH,600017,20251209,91517200,0,192962,A,B,30000,3000,
600017.SH,600017,20251209,91517200,0,193911,A,B,29100,50000,
600017.SH,600017,20251209,91517200,0,194251,A,S,31900,1000,
600017.SH,600017,20251209,91517390,0,194370,A,S,33300,400,
600017.SH,600017,20251209,91517390,0,194570,A,S,32800,11500,
600017.SH,600017,20251209,91517470,0,195148,A,S,31200,500,
600017.SH,600017,20251209,91517470,0,195506,A,B,30000,3900,
600017.SH,600017,20251209,91517470,0,196074,A,S,31500,1000,
600017.SH,600017,20251209,91517470,0,196550,A,B,30100,5000,
600017.SH,600017,20251209,91517650,0,196968,A,B,30000,5000,
600017.SH,600017,20251209,91517650,0,196969,A,B,29900,5000,
600017.SH,600017,20251209,91517650,0,197017,A,B,29800,5000,
600017.SH,600017,20251209,91517650,0,197238,A,B,30000,1000,
600017.SH,600017,20251209,91517650,0,197265,A,S,30700,3700,
600017.SH,600017,20251209,91517760,0,197890,A,S,31100,2500,
600017.SH,600017,20251209,91517760,0,198098,A,B,30200,500,
600017.SH,600017,20251209,91517760,0,198187,A,B,30000,15000,
600017.SH,600017,20251209,91517850,0,198719,A,B,30100,2500,
600017.SH,600017,20251209,91517850,0,199035,A,S,31300,500,
600017.SH,600017,20251209,91517850,0,199164,A,S,31000,1000,
600017.SH,600017,20251209,91517850,0,199178,A,S,30600,10000,
600017.SH,600017,20251209,91517850,0,199497,A,S,30900,150000,
600017.SH,600017,20251209,91517990,0,200100,A,S,30500,5000,
600017.SH,600017,20251209,91517990,0,200295,A,S,30400,208800,
600017.SH,600017,20251209,91517990,0,200604,A,S,30000,2000,
600017.SH,600017,20251209,91517990,0,200604,D,S,30000,2000,
600017.SH,600017,20251209,91517990,0,200844,A,S,30500,156600,
600017.SH,600017,20251209,91517990,0,200979,A,S,30500,117800,
600017.SH,600017,20251209,91517990,0,200988,A,S,33300,3000,
600017.SH,600017,20251209,91518130,0,201063,A,S,30600,88000,
600017.SH,600017,20251209,91518130,0,201064,A,S,30300,66000,
600017.SH,600017,20251209,91518130,0,201084,A,B,29700,1000,
600017.SH,600017,20251209,91518130,0,201776,A,S,30500,198300,
600017.SH,600017,20251209,91518130,0,202061,A,B,30000,5000,
600017.SH,600017,20251209,91518260,0,202687,A,S,30700,13300,
600017.SH,600017,20251209,91518260,0,203486,A,B,30200,10000,
600017.SH,600017,20251209,91518260,0,203742,A,B,30100,10000,
600017.SH,600017,20251209,91518440,0,204349,A,S,33300,200,
600017.SH,600017,20251209,91518440,0,204961,A,B,29100,400,
600017.SH,600017,20251209,91518440,0,205055,A,S,30600,1000,
600017.SH,600017,20251209,91518440,0,205735,A,B,30200,5100,
600017.SH,600017,20251209,91518440,0,205769,A,S,30500,1000,
600017.SH,600017,20251209,91518440,0,205772,A,S,31300,80000,
600017.SH,600017,20251209,91518440,0,205852,A,S,33300,1000,
600017.SH,600017,20251209,91518640,0,206047,A,S,31300,27300,
600017.SH,600017,20251209,91518640,0,206142,A,S,30400,5000,
600017.SH,600017,20251209,91518640,0,206663,A,S,30500,1000,
600017.SH,600017,20251209,91518640,0,206935,A,B,29900,4300,
600017.SH,600017,20251209,91518640,0,206990,A,B,29300,100,
600017.SH,600017,20251209,91518640,0,206995,A,S,33300,100,
600017.SH,600017,20251209,91518640,0,207677,A,S,30700,1000,
600017.SH,600017,20251209,91518640,0,207883,A,S,33300,500,
600017.SH,600017,20251209,91518830,0,207942,A,B,29800,50000,
600017.SH,600017,20251209,91518830,0,207954,A,B,29100,50000,
600017.SH,600017,20251209,91518830,0,207972,A,B,28000,700,
600017.SH,600017,20251209,91518830,0,208079,A,S,33000,700,
600017.SH,600017,20251209,91518830,0,208369,A,B,29800,1200,
600017.SH,600017,20251209,91518830,0,208633,A,B,30100,700,
600017.SH,600017,20251209,91518830,0,208636,A,B,29900,700,
600017.SH,600017,20251209,91518990,0,209343,A,S,30800,500,
600017.SH,600017,20251209,91518990,0,209370,A,B,30100,2000,
600017.SH,600017,20251209,91518990,0,209501,A,B,29100,40000,
600017.SH,600017,20251209,91518990,0,209516,A,S,33300,7500,
600017.SH,600017,20251209,91519070,0,209739,A,S,30600,300,
600017.SH,600017,20251209,91519070,0,209872,A,S,33300,3200,
600017.SH,600017,20251209,91519070,0,210079,A,S,30600,1000,
600017.SH,600017,20251209,91519070,0,210150,A,B,29800,10000,
600017.SH,600017,20251209,91519180,0,211327,A,S,32700,5000,
600017.SH,600017,20251209,91519180,0,211706,A,B,27800,10000,
600017.SH,600017,20251209,91519180,0,211980,A,B,29600,12900,
600017.SH,600017,20251209,91519180,0,212109,A,S,30800,3500,
600017.SH,600017,20251209,91519360,0,212502,A,S,30600,400,
600017.SH,600017,20251209,91519360,0,212645,A,B,29500,12900,
600017.SH,600017,20251209,91519360,0,212778,A,B,30100,4600,
600017.SH,600017,20251209,91519360,0,213143,A,S,30600,2000,
600017.SH,600017,20251209,91519360,0,213151,A,B,29800,3000,
600017.SH,600017,20251209,91519450,0,213434,A,S,32400,7500,
600017.SH,600017,20251209,91519450,0,213476,A,S,31300,800,
600017.SH,600017,20251209,91519450,0,213555,A,S,33100,10000,
600017.SH,600017,20251209,91519450,0,213600,A,B,29200,13100,
600017.SH,600017,20251209,91519450,0,213608,A,B,29100,13100,
600017.SH,600017,20251209,91519450,0,213733,A,B,29000,13200,
600017.SH,600017,20251209,91519450,0,215039,A,B,30000,300,
600017.SH,600017,20251209,91519630,0,215113,A,B,30000,1000,
600017.SH,600017,20251209,91519630,0,215194,A,B,30100,100,
600017.SH,600017,20251209,91519630,0,215496,A,B,30000,200,
600017.SH,600017,20251209,91519630,0,215579,A,B,29700,1600,
600017.SH,600017,20251209,91519630,0,215592,A,S,30500,500,
600017.SH,600017,20251209,91519630,0,215618,A,S,31000,500,
600017.SH,600017,20251209,91519630,0,215651,A,S,31500,500,
600017.SH,600017,20251209,91519630,0,215652,A,B,30000,500,
600017.SH,600017,20251209,91519630,0,215681,A,B,30000,500,
600017.SH,600017,20251209,91519630,0,215683,A,B,29500,500,
600017.SH,600017,20251209,91519630,0,215791,A,S,28800,400,
600017.SH,600017,20251209,91519630,0,216172,A,B,29400,1700,
600017.SH,600017,20251209,91519810,0,216977,A,S,30400,10000,
600017.SH,600017,20251209,91519810,0,216980,A,B,30000,1000,
600017.SH,600017,20251209,91519810,0,217107,A,B,30200,1000,
600017.SH,600017,20251209,91519810,0,217331,A,B,30100,1000,
600017.SH,600017,20251209,91519810,0,217336,A,B,30300,1000,
600017.SH,600017,20251209,91519810,0,217392,A,S,30600,400,
600017.SH,600017,20251209,91519810,0,217400,A,S,31600,300,
600017.SH,600017,20251209,91519810,0,217546,A,S,30800,400,
600017.SH,600017,20251209,91519810,0,217754,A,S,30500,400,
600017.SH,600017,20251209,91519810,0,217814,A,B,30100,30000,
600017.SH,600017,20251209,91519810,0,217815,A,B,29900,50000,
600017.SH,600017,20251209,91519810,0,217956,A,B,30000,3000,
600017.SH,600017,20251209,91519810,0,218130,A,B,30200,50000,
600017.SH,600017,20251209,91519810,0,218205,A,S,31500,1000,
600017.SH,600017,20251209,91520120,0,220071,A,S,33200,13500,
600017.SH,600017,20251209,91520200,0,221604,A,B,30200,600,
600017.SH,600017,20251209,91520200,0,221640,A,B,30200,1600,
600017.SH,600017,20251209,91520350,0,221708,A,S,30400,600,
600017.SH,600017,20251209,91520350,0,221719,A,S,30800,3000,
600017.SH,600017,20251209,91520350,0,221726,A,S,31400,3000,
600017.SH,600017,20251209,91520350,0,221858,A,S,31500,2800,
600017.SH,600017,20251209,91520440,0,223333,A,S,33300,500,
600017.SH,600017,20251209,91520440,0,223460,A,S,30500,2000,
600017.SH,600017,20251209,91520440,0,223589,A,B,29800,3000,
600017.SH,600017,20251209,91520440,0,223702,A,B,29400,3000,
600017.SH,600017,20251209,91520440,0,224306,A,S,30500,39900,
600017.SH,600017,20251209,91520620,0,224478,A,S,31800,3000,
600017.SH,600017,20251209,91520620,0,225009,A,S,32000,1700,
600017.SH,600017,20251209,91520620,0,225122,A,B,30000,1000,
600017.SH,600017,20251209,91520730,0,225688,A,B,29900,2200,
600017.SH,600017,20251209,91520730,0,225711,A,B,30100,1700,
600017.SH,600017,20251209,91520730,0,226487,A,S,30400,8800,
600017.SH,600017,20251209,91520730,0,226842,A,S,31100,2400,
600017.SH,600017,20251209,91520730,0,227010,A,S,30500,5200,
600017.SH,600017,20251209,91520910,0,227459,A,B,30000,50000,
600017.SH,600017,20251209,91520910,0,228052,A,S,31800,2000,
600017.SH,600017,20251209,91520910,0,228122,A,B,30000,200,
600017.SH,600017,20251209,91520910,0,228123,A,S,31200,200,
600017.SH,600017,20251209,91521030,0,228200,A,S,31200,6600,
600017.SH,600017,20251209,91521030,0,227010,D,S,30500,5200,
600017.SH,600017,20251209,91521030,0,228652,A,S,30600,20000,
600017.SH,600017,20251209,91521030,0,228787,A,S,30500,1100,
600017.SH,600017,20251209,91521120,0,228896,A,S,30500,20000,
600017.SH,600017,20251209,91521370,0,230679,A,S,31500,400,
600017.SH,600017,20251209,91521370,0,230732,A,S,33300,400,
600017.SH,600017,20251209,91521370,0,230757,A,B,28800,400,
600017.SH,600017,20251209,91521390,0,230771,A,S,30600,20000,
600017.SH,600017,20251209,91521440,0,231043,A,B,27800,400,
600017.SH,600017,20251209,91521440,0,231126,A,B,27300,400,
600017.SH,600017,20251209,91521570,0,231546,A,S,30700,6600,
600017.SH,600017,20251209,91521620,0,231676,A,S,30700,1800,
600017.SH,600017,20251209,91521740,0,232155,A,S,33300,2000,
600017.SH,600017,20251209,91521790,0,232341,A,B,30000,5000,
600017.SH,600017,20251209,91521900,0,232714,A,B,27400,500,
600017.SH,600017,20251209,91521930,0,232820,A,B,30000,10000,
600017.SH,600017,20251209,91521930,0,232831,A,B,30200,10000,
600017.SH,600017,20251209,91522710,0,235159,A,S,33300,15000,
600017.SH,600017,20251209,91522810,0,235420,A,S,32000,6000,
600017.SH,600017,20251209,91522840,0,235440,A,S,33300,25000,
600017.SH,600017,20251209,91523020,0,235893,A,S,31000,6000,
600017.SH,600017,20251209,91523050,0,235964,A,S,31000,10000,
600017.SH,600017,20251209,91523050,0,235975,A,S,32000,10000,
600017.SH,600017,20251209,91523050,0,235994,A,S,33300,30000,
600017.SH,600017,20251209,91523050,0,236048,A,B,29900,100,
600017.SH,600017,20251209,91523120,0,236163,A,S,30900,10000,
600017.SH,600017,20251209,91523120,0,236169,A,S,31400,20000,
600017.SH,600017,20251209,91523120,0,236170,A,S,30300,10000,
600017.SH,600017,20251209,91523120,0,236175,A,S,31400,20000,
600017.SH,600017,20251209,91523120,0,236176,A,B,30000,17300,
600017.SH,600017,20251209,91523120,0,236182,A,S,31900,20000,
600017.SH,600017,20251209,91523120,0,236183,A,S,30400,10000,
600017.SH,600017,20251209,91523120,0,236184,A,S,30500,10000,
600017.SH,600017,20251209,91523120,0,236190,A,S,30600,10000,
600017.SH,600017,20251209,91523120,0,236200,A,S,30800,10000,
600017.SH,600017,20251209,91523120,0,236217,A,S,32400,20000,
600017.SH,600017,20251209,91523120,0,236220,A,S,32900,20000,
600017.SH,600017,20251209,91523120,0,236225,A,S,33300,50000,
600017.SH,600017,20251209,91523120,0,236246,A,B,30100,10000,
600017.SH,600017,20251209,91523120,0,236247,A,B,30000,10000,
600017.SH,600017,20251209,91523120,0,236268,A,B,29900,10000,
600017.SH,600017,20251209,91523120,0,236270,A,B,29800,10000,
600017.SH,600017,20251209,91523680,0,237477,A,B,27700,100,
600017.SH,600017,20251209,91524070,0,237680,A,B,30200,1000,
600017.SH,600017,20251209,91524070,0,237681,A,S,30400,1000,
600017.SH,600017,20251209,91524540,0,237880,A,S,31500,1000,
600017.SH,600017,20251209,91531010,0,239525,A,S,30700,500,
600017.SH,600017,20251209,91537280,0,241214,A,B,30000,5000,
600017.SH,600017,20251209,91540670,0,242141,A,B,29900,1000,
600017.SH,600017,20251209,91548380,0,244509,A,S,30800,500,
600017.SH,600017,20251209,91549540,0,244829,A,S,30800,500,
600017.SH,600017,20251209,91550160,0,245027,A,S,33300,100,
600017.SH,600017,20251209,91550160,0,245028,A,B,28800,100,
600017.SH,600017,20251209,91550650,0,245178,A,S,33300,1000,
600017.SH,600017,20251209,91553110,0,245944,A,S,31100,1000,
600017.SH,600017,20251209,91554040,0,246216,A,S,32200,10000,
600017.SH,600017,20251209,91557280,0,247264,A,S,33300,1000,
600017.SH,600017,20251209,91558110,0,247557,A,B,30100,1000,
600017.SH,600017,20251209,91558390,0,247690,A,S,30400,6800,
600017.SH,600017,20251209,91600020,0,248136,A,S,30400,500,
600017.SH,600017,20251209,91600020,0,248137,A,B,30200,500,
600017.SH,600017,20251209,91600070,0,248169,A,B,30100,600,
600017.SH,600017,20251209,91600070,0,248170,A,S,30500,600,
600017.SH,600017,20251209,91601370,0,248712,A,B,30000,8000,
600017.SH,600017,20251209,91601790,0,248800,A,S,30600,10000,
600017.SH,600017,20251209,91607370,0,250707,A,S,30900,600,
600017.SH,600017,20251209,91608890,0,251035,A,B,28500,100,
600017.SH,600017,20251209,91608890,0,251036,A,B,27800,100,
600017.SH,600017,20251209,91610270,0,251303,A,B,33300,100,
600017.SH,600017,20251209,91611720,0,251588,A,B,30000,500,
600017.SH,600017,20251209,91618010,0,252693,A,B,30200,4000,
600017.SH,600017,20251209,91625490,0,254115,A,S,31500,100000,
600017.SH,600017,20251209,91628510,0,254700,A,B,30300,1000,
600017.SH,600017,20251209,91630580,0,161653,D,S,30500,15000,
600017.SH,600017,20251209,91643450,0,257798,A,S,30500,20000,
600017.SH,600017,20251209,91647710,0,258681,A,S,30300,12000,
600017.SH,600017,20251209,91652860,0,259809,A,S,30400,10000,
600017.SH,600017,20251209,91653030,0,259854,A,S,30400,6000,
600017.SH,600017,20251209,91700300,0,261397,A,B,30000,10000,
600017.SH,600017,20251209,91700870,0,261556,A,S,30500,37255,
600017.SH,600017,20251209,91701180,0,261627,A,B,30000,2000,
600017.SH,600017,20251209,91702070,0,261841,A,B,30000,110900,
600017.SH,600017,20251209,91704610,0,262392,A,B,30000,1000,
600017.SH,600017,20251209,91718840,0,265513,A,S,30600,6500,
600017.SH,600017,20251209,91723380,0,266556,A,S,30500,5200,
600017.SH,600017,20251209,91729640,0,268000,A,S,30400,10000,
600017.SH,600017,20251209,91731960,0,268545,A,B,31200,700,
600017.SH,600017,20251209,91732670,0,268710,A,S,33300,900,
600017.SH,600017,20251209,91745510,0,271785,A,B,30100,5000,
600017.SH,600017,20251209,91751500,0,273307,A,S,30700,100,
600017.SH,600017,20251209,91753450,0,273753,A,B,29900,3000,
600017.SH,600017,20251209,91753670,0,273808,A,S,30500,86400,
600017.SH,600017,20251209,91758630,0,275010,A,B,30000,5000,
600017.SH,600017,20251209,91759490,0,275207,A,S,30500,9000,
600017.SH,600017,20251209,91800940,0,275602,A,B,29800,9000,
600017.SH,600017,20251209,91802060,0,275888,A,S,33300,5000,
600017.SH,600017,20251209,91802730,0,276061,A,S,32900,800,
600017.SH,600017,20251209,91803720,0,276293,A,S,30400,14000,
600017.SH,600017,20251209,91808880,0,201064,D,S,30300,66000,
600017.SH,600017,20251209,91809280,0,277645,A,B,29800,300,
600017.SH,600017,20251209,91809790,0,277772,A,B,30000,10000,
600017.SH,600017,20251209,91811300,0,278210,A,B,30200,13700,
600017.SH,600017,20251209,91812240,0,201063,D,S,30600,88000,
600017.SH,600017,20251209,91812590,0,278485,A,S,30500,10000,
600017.SH,600017,20251209,91812980,0,278592,A,B,30100,9000,
600017.SH,600017,20251209,91815040,0,279105,A,B,30200,20000,
600017.SH,600017,20251209,91819520,0,280225,A,S,32000,23100,
600017.SH,600017,20251209,91820510,0,280463,A,S,32500,900,
600017.SH,600017,20251209,91821500,0,280714,A,S,30600,5000,
600017.SH,600017,20251209,91822380,0,280908,A,S,30500,8300,
600017.SH,600017,20251209,91827980,0,282327,A,B,30000,4000,
600017.SH,600017,20251209,91828580,0,282485,A,S,30300,20000,
600017.SH,600017,20251209,91831300,0,283092,A,B,29000,1000,
600017.SH,600017,20251209,91838760,0,284820,A,S,31000,1000,
600017.SH,600017,20251209,91840250,0,285179,A,B,30100,30000,
600017.SH,600017,20251209,91845680,0,286536,A,S,30500,1700,
600017.SH,600017,20251209,91849320,0,287459,A,S,33300,10000,
600017.SH,600017,20251209,91856770,0,289266,A,S,30600,6900,
600017.SH,600017,20251209,91858220,0,289630,A,B,29800,2000,
600017.SH,600017,20251209,91904190,0,291176,A,B,29800,25000,
600017.SH,600017,20251209,91913960,0,293754,A,S,30600,66400,
600017.SH,600017,20251209,91920010,0,295271,A,S,30700,1000,
600017.SH,600017,20251209,91920590,0,295424,A,S,30300,10000,
600017.SH,600017,20251209,91920590,0,41388,D,S,30300,41100,
600017.SH,600017,20251209,91930580,0,297973,A,S,30300,1900,
600017.SH,600017,20251209,91936450,0,293754,D,S,30600,66400,
600017.SH,600017,20251209,91937120,0,299734,A,S,30500,5000,
600017.SH,600017,20251209,91937540,0,80831,D,S,30300,42200,
600017.SH,600017,20251209,91946850,0,302305,A,S,30600,400,
600017.SH,600017,20251209,91946910,0,302329,A,S,31000,400,
600017.SH,600017,20251209,91946960,0,302347,A,S,31400,400,
600017.SH,600017,20251209,91947000,0,302366,A,S,31800,400,
600017.SH,600017,20251209,91947050,0,302380,A,S,32200,400,
600017.SH,600017,20251209,91947110,0,302389,A,S,32600,400,
600017.SH,600017,20251209,91947190,0,38458,D,B,30100,2000,
600017.SH,600017,20251209,91950660,0,280908,D,S,30500,8300,
600017.SH,600017,20251209,91952380,0,303743,A,B,29800,500,
600017.SH,600017,20251209,91954890,0,304390,A,S,31700,16800,
600017.SH,600017,20251209,91955110,0,304454,A,S,32800,400,
600017.SH,600017,20251209,91956050,0,304695,A,B,29800,400,
600017.SH,600017,20251209,91956500,0,304815,A,S,33000,1000,
600017.SH,600017,20251209,92000060,0,305803,A,S,32700,1000,
600017.SH,600017,20251209,92003010,0,306887,A,S,29700,100,
600017.SH,600017,20251209,92003490,0,307076,A,B,29900,103400,
600017.SH,600017,20251209,92003860,0,307197,A,B,30000,1000,
600017.SH,600017,20251209,92010950,0,309463,A,S,31200,800,
600017.SH,600017,20251209,92013980,0,310361,A,B,30100,9300,
600017.SH,600017,20251209,92014640,0,310547,A,S,30300,2000,
600017.SH,600017,20251209,92015070,0,310660,A,B,29500,3500,
600017.SH,600017,20251209,92017100,0,311223,A,B,29900,12800,
600017.SH,600017,20251209,92018570,0,311617,A,B,30200,43100,
600017.SH,600017,20251209,92019780,0,311924,A,B,29600,3500,
600017.SH,600017,20251209,92021210,0,312317,A,S,33300,16800,
600017.SH,600017,20251209,92024630,0,313305,A,B,29800,3500,
600017.SH,600017,20251209,92031700,0,315264,A,B,29900,3500,
600017.SH,600017,20251209,92032850,0,315599,A,S,33000,300,
600017.SH,600017,20251209,92036290,0,316561,A,S,30300,12000,
600017.SH,600017,20251209,92036490,0,316603,A,S,30500,36400,
600017.SH,600017,20251209,92042880,0,318430,A,S,30500,2000,
600017.SH,600017,20251209,92049610,0,320336,A,S,33300,5000,
600017.SH,600017,20251209,92053250,0,321349,A,B,30100,100,
600017.SH,600017,20251209,92056270,0,322257,A,S,30600,66400,
600017.SH,600017,20251209,92057550,0,322604,A,S,30600,2000,
600017.SH,600017,20251209,92058330,0,322828,A,S,31800,2000,
600017.SH,600017,20251209,92058540,0,322872,A,S,30300,6800,
600017.SH,600017,20251209,92100910,0,323574,A,B,30200,600,
600017.SH,600017,20251209,92105300,0,324845,A,S,33200,10600,
600017.SH,600017,20251209,92109000,0,325914,A,S,33300,10000,
600017.SH,600017,20251209,92120440,0,329332,A,S,32000,200,
600017.SH,600017,20251209,92137660,0,334562,A,S,31000,16800,
600017.SH,600017,20251209,92138190,0,334741,A,B,29000,100,
600017.SH,600017,20251209,92145350,0,336937,A,B,27300,1000,
600017.SH,600017,20251209,92147450,0,337594,A,S,30400,7000,
600017.SH,600017,20251209,92156210,0,340357,A,S,30900,10000,
600017.SH,600017,20251209,92157900,0,340831,A,B,29900,200,
600017.SH,600017,20251209,92159500,0,341333,A,S,31300,300,
600017.SH,600017,20251209,92204150,0,343147,A,S,30400,5000,
600017.SH,600017,20251209,92220180,0,348343,A,S,30700,4700,
600017.SH,600017,20251209,92220180,0,348347,A,B,30200,10000,
600017.SH,600017,20251209,92239740,0,354966,A,S,30600,2000,
600017.SH,600017,20251209,92243680,0,356299,A,B,30000,1900,
600017.SH,600017,20251209,92244500,0,356575,A,S,30800,9000,
600017.SH,600017,20251209,92247950,0,357819,A,S,30900,1800,
600017.SH,600017,20251209,92252310,0,359384,A,B,30300,4900,
600017.SH,600017,20251209,92258960,0,361627,A,S,30400,4000,
600017.SH,600017,20251209,92302740,0,363075,A,B,30200,3300,
600017.SH,600017,20251209,92306770,0,364614,A,S,30400,20000,
600017.SH,600017,20251209,92308990,0,365426,A,B,30000,1000,
600017.SH,600017,20251209,92313240,0,367035,A,S,30600,500,
600017.SH,600017,20251209,92313260,0,367051,A,B,30100,10000,
600017.SH,600017,20251209,92315170,0,367764,A,S,30500,340900,
600017.SH,600017,20251209,92318740,0,369147,A,S,30600,6000,
600017.SH,600017,20251209,92328300,0,373061,A,S,30600,23700,
600017.SH,600017,20251209,92342190,0,378846,A,B,30100,30000,
600017.SH,600017,20251209,92347720,0,381249,A,S,33300,36700,
600017.SH,600017,20251209,92347810,0,381285,A,S,31600,5000,
600017.SH,600017,20251209,92359730,0,386235,A,S,33300,100,
600017.SH,600017,20251209,92402550,0,387711,A,S,33300,3000,
600017.SH,600017,20251209,92402610,0,387740,A,S,33200,3000,
600017.SH,600017,20251209,92407480,0,390139,A,S,32800,3000,
600017.SH,600017,20251209,92411700,0,392416,A,S,32900,3000,
600017.SH,600017,20251209,92411920,0,392536,A,S,30700,2700,
600017.SH,600017,20251209,92411930,0,392548,A,S,30600,4000,
600017.SH,600017,20251209,92415090,0,394288,A,S,30700,1900,
600017.SH,600017,20251209,92415780,0,394700,A,S,32500,3000,
600017.SH,600017,20251209,92416920,0,395374,A,S,32200,900,
600017.SH,600017,20251209,92417750,0,395879,A,B,30100,6000,
600017.SH,600017,20251209,92425090,0,400266,A,B,29800,5000,
600017.SH,600017,20251209,92431640,0,404445,A,S,33300,1000,
600017.SH,600017,20251209,92437670,0,408475,A,B,30100,2000,
600017.SH,600017,20251209,92437990,0,408697,A,S,30400,10000,
600017.SH,600017,20251209,92438930,0,409485,A,B,29800,10000,
600017.SH,600017,20251209,92440670,0,410888,A,B,30000,200,
600017.SH,600017,20251209,92440670,0,410889,A,B,30100,200,
600017.SH,600017,20251209,92440670,0,410891,A,B,29900,200,
600017.SH,600017,20251209,92440670,0,410892,A,B,29800,200,
600017.SH,600017,20251209,92442210,0,412005,A,B,30100,1000,
600017.SH,600017,20251209,92443130,0,412675,A,B,30200,100,
600017.SH,600017,20251209,92444540,0,413695,A,S,31900,1000,
600017.SH,600017,20251209,92446190,0,414906,A,B,30200,4000,
600017.SH,600017,20251209,92446350,0,415032,A,S,30500,1000,
600017.SH,600017,20251209,92446480,0,415136,A,B,30100,1000,
600017.SH,600017,20251209,92447760,0,416053,A,B,30300,6700,
600017.SH,600017,20251209,92448660,0,416846,A,B,29800,900,
600017.SH,600017,20251209,92451280,0,419846,A,S,29800,4100,
600017.SH,600017,20251209,92452680,0,421211,A,B,30500,16300,
600017.SH,600017,20251209,92454820,0,423453,A,S,29100,15400,
600017.SH,600017,20251209,92455980,0,425014,A,S,30200,8000,
600017.SH,600017,20251209,92456060,0,425155,A,S,30200,4400,
600017.SH,600017,20251209,92457110,0,426962,A,S,29400,9200,
600017.SH,600017,20251209,92457970,0,428916,A,B,29700,200,
600017.SH,600017,20251209,92458250,0,429536,A,B,31600,3100,
600017.SH,600017,20251209,92458250,0,429539,A,B,31600,800,
600017.SH,600017,20251209,92458280,0,429655,A,B,31600,800,
600017.SH,600017,20251209,92458790,0,430976,A,S,29300,8100,
600017.SH,600017,20251209,92459720,0,433259,A,B,30900,3900,
600017.SH,600017,20251209,92501220,0,0,S,O,0,0,
600017.SH,600017,20251209,93000100,0,434564,A,B,30100,5000,
600017.SH,600017,20251209,93002550,0,439644,A,S,30500,40000,
600017.SH,600017,20251209,93002650,0,440268,A,S,31700,3500,
600017.SH,600017,20251209,93002950,0,443739,A,B,30200,10000,
600017.SH,600017,20251209,93002950,0,444009,A,B,30100,10000,
600017.SH,600017,20251209,93003090,0,445375,A,S,30300,500000,
600017.SH,600017,20251209,93003090,0,446214,A,S,30300,100,
600017.SH,600017,20251209,93003250,0,448115,A,B,30200,10000,
600017.SH,600017,20251209,93003250,0,448651,A,S,33300,2500,
600017.SH,600017,20251209,93003400,0,448706,A,B,30100,6000,
600017.SH,600017,20251209,93003400,0,448897,A,B,30100,10000,
600017.SH,600017,20251209,93003400,0,449190,A,S,31600,3000,
600017.SH,600017,20251209,93003550,0,451421,A,B,30100,5000,
600017.SH,600017,20251209,93003850,0,454286,A,S,30700,3000,
600017.SH,600017,20251209,93003850,0,454425,A,S,30800,4000,
600017.SH,600017,20251209,93003850,0,454610,A,S,30900,5000,
600017.SH,600017,20251209,93003850,0,454736,A,S,31000,5000,
600017.SH,600017,20251209,93003850,0,454999,A,S,31100,5000,
600017.SH,600017,20251209,93003850,0,455036,A,B,29800,5000,
600017.SH,600017,20251209,93003850,0,455334,A,S,31300,2500,
600017.SH,600017,20251209,93003990,0,456186,A,S,30500,38000,
600017.SH,600017,20251209,93004150,0,457469,A,B,29800,1000,
600017.SH,600017,20251209,93004150,0,457561,A,B,29100,2000,
600017.SH,600017,20251209,93004610,0,462569,A,S,30300,286600,
600017.SH,600017,20251209,93004610,0,463081,A,S,30300,8000,
600017.SH,600017,20251209,93004610,0,463114,A,S,30400,8000,
600017.SH,600017,20251209,93004760,0,465444,A,S,30800,10000,
600017.SH,600017,20251209,93005040,0,467538,A,B,30100,100,
600017.SH,600017,20251209,93005040,0,468169,A,B,30200,9900,
600017.SH,600017,20251209,93005350,0,471860,A,S,30300,100,
600017.SH,600017,20251209,93005350,0,471893,A,B,30200,10000,
600017.SH,600017,20251209,93005510,0,474250,A,S,31300,3000,
600017.SH,600017,20251209,93005650,0,474753,A,S,30400,17300,
600017.SH,600017,20251209,93005650,0,474957,A,B,29900,20000,
600017.SH,600017,20251209,93005800,0,476343,A,B,27300,3800,
600017.SH,600017,20251209,93005800,0,476468,A,B,30000,1500,
600017.SH,600017,20251209,93005950,0,478641,A,S,30300,41100,
600017.SH,600017,20251209,93005950,0,478652,A,S,30400,51100,
600017.SH,600017,20251209,93005950,0,478663,A,S,30400,51100,
600017.SH,600017,20251209,93005950,0,41488,D,B,30200,41100,
600017.SH,600017,20251209,93005950,0,479412,A,B,30000,9100,
600017.SH,600017,20251209,93006100,0,480195,A,S,30700,2000,
600017.SH,600017,20251209,93006100,0,480389,A,B,30000,5000,
600017.SH,600017,20251209,93006100,0,480584,A,B,29800,5000,
600017.SH,600017,20251209,93006100,0,480635,A,B,30200,1000,
600017.SH,600017,20251209,93006260,0,482587,A,S,30300,14300,
600017.SH,600017,20251209,93006710,0,486341,A,B,29500,2000,
600017.SH,600017,20251209,93006710,0,486456,A,S,33300,500,
600017.SH,600017,20251209,93006710,0,486627,A,S,30700,10000,
600017.SH,600017,20251209,93006710,0,486723,A,B,30000,10000,
600017.SH,600017,20251209,93006710,0,486836,A,B,29800,1100,
600017.SH,600017,20251209,93006840,0,489722,A,B,30200,2700,
600017.SH,600017,20251209,93006990,0,490333,A,B,30000,500,
600017.SH,600017,20251209,93006990,0,490567,A,B,29900,7800,
600017.SH,600017,20251209,93006990,0,490730,A,B,30200,19900,
600017.SH,600017,20251209,93006990,0,490955,A,S,30400,5000,
600017.SH,600017,20251209,93007130,0,492170,A,S,30500,20000,
600017.SH,600017,20251209,93007290,0,493486,A,S,30300,3000,
600017.SH,600017,20251209,93007290,0,493550,A,S,30400,15000,
600017.SH,600017,20251209,93007290,0,494558,A,S,30300,12700,
600017.SH,600017,20251209,93007450,0,495719,A,S,30400,10000,
600017.SH,600017,20251209,93007760,0,498569,A,B,30200,1000,
600017.SH,600017,20251209,93007900,0,501316,A,S,30700,17000,
600017.SH,600017,20251209,93007910,0,501672,A,S,30300,20000,
600017.SH,600017,20251209,93008040,0,502933,A,S,30700,1000000,
600017.SH,600017,20251209,93008040,0,139399,D,B,30200,10000,
600017.SH,600017,20251209,93008200,0,504887,A,S,30300,100,
600017.SH,600017,20251209,93008350,0,505079,A,B,30200,2000,
600017.SH,600017,20251209,93008500,0,506855,A,S,30700,25000,
600017.SH,600017,20251209,93008500,0,507058,A,B,27300,3800,
600017.SH,600017,20251209,93008500,0,507223,A,S,30700,25100,
600017.SH,600017,20251209,93008500,0,507437,A,B,30100,1300,
600017.SH,600017,20251209,93008500,0,507520,A,S,30700,25100,
600017.SH,600017,20251209,93008500,0,507868,A,S,30300,42200,
600017.SH,600017,20251209,93008500,0,507962,A,S,30400,42200,
600017.SH,600017,20251209,93008500,0,508017,A,S,30400,42200,
600017.SH,600017,20251209,93008500,0,80924,D,B,30200,42200,
600017.SH,600017,20251209,93008760,0,510189,A,B,29700,10000,
600017.SH,600017,20251209,93009050,0,513848,A,S,30400,38000,
600017.SH,600017,20251209,93009190,0,515955,A,B,30200,11300,
600017.SH,600017,20251209,93009340,0,518173,A,S,30500,11800,
600017.SH,600017,20251209,93009480,0,6442,D,B,30200,5000,
600017.SH,600017,20251209,93009480,0,518704,A,B,30100,8000,
600017.SH,600017,20251209,93009480,0,519992,A,S,33300,256300,
600017.SH,600017,20251209,93009630,0,520558,A,S,30300,52000,
600017.SH,600017,20251209,93009670,0,521533,A,B,30100,2000,
600017.SH,600017,20251209,93009670,0,522094,A,B,29300,3000,
600017.SH,600017,20251209,93009970,0,525601,A,S,30400,34800,
600017.SH,600017,20251209,93009970,0,525621,A,S,30500,34900,
600017.SH,600017,20251209,93010100,0,526058,A,B,29300,1000,
600017.SH,600017,20251209,93010100,0,526881,A,S,31400,45200,
600017.SH,600017,20251209,93010250,0,528009,A,B,29600,100,
600017.SH,600017,20251209,93010250,0,528242,A,S,30300,1200,
600017.SH,600017,20251209,93010250,0,528579,A,B,30000,2000,
600017.SH,600017,20251209,93010380,0,529224,A,B,30200,500,
600017.SH,600017,20251209,93010380,0,529363,A,S,31000,100,
600017.SH,600017,20251209,93010380,0,529574,A,S,30800,700,
600017.SH,600017,20251209,93010530,0,531110,A,B,30100,17000,
600017.SH,600017,20251209,93010530,0,200844,D,S,30500,156600,
600017.SH,600017,20251209,93010530,0,200979,D,S,30500,117800,
600017.SH,600017,20251209,93010530,0,201776,D,S,30500,198300,
600017.SH,600017,20251209,93010530,0,532604,A,B,30000,2000,
600017.SH,600017,20251209,93010690,0,532796,A,S,30400,3000,
600017.SH,600017,20251209,93010740,0,533320,A,B,30100,20000,
600017.SH,600017,20251209,93010740,0,533701,A,B,30100,10000,
600017.SH,600017,20251209,93010740,0,534030,A,S,31000,2000,
600017.SH,600017,20251209,93010910,0,535622,A,B,28700,1200,
600017.SH,600017,20251209,93010910,0,536375,A,B,29800,2000,
600017.SH,600017,20251209,93011040,0,536992,A,B,29600,3000,
600017.SH,600017,20251209,93011340,0,540433,A,B,30200,1000,
600017.SH,600017,20251209,93011340,0,540514,A,B,30100,5000,
600017.SH,600017,20251209,93011340,0,541056,A,B,30200,100,
600017.SH,600017,20251209,93011340,0,322257,D,S,30600,66400,
600017.SH,600017,20251209,93011490,0,166002,D,S,33100,100,
600017.SH,600017,20251209,93011640,0,544831,A,S,30300,30000,
600017.SH,600017,20251209,93011950,0,547450,A,B,30100,1000,
600017.SH,600017,20251209,93011950,0,548170,A,S,30300,900,
600017.SH,600017,20251209,93012110,0,549459,A,S,30300,4900,
600017.SH,600017,20251209,93012110,0,549937,A,B,30000,1000,
600017.SH,600017,20251209,93012270,0,552605,A,B,29800,1000,
600017.SH,600017,20251209,93012640,0,556977,A,S,30300,2700,
600017.SH,600017,20251209,93013240,0,563040,A,B,30200,500,
600017.SH,600017,20251209,93013240,0,563043,A,B,30100,1100,
600017.SH,600017,20251209,93013340,0,564016,A,B,30200,100,
600017.SH,600017,20251209,93013340,0,564759,A,B,30200,20000,
600017.SH,600017,20251209,93013340,0,565008,A,B,30100,10000,
600017.SH,600017,20251209,93013480,0,565353,A,B,30000,100,
600017.SH,600017,20251209,93013620,0,568006,A,B,30100,5000,
600017.SH,600017,20251209,93013620,0,568427,A,S,30300,100,
600017.SH,600017,20251209,93013620,0,568437,A,S,30300,100,
600017.SH,600017,20251209,93013620,0,568502,A,S,30300,300,
600017.SH,600017,20251209,93013770,0,569164,A,B,29700,16000,
600017.SH,600017,20251209,93013770,0,569406,A,B,30000,1000,
600017.SH,600017,20251209,93013770,0,569416,A,B,29900,1000,
600017.SH,600017,20251209,93014070,0,573136,A,S,30700,4300,
600017.SH,600017,20251209,93014070,0,573433,A,B,30100,300,
600017.SH,600017,20251209,93014070,0,573449,A,B,30000,500,
600017.SH,600017,20251209,93014220,0,575768,A,B,30100,26900,
600017.SH,600017,20251209,93014490,0,577910,A,S,30300,12700,
600017.SH,600017,20251209,93014630,0,448897,D,B,30100,10000,
600017.SH,600017,20251209,93014630,0,579544,A,S,30500,20000,
600017.SH,600017,20251209,93014630,0,579683,A,S,30400,300,
600017.SH,600017,20251209,93014630,0,579686,A,S,30400,100,
600017.SH,600017,20251209,93014780,0,580831,A,S,30800,50000,
600017.SH,600017,20251209,93014780,0,580978,A,B,30100,700,
600017.SH,600017,20251209,93014930,0,581886,A,B,30100,17000,
600017.SH,600017,20251209,93014930,0,582445,A,S,30400,10000,
600017.SH,600017,20251209,93015080,0,584208,A,B,29900,500,
600017.SH,600017,20251209,93015230,0,585792,A,B,29800,30000,
600017.SH,600017,20251209,93015230,0,587029,A,B,29800,7300,
600017.SH,600017,20251209,93015380,0,587901,A,S,30500,3300,
600017.SH,600017,20251209,93015380,0,588649,A,B,30100,100,
600017.SH,600017,20251209,93015530,0,589081,A,B,30000,200,
600017.SH,600017,20251209,93015530,0,590376,A,B,30200,1000,
600017.SH,600017,20251209,93015670,0,590636,A,B,30000,7200,
600017.SH,600017,20251209,93015670,0,592232,A,S,30300,4900,
600017.SH,600017,20251209,93015830,0,593410,A,B,30000,1000,
600017.SH,600017,20251209,93015830,0,593838,A,B,30100,3000,
600017.SH,600017,20251209,93015990,0,594759,A,B,29800,2000,
600017.SH,600017,20251209,93016300,0,597998,A,B,29800,1000,
600017.SH,600017,20251209,93016300,0,598009,A,B,29700,1000,
600017.SH,600017,20251209,93016450,0,599713,A,S,30300,24000,
600017.SH,600017,20251209,93016450,0,600920,A,S,30600,2500,
600017.SH,600017,20251209,93016600,0,12799,D,S,30500,22300,
600017.SH,600017,20251209,93016600,0,601419,A,S,33200,3000,
600017.SH,600017,20251209,93016600,0,602119,A,B,30200,5200,
600017.SH,600017,20251209,93016600,0,602377,A,B,30100,5000,
600017.SH,600017,20251209,93016600,0,602465,A,B,29800,700,
600017.SH,600017,20251209,93017040,0,607260,A,B,30200,200000,
600017.SH,600017,20251209,93017040,0,607952,A,S,30600,20000,
600017.SH,600017,20251209,93017330,0,611361,A,S,30300,500,
600017.SH,600017,20251209,93017490,0,611610,A,S,33200,4000,
600017.SH,600017,20251209,93017490,0,612238,A,S,30300,100,
600017.SH,600017,20251209,93017490,0,612710,A,S,32500,48600,
600017.SH,600017,20251209,93017770,0,615904,A,S,30400,7400,
600017.SH,600017,20251209,93017940,0,617238,A,S,30300,100,
600017.SH,600017,20251209,93017940,0,617452,A,B,29900,2100,
600017.SH,600017,20251209,93017940,0,617513,A,B,30100,500,
600017.SH,600017,20251209,93017940,0,617789,A,S,30300,12300,
600017.SH,600017,20251209,93017940,0,617898,A,S,30300,12800,
600017.SH,600017,20251209,93018230,0,620168,A,S,30400,30000,
600017.SH,600017,20251209,93018230,0,620933,A,S,30300,100,
600017.SH,600017,20251209,93018230,0,621127,A,S,30300,1400,
600017.SH,600017,20251209,93018380,0,623144,A,S,30300,100,
600017.SH,600017,20251209,93018530,0,623611,A,B,30000,2000,
600017.SH,600017,20251209,93018530,0,623937,A,S,30300,154000,
600017.SH,600017,20251209,93018530,0,624418,A,S,30300,4900,
600017.SH,600017,20251209,93018670,0,626572,A,S,30300,300,
600017.SH,600017,20251209,93018810,0,628122,A,S,30400,10000,
600017.SH,600017,20251209,93019020,0,629275,A,S,30400,420000,
600017.SH,600017,20251209,93019020,0,630343,A,S,30300,4800,
600017.SH,600017,20251209,93019020,0,630611,A,B,30100,500,
600017.SH,600017,20251209,93019160,0,630717,A,B,30100,3000,
600017.SH,600017,20251209,93019160,0,630772,A,B,30100,1000,
600017.SH,600017,20251209,93019160,0,630788,A,B,30000,1000,
600017.SH,600017,20251209,93019330,0,632645,A,B,30200,10700,
600017.SH,600017,20251209,93019330,0,632990,A,B,30200,10000,
600017.SH,600017,20251209,93019330,0,633869,A,B,30000,20000,
600017.SH,600017,20251209,93019630,0,635771,A,S,30400,10000,
600017.SH,600017,20251209,93019670,0,636085,A,B,30000,5000,
600017.SH,600017,20251209,93019670,0,636790,A,S,30600,1000,
600017.SH,600017,20251209,93019670,0,636797,A,S,30300,4900,
600017.SH,600017,20251209,93019670,0,636885,A,S,30300,1700,
600017.SH,600017,20251209,93019940,0,639997,A,B,30200,2000,
600017.SH,600017,20251209,93020160,0,642989,A,B,29000,200,
600017.SH,600017,20251209,93020320,0,135385,D,B,30100,10000,
600017.SH,600017,20251209,93020500,0,645592,A,B,30000,300,
600017.SH,600017,20251209,93020500,0,646031,A,S,30300,200,
600017.SH,600017,20251209,93020620,0,647904,A,S,30600,2000,
600017.SH,600017,20251209,93020780,0,649284,A,B,29900,3000,
600017.SH,600017,20251209,93020930,0,649961,A,B,30100,10000,
600017.SH,600017,20251209,93021050,0,652278,A,S,30500,3400,
600017.SH,600017,20251209,93021050,0,652383,A,S,30700,2900,
600017.SH,600017,20251209,93021240,0,653509,A,S,30300,21500,
600017.SH,600017,20251209,93021240,0,653510,A,S,30300,11500,
600017.SH,600017,20251209,93021240,0,20008,D,S,30500,99100,
600017.SH,600017,20251209,93021240,0,653670,A,S,30300,800,
600017.SH,600017,20251209,93021410,0,656026,A,S,33300,7300,
600017.SH,600017,20251209,93021750,0,659011,A,S,30300,100,
600017.SH,600017,20251209,93021750,0,659071,A,S,30300,400,
600017.SH,600017,20251209,93021750,0,659203,A,S,30300,1400,
600017.SH,600017,20251209,93021750,0,659259,A,S,30300,400,
600017.SH,600017,20251209,93021900,0,660073,A,S,30800,1000,
600017.SH,600017,20251209,93021900,0,660969,A,S,30600,3300,
600017.SH,600017,20251209,93022160,0,662719,A,B,30000,4000,
600017.SH,600017,20251209,93022220,0,663221,A,B,30100,50000,
600017.SH,600017,20251209,93022220,0,663727,A,B,29500,10000,
600017.SH,600017,20251209,93022530,0,666628,A,S,30400,293400,
600017.SH,600017,20251209,93022690,0,668439,A,B,30100,10000,
600017.SH,600017,20251209,93022810,0,669504,A,B,30000,1000,
600017.SH,600017,20251209,93022960,0,670955,A,B,30100,1000,
600017.SH,600017,20251209,93023110,0,265513,D,S,30600,6500,
600017.SH,600017,20251209,93023110,0,673560,A,B,30000,1400,
600017.SH,600017,20251209,93023270,0,673961,A,S,30700,3600,
600017.SH,600017,20251209,93023270,0,674922,A,S,30300,11300,
600017.SH,600017,20251209,93023420,0,675674,A,S,30300,472700,
600017.SH,600017,20251209,93023420,0,676940,A,S,30300,10100,
600017.SH,600017,20251209,93023560,0,322872,D,S,30300,6800,
600017.SH,600017,20251209,93023570,0,678349,A,B,29900,1000,
600017.SH,600017,20251209,93023810,0,679534,A,B,29700,1000,
600017.SH,600017,20251209,93023960,0,681798,A,B,30200,2000,
600017.SH,600017,20251209,93023960,0,682066,A,S,30300,10000,
600017.SH,600017,20251209,93024110,0,682927,A,B,30100,20000,
600017.SH,600017,20251209,93024110,0,683204,A,B,30100,800,
600017.SH,600017,20251209,93024260,0,684391,A,S,30400,6500,
600017.SH,600017,20251209,93024550,0,687861,A,S,30900,1000,
600017.SH,600017,20251209,93024780,0,690301,A,B,30000,800,
600017.SH,600017,20251209,93024780,0,690549,A,B,30100,7200,
600017.SH,600017,20251209,93024780,0,690762,A,B,30200,100,
600017.SH,600017,20251209,93025130,0,693972,A,B,30200,100,
600017.SH,600017,20251209,93025130,0,694070,A,B,29900,7300,
600017.SH,600017,20251209,93025130,0,694391,A,B,29800,15000,
600017.SH,600017,20251209,93025420,0,696465,A,B,29800,7400,
600017.SH,600017,20251209,93025490,0,697879,A,S,30300,4000,
600017.SH,600017,20251209,93025630,0,699106,A,B,30100,1000,
600017.SH,600017,20251209,93025830,0,701320,A,S,30300,4000,
600017.SH,600017,20251209,93025980,0,702653,A,B,30000,1000,
600017.SH,600017,20251209,93025980,0,703215,A,S,30300,100,
600017.SH,600017,20251209,93025980,0,703268,A,S,30300,100,
600017.SH,600017,20251209,93026130,0,705213,A,S,31300,45000,
600017.SH,600017,20251209,93026270,0,706646,A,S,30300,3500,
600017.SH,600017,20251209,93026270,0,577910,D,S,30300,12700,
600017.SH,600017,20251209,93026570,0,709954,A,S,30300,100,
600017.SH,600017,20251209,93026720,0,711258,A,S,30300,2400,
600017.SH,600017,20251209,93026720,0,711865,A,S,30300,600,
600017.SH,600017,20251209,93026720,0,79145,D,S,30400,4200,
600017.SH,600017,20251209,93026850,0,712601,A,B,30100,5000,
600017.SH,600017,20251209,93026990,0,714459,A,S,33300,300,
600017.SH,600017,20251209,93026990,0,715106,A,S,30300,600,
600017.SH,600017,20251209,93027130,0,715841,A,B,29800,3500,
600017.SH,600017,20251209,93027130,0,715857,A,S,30300,600,
600017.SH,600017,20251209,93027290,0,717239,A,S,30300,100,
600017.SH,600017,20251209,93027290,0,717249,A,S,30300,100,
600017.SH,600017,20251209,93027290,0,717257,A,S,30300,100,
600017.SH,600017,20251209,93027290,0,717596,A,S,30300,100,
600017.SH,600017,20251209,93027400,0,718029,A,S,30300,100,
600017.SH,600017,20251209,93027400,0,718327,A,B,30000,4200,
600017.SH,600017,20251209,93027580,0,721007,A,S,30300,100,
600017.SH,600017,20251209,93027720,0,722108,A,B,30000,10000,
600017.SH,600017,20251209,93027940,0,4159,D,S,30400,10000,
600017.SH,600017,20251209,93028080,0,725568,A,S,30300,15800,
600017.SH,600017,20251209,93028080,0,725614,A,B,30000,20000,
600017.SH,600017,20251209,93028220,0,200295,D,S,30400,208800,
600017.SH,600017,20251209,93028220,0,728185,A,S,30300,4900,
600017.SH,600017,20251209,93028380,0,728834,A,S,30300,100,
600017.SH,600017,20251209,93028540,0,74121,D,S,30500,20600,
600017.SH,600017,20251209,93028540,0,730320,A,S,33300,500,
600017.SH,600017,20251209,93028780,0,733724,A,B,30000,30000,
600017.SH,600017,20251209,93028970,0,734924,A,B,30100,100,
600017.SH,600017,20251209,93029100,0,735686,A,S,30800,2000,
600017.SH,600017,20251209,93029380,0,739762,A,S,30300,3400,
600017.SH,600017,20251209,93029520,0,740191,A,S,30800,500,
600017.SH,600017,20251209,93029640,0,741602,A,S,30400,50000,
600017.SH,600017,20251209,93029640,0,742325,A,S,30600,1000,
600017.SH,600017,20251209,93029640,0,742338,A,B,30100,5000,
600017.SH,600017,20251209,93029780,0,742914,A,B,30100,10000,
600017.SH,600017,20251209,93029780,0,743538,A,S,30300,100,
600017.SH,600017,20251209,93029920,0,744645,A,B,29900,300,
600017.SH,600017,20251209,93029920,0,745080,A,S,30900,11000,
600017.SH,600017,20251209,93030060,0,746026,A,B,30100,15000,
600017.SH,600017,20251209,93030060,0,746472,A,S,30500,2000,
600017.SH,600017,20251209,93030480,0,750204,A,B,30200,5000,
600017.SH,600017,20251209,93030650,0,752408,A,B,30200,2000,
600017.SH,600017,20251209,93030800,0,753955,A,S,30300,900,
600017.SH,600017,20251209,93031000,0,74126,D,B,30200,8500,
600017.SH,600017,20251209,93031130,0,756811,A,S,30700,1600,
600017.SH,600017,20251209,93031270,0,758771,A,B,29900,10000,
600017.SH,600017,20251209,93031600,0,761599,A,B,30200,1000,
600017.SH,600017,20251209,93031980,0,765469,A,S,30400,6000,
600017.SH,600017,20251209,93031980,0,765562,A,S,30500,50000,
600017.SH,600017,20251209,93031980,0,765938,A,S,30300,4000,
600017.SH,600017,20251209,93032410,0,769754,A,B,29800,2300,
600017.SH,600017,20251209,93032460,0,770218,A,B,30200,7500,
600017.SH,600017,20251209,93032460,0,770391,A,S,30300,100,
600017.SH,600017,20251209,93032600,0,771322,A,B,30000,5000,
600017.SH,600017,20251209,93032740,0,773067,A,S,30300,700,
600017.SH,600017,20251209,93032740,0,773156,A,S,31800,500,
600017.SH,600017,20251209,93032740,0,773193,A,B,29500,5000,
600017.SH,600017,20251209,93032890,0,297973,D,S,30300,1900,
600017.SH,600017,20251209,93032890,0,775484,A,B,30200,9500,
600017.SH,600017,20251209,93033020,0,777060,A,B,29900,2000,
600017.SH,600017,20251209,93033160,0,777895,A,B,29600,26600,
600017.SH,600017,20251209,93033440,0,781265,A,S,30300,1200,
600017.SH,600017,20251209,93033440,0,2700,D,S,30500,40200,
600017.SH,600017,20251209,93033580,0,2702,D,S,30500,20100,
600017.SH,600017,20251209,93033710,0,295424,D,S,30300,10000,
600017.SH,600017,20251209,93033990,0,786594,A,S,30300,13500,
600017.SH,600017,20251209,93034130,0,787167,A,B,30000,1000,
600017.SH,600017,20251209,93034610,0,793075,A,B,30100,900,
600017.SH,600017,20251209,93034610,0,4377,D,S,30400,19200,
600017.SH,600017,20251209,93034890,0,795737,A,S,30300,29400,
600017.SH,600017,20251209,93035020,0,797250,A,S,30700,30000,
600017.SH,600017,20251209,93035160,0,797866,A,S,30300,22400,
600017.SH,600017,20251209,93035290,0,800118,A,S,30600,66400,
600017.SH,600017,20251209,93035560,0,802445,A,S,30300,2400,
600017.SH,600017,20251209,93035830,0,805081,A,S,30300,2400,
600017.SH,600017,20251209,93035960,0,492170,D,S,30500,20000,
600017.SH,600017,20251209,93035960,0,807397,A,S,30300,3100,
600017.SH,600017,20251209,93036100,0,807669,A,S,32500,500,
600017.SH,600017,20251209,93036280,0,810772,A,S,33300,100,
600017.SH,600017,20251209,93036420,0,812016,A,B,30100,700,
600017.SH,600017,20251209,93036570,0,813344,A,S,30300,1000,
600017.SH,600017,20251209,93036710,0,813736,A,B,30200,4500,
600017.SH,600017,20251209,93036710,0,813945,A,B,29200,3000,
600017.SH,600017,20251209,93036710,0,814376,A,S,30600,6000,
600017.SH,600017,20251209,93036840,0,54398,D,S,30500,21700,
600017.SH,600017,20251209,93036840,0,816051,A,S,30400,5000,
600017.SH,600017,20251209,93037340,0,821106,A,S,30300,1300,
600017.SH,600017,20251209,93037780,0,824557,A,S,30500,3000,
600017.SH,600017,20251209,93037900,0,826816,A,S,30300,3300,
600017.SH,600017,20251209,93038440,0,831434,A,S,30300,100,
600017.SH,600017,20251209,93038690,0,834674,A,S,31500,50000,
600017.SH,600017,20251209,93038690,0,834728,A,S,30300,100,
600017.SH,600017,20251209,93038820,0,835597,A,S,33200,2000,
600017.SH,600017,20251209,93038820,0,836602,A,S,30300,99100,
600017.SH,600017,20251209,93038820,0,836702,A,B,29800,40000,
600017.SH,600017,20251209,93039090,0,838074,A,S,30300,10000,
600017.SH,600017,20251209,93039090,0,838177,A,S,30300,600,
600017.SH,600017,20251209,93039090,0,838692,A,B,29900,5000,
600017.SH,600017,20251209,93039500,0,842977,A,S,30300,100,
600017.SH,600017,20251209,93039630,0,844181,A,S,30300,300,
600017.SH,600017,20251209,93039630,0,816051,D,S,30400,5000,
600017.SH,600017,20251209,93040260,0,851021,A,S,30700,1300,
600017.SH,600017,20251209,93040260,0,851187,A,B,30200,1000,
600017.SH,600017,20251209,93040530,0,854871,A,S,30300,208800,
600017.SH,600017,20251209,93040790,0,857384,A,S,30300,20600,
600017.SH,600017,20251209,93040920,0,858739,A,B,30000,10000,
600017.SH,600017,20251209,93041050,0,859450,A,S,30300,7100,
600017.SH,600017,20251209,93041200,0,862038,A,S,30300,3500,
600017.SH,600017,20251209,93041620,0,864968,A,S,30300,2900,
600017.SH,600017,20251209,93042150,0,871589,A,S,30300,18000,
600017.SH,600017,20251209,93042280,0,873459,A,S,30300,20100,
600017.SH,600017,20251209,93042420,0,874436,A,B,30000,5000,
600017.SH,600017,20251209,93043520,0,885024,A,B,30100,10000,
600017.SH,600017,20251209,93043640,0,659011,D,S,30300,100,
600017.SH,600017,20251209,93043640,0,886793,A,B,30200,5000,
600017.SH,600017,20251209,93043640,0,886970,A,B,29600,200,
600017.SH,600017,20251209,93043640,0,743538,D,S,30300,100,
600017.SH,600017,20251209,93043770,0,728834,D,S,30300,100,
600017.SH,600017,20251209,93043770,0,888395,A,S,30300,4200,
600017.SH,600017,20251209,93043910,0,890369,A,S,30300,3900,
600017.SH,600017,20251209,93043910,0,890593,A,S,30300,400,
600017.SH,600017,20251209,93044050,0,891073,A,S,30300,400,
600017.SH,600017,20251209,93044540,0,897522,A,S,30300,100,
600017.SH,600017,20251209,93044680,0,715857,D,S,30300,600,
600017.SH,600017,20251209,93044680,0,725568,D,S,30300,15800,
600017.SH,600017,20251209,93044680,0,898554,A,S,33300,1000,
600017.SH,600017,20251209,93044820,0,717239,D,S,30300,100,
600017.SH,600017,20251209,93044820,0,717249,D,S,30300,100,
600017.SH,600017,20251209,93044820,0,717257,D,S,30300,100,
600017.SH,600017,20251209,93044820,0,717596,D,S,30300,100,
600017.SH,600017,20251209,93044820,0,718029,D,S,30300,100,
600017.SH,600017,20251209,93044960,0,901903,A,S,30400,21700,
600017.SH,600017,20251209,93045560,0,906765,A,S,30300,6600,
600017.SH,600017,20251209,93045690,0,19990,D,S,30500,99100,
600017.SH,600017,20251209,93045690,0,908988,A,B,29900,10000,
600017.SH,600017,20251209,93045820,0,910203,A,B,30200,2500,
600017.SH,600017,20251209,93045970,0,343147,D,S,30400,5000,
600017.SH,600017,20251209,93046160,0,912736,A,B,29800,4000,
600017.SH,600017,20251209,93046690,0,53628,D,S,30700,5000,
600017.SH,600017,20251209,93047470,0,924223,A,S,30200,138900,
600017.SH,600017,20251209,93047540,0,924862,A,S,30500,1000,
600017.SH,600017,20251209,93047700,0,647904,D,S,30600,2000,
600017.SH,600017,20251209,93047700,0,925859,A,S,30400,2000,
600017.SH,600017,20251209,93047750,0,248136,D,S,30400,500,
600017.SH,600017,20251209,93047750,0,237681,D,S,30400,1000,
600017.SH,600017,20251209,93047830,0,221708,D,S,30400,600,
600017.SH,600017,20251209,93047850,0,926712,A,B,30000,2000,
600017.SH,600017,20251209,93047900,0,924223,D,S,30200,138900,
600017.SH,600017,20251209,93048020,0,927752,A,S,30300,500,
600017.SH,600017,20251209,93048020,0,927753,A,S,30300,1000,
600017.SH,600017,20251209,93048020,0,927754,A,B,30100,500,
600017.SH,600017,20251209,93048020,0,927755,A,B,30100,1000,
600017.SH,600017,20251209,93048040,0,927854,A,B,30100,600,
600017.SH,600017,20251209,93048040,0,927856,A,S,30300,600,
600017.SH,600017,20251209,93048260,0,929115,A,S,30300,3800,
600017.SH,600017,20251209,93048460,0,930578,A,B,30100,100,
600017.SH,600017,20251209,93048480,0,930768,A,B,30100,100,
600017.SH,600017,20251209,93048530,0,931102,A,B,30000,100,
600017.SH,600017,20251209,93048780,0,932905,A,S,30300,10000,
600017.SH,600017,20251209,93049110,0,935211,A,S,30200,100,
