万得代码,交易所代码,自然日,时间,成交价,成交量,成交额,成交笔数,IOPV,成交标志,BS标志,当日累计成交量,当日成交额,最高价,最低价,开盘价,前收盘,申卖价1,申卖价2,申卖价3,申卖价4,申卖价5,申卖价6,申卖价7,申卖价8,申卖价9,申卖价10,申卖量1,申卖量2,申卖量3,申卖量4,申卖量5,申卖量6,申卖量7,申卖量8,申卖量9,申卖量10,申买价1,申买价2,申买价3,申买价4,申买价5,申买价6,申买价7,申买价8,申买价9,申买价10,申买量1,申买量2,申买量3,申买量4,申买量5,申买量6,申买量7,申买量8,申买量9,申买量10,加权平均叫卖价,加权平均叫买价,叫卖总量,叫买总量,不加权指数,品种总数,上涨品种数,下跌品种数,持平品种数,
600063.SH,600063,20251209,84514000,0,0,0,0,0,,,0,0,0,0,0,60600,0,0,0,0,0,0,0,0,0,0,0,0,0,0,0,0,0,0,0,0,0,0,0,0,0,0,0,0,0,0,0,0,0,0,0,0,0,0,0,0,0,0,0,0,0,0,0,0,0,
600063.SH,600063,20251209,91402000,0,0,0,0,0,,,0,0,0,0,0,60600,0,0,0,0,0,0,0,0,0,0,0,0,0,0,0,0,0,0,0,0,0,0,0,0,0,0,0,0,0,0,0,0,0,0,0,0,0,0,0,0,0,0,0,0,0,0,0,0,0,
600063.SH,600063,20251209,91502000,0,0,0,0,0,,,0,0,0,0,0,60600,0,0,0,0,0,0,0,0,0,0,0,0,0,0,0,0,0,0,0,0,0,0,0,0,0,0,0,0,0,0,0,0,0,0,0,0,0,0,0,0,61650,59900,4000,4000,0,0,0,0,0,
600063.SH,600063,20251209,91505000,0,0,0,0,0,,,0,0,0,0,0,60600,0,0,0,0,0,0,0,0,0,0,0,0,0,0,0,0,0,0,0,0,0,0,0,0,0,0,0,0,0,0,0,0,0,0,0,0,0,0,0,0,64080,57110,295100,49100,0,0,0,0,0,
600063.SH,600063,20251209,91508000,0,0,0,0,0,,,0,0,0,0,0,60600,0,0,0,0,0,0,0,0,0,0,0,0,0,0,0,0,0,0,0,0,0,0,0,0,0,0,0,0,0,0,0,0,0,0,0,0,0,0,0,0,64200,58530,583100,149100,0,0,0,0,0,
600063.SH,600063,20251209,91511000,0,0,0,0,0,,,0,0,0,0,0,60600,0,0,0,0,0,0,0,0,0,0,0,0,0,0,0,0,0,0,0,0,0,0,0,0,0,0,0,0,0,0,0,0,0,0,0,0,0,0,0,0,63970,58490,760000,208100,0,0,0,0,0,
600063.SH,600063,20251209,91514000,0,0,0,0,0,,,0,0,0,0,0,60600,60200,0,0,0,0,0,0,0,0,0,3100,0,0,0,0,0,0,0,0,0,60200,0,0,0,0,0,0,0,0,0,3100,27400,0,0,0,0,0,0,0,0,63800,57980,885400,1031600,0,0,0,0,0,
600063.SH,600063,20251209,91517000,0,0,0,0,0,,,0,0,0,0,0,60600,60500,0,0,0,0,0,0,0,0,0,3100,0,0,0,0,0,0,0,0,0,60500,0,0,0,0,0,0,0,0,0,3100,1900,0,0,0,0,0,0,0,0,64070,57990,1367200,1058300,0,0,0,0,0,
600063.SH,600063,20251209,91520000,0,0,0,0,0,,,0,0,0,0,0,60600,60500,0,0,0,0,0,0,0,0,0,4200,0,0,0,0,0,0,0,0,0,60500,0,0,0,0,0,0,0,0,0,4200,3800,0,0,0,0,0,0,0,0,64030,57930,1441900,1095300,0,0,0,0,0,
600063.SH,600063,20251209,91523000,0,0,0,0,0,,,0,0,0,0,0,60600,60500,0,0,0,0,0,0,0,0,0,4200,0,0,0,0,0,0,0,0,0,60500,0,0,0,0,0,0,0,0,0,4200,4800,0,0,0,0,0,0,0,0,64070,57900,1500000,1098000,0,0,0,0,0,
600063.SH,600063,20251209,91526000,0,0,0,0,0,,,0,0,0,0,0,60600,60500,0,0,0,0,0,0,0,0,0,4200,0,0,0,0,0,0,0,0,0,60500,0,0,0,0,0,0,0,0,0,4200,4800,0,0,0,0,0,0,0,0,64070,57900,1511800,1098800,0,0,0,0,0,
600063.SH,600063,20251209,91535000,0,0,0,0,0,,,0,0,0,0,0,60600,60500,0,0,0,0,0,0,0,0,0,4200,0,0,0,0,0,0,0,0,0,60500,0,0,0,0,0,0,0,0,0,4200,4900,0,0,0,0,0,0,0,0,64070,57900,1511800,1098900,0,0,0,0,0,
600063.SH,600063,20251209,91538000,0,0,0,0,0,,,0,0,0,0,0,60600,60500,0,0,0,0,0,0,0,0,0,4200,0,0,0,0,0,0,0,0,0,60500,0,0,0,0,0,0,0,0,0,4200,4900,0,0,0,0,0,0,0,0,64070,57900,1511800,1099200,0,0,0,0,0,
600063.SH,600063,20251209,91544000,0,0,0,0,0,,,0,0,0,0,0,60600,60500,0,0,0,0,0,0,0,0,0,4200,0,0,0,0,0,0,0,0,0,60500,0,0,0,0,0,0,0,0,0,4200,4900,0,0,0,0,0,0,0,0,64060,57910,1514300,1101700,0,0,0,0,0,
600063.SH,600063,20251209,91547000,0,0,0,0,0,,,0,0,0,0,0,60600,60500,0,0,0,0,0,0,0,0,0,4200,0,0,0,0,0,0,0,0,0,60500,0,0,0,0,0,0,0,0,0,4200,4900,0,0,0,0,0,0,0,0,64060,57910,1514300,1102200,0,0,0,0,0,
600063.SH,600063,20251209,91550000,0,0,0,0,0,,,0,0,0,0,0,60600,60500,0,0,0,0,0,0,0,0,0,4200,0,0,0,0,0,0,0,0,0,60500,0,0,0,0,0,0,0,0,0,4200,4900,0,0,0,0,0,0,0,0,64060,57910,1514300,1102300,0,0,0,0,0,
600063.SH,600063,20251209,91556000,0,0,0,0,0,,,0,0,0,0,0,60600,60500,0,0,0,0,0,0,0,0,0,4200,0,0,0,0,0,0,0,0,0,60500,0,0,0,0,0,0,0,0,0,4200,4900,0,0,0,0,0,0,0,0,64060,57940,1514300,1122600,0,0,0,0,0,
600063.SH,600063,20251209,91559000,0,0,0,0,0,,,0,0,0,0,0,60600,60500,0,0,0,0,0,0,0,0,0,4200,0,0,0,0,0,0,0,0,0,60500,0,0,0,0,0,0,0,0,0,4200,4900,0,0,0,0,0,0,0,0,64060,57940,1518300,1122600,0,0,0,0,0,
600063.SH,600063,20251209,91602000,0,0,0,0,0,,,0,0,0,0,0,60600,60500,0,0,0,0,0,0,0,0,0,4200,0,0,0,0,0,0,0,0,0,60500,0,0,0,0,0,0,0,0,0,4200,6900,0,0,0,0,0,0,0,0,64060,57940,1518300,1124600,0,0,0,0,0,
600063.SH,600063,20251209,91605000,0,0,0,0,0,,,0,0,0,0,0,60600,60500,0,0,0,0,0,0,0,0,0,4200,0,0,0,0,0,0,0,0,0,60500,0,0,0,0,0,0,0,0,0,4200,6900,0,0,0,0,0,0,0,0,64060,57950,1518400,1124700,0,0,0,0,0,
600063.SH,600063,20251209,91611000,0,0,0,0,0,,,0,0,0,0,0,60600,60600,0,0,0,0,0,0,0,0,0,4700,1800,0,0,0,0,0,0,0,0,60600,0,0,0,0,0,0,0,0,0,4700,0,0,0,0,0,0,0,0,0,64060,57970,1518400,1128400,0,0,0,0,0,
600063.SH,600063,20251209,91617000,0,0,0,0,0,,,0,0,0,0,0,60600,60600,0,0,0,0,0,0,0,0,0,4700,1800,0,0,0,0,0,0,0,0,60600,0,0,0,0,0,0,0,0,0,4700,0,0,0,0,0,0,0,0,0,64060,57970,1520800,1128400,0,0,0,0,0,
600063.SH,600063,20251209,91620000,0,0,0,0,0,,,0,0,0,0,0,60600,60600,0,0,0,0,0,0,0,0,0,4700,1800,0,0,0,0,0,0,0,0,60600,0,0,0,0,0,0,0,0,0,4700,0,0,0,0,0,0,0,0,0,64060,57970,1523500,1128400,0,0,0,0,0,
600063.SH,600063,20251209,91623000,0,0,0,0,0,,,0,0,0,0,0,60600,60600,0,0,0,0,0,0,0,0,0,4700,1800,0,0,0,0,0,0,0,0,60600,0,0,0,0,0,0,0,0,0,4700,0,0,0,0,0,0,0,0,0,64060,57970,1525700,1128900,0,0,0,0,0,
600063.SH,600063,20251209,91626000,0,0,0,0,0,,,0,0,0,0,0,60600,60600,0,0,0,0,0,0,0,0,0,4700,1800,0,0,0,0,0,0,0,0,60600,0,0,0,0,0,0,0,0,0,4700,0,0,0,0,0,0,0,0,0,64060,57970,1526700,1128900,0,0,0,0,0,
600063.SH,600063,20251209,91632000,0,0,0,0,0,,,0,0,0,0,0,60600,60600,0,0,0,0,0,0,0,0,0,4700,1800,0,0,0,0,0,0,0,0,60600,0,0,0,0,0,0,0,0,0,4700,0,0,0,0,0,0,0,0,0,64070,57970,1532300,1128900,0,0,0,0,0,
600063.SH,600063,20251209,91635000,0,0,0,0,0,,,0,0,0,0,0,60600,60600,0,0,0,0,0,0,0,0,0,4700,1800,0,0,0,0,0,0,0,0,60600,0,0,0,0,0,0,0,0,0,4700,0,0,0,0,0,0,0,0,0,64070,57970,1532300,1129100,0,0,0,0,0,
600063.SH,600063,20251209,91638000,0,0,0,0,0,,,0,0,0,0,0,60600,60600,0,0,0,0,0,0,0,0,0,4700,1800,0,0,0,0,0,0,0,0,60600,0,0,0,0,0,0,0,0,0,4700,0,0,0,0,0,0,0,0,0,64070,57980,1534300,1131800,0,0,0,0,0,
600063.SH,600063,20251209,91641000,0,0,0,0,0,,,0,0,0,0,0,60600,60600,0,0,0,0,0,0,0,0,0,4700,1800,0,0,0,0,0,0,0,0,60600,0,0,0,0,0,0,0,0,0,4700,0,0,0,0,0,0,0,0,0,64070,58070,1534300,1181800,0,0,0,0,0,
600063.SH,600063,20251209,91644000,0,0,0,0,0,,,0,0,0,0,0,60600,60600,0,0,0,0,0,0,0,0,0,4700,1800,0,0,0,0,0,0,0,0,60600,0,0,0,0,0,0,0,0,0,4700,0,0,0,0,0,0,0,0,0,64070,58070,1534300,1184800,0,0,0,0,0,
600063.SH,600063,20251209,91656000,0,0,0,0,0,,,0,0,0,0,0,60600,60600,0,0,0,0,0,0,0,0,0,4700,1800,0,0,0,0,0,0,0,0,60600,0,0,0,0,0,0,0,0,0,4700,0,0,0,0,0,0,0,0,0,64070,58070,1534300,1185800,0,0,0,0,0,
600063.SH,600063,20251209,91702000,0,0,0,0,0,,,0,0,0,0,0,60600,60600,0,0,0,0,0,0,0,0,0,4700,1800,0,0,0,0,0,0,0,0,60600,0,0,0,0,0,0,0,0,0,4700,0,0,0,0,0,0,0,0,0,64070,58070,1534300,1186300,0,0,0,0,0,
600063.SH,600063,20251209,91705000,0,0,0,0,0,,,0,0,0,0,0,60600,60600,0,0,0,0,0,0,0,0,0,4700,1800,0,0,0,0,0,0,0,0,60600,0,0,0,0,0,0,0,0,0,4700,0,0,0,0,0,0,0,0,0,64060,58080,1536300,1188300,0,0,0,0,0,
600063.SH,600063,20251209,91711000,0,0,0,0,0,,,0,0,0,0,0,60600,60600,0,0,0,0,0,0,0,0,0,4700,1800,0,0,0,0,0,0,0,0,60600,0,0,0,0,0,0,0,0,0,4700,0,0,0,0,0,0,0,0,0,64080,58080,1544300,1188300,0,0,0,0,0,
600063.SH,600063,20251209,91714000,0,0,0,0,0,,,0,0,0,0,0,60600,60600,0,0,0,0,0,0,0,0,0,4700,1800,0,0,0,0,0,0,0,0,60600,0,0,0,0,0,0,0,0,0,4700,0,0,0,0,0,0,0,0,0,64070,58080,1546600,1192300,0,0,0,0,0,
600063.SH,600063,20251209,91723000,0,0,0,0,0,,,0,0,0,0,0,60600,60600,0,0,0,0,0,0,0,0,0,4700,1800,0,0,0,0,0,0,0,0,60600,0,0,0,0,0,0,0,0,0,4700,0,0,0,0,0,0,0,0,0,64070,58080,1546600,1192800,0,0,0,0,0,
600063.SH,600063,20251209,91729000,0,0,0,0,0,,,0,0,0,0,0,60600,60600,0,0,0,0,0,0,0,0,0,4700,1800,0,0,0,0,0,0,0,0,60600,0,0,0,0,0,0,0,0,0,4700,0,0,0,0,0,0,0,0,0,64070,58080,1549600,1192800,0,0,0,0,0,
600063.SH,600063,20251209,91741000,0,0,0,0,0,,,0,0,0,0,0,60600,60600,0,0,0,0,0,0,0,0,0,4700,2100,0,0,0,0,0,0,0,0,60600,0,0,0,0,0,0,0,0,0,4700,0,0,0,0,0,0,0,0,0,64070,58080,1549900,1192800,0,0,0,0,0,
600063.SH,600063,20251209,91744000,0,0,0,0,0,,,0,0,0,0,0,60600,60600,0,0,0,0,0,0,0,0,0,4700,2100,0,0,0,0,0,0,0,0,60600,0,0,0,0,0,0,0,0,0,4700,0,0,0,0,0,0,0,0,0,64070,58080,1552300,1192800,0,0,0,0,0,
600063.SH,600063,20251209,91750000,0,0,0,0,0,,,0,0,0,0,0,60600,60600,0,0,0,0,0,0,0,0,0,4700,2100,0,0,0,0,0,0,0,0,60600,0,0,0,0,0,0,0,0,0,4700,0,0,0,0,0,0,0,0,0,64080,58080,1560300,1193300,0,0,0,0,0,
600063.SH,600063,20251209,91753000,0,0,0,0,0,,,0,0,0,0,0,60600,60600,0,0,0,0,0,0,0,0,0,4700,2100,0,0,0,0,0,0,0,0,60600,0,0,0,0,0,0,0,0,0,4700,0,0,0,0,0,0,0,0,0,64080,58090,1560900,1195300,0,0,0,0,0,
600063.SH,600063,20251209,91756000,0,0,0,0,0,,,0,0,0,0,0,60600,60600,0,0,0,0,0,0,0,0,0,4700,2100,0,0,0,0,0,0,0,0,60600,0,0,0,0,0,0,0,0,0,4700,0,0,0,0,0,0,0,0,0,64080,58080,1560900,1197300,0,0,0,0,0,
600063.SH,600063,20251209,91802000,0,0,0,0,0,,,0,0,0,0,0,60600,60600,0,0,0,0,0,0,0,0,0,4700,2100,0,0,0,0,0,0,0,0,60600,0,0,0,0,0,0,0,0,0,4700,0,0,0,0,0,0,0,0,0,64080,58080,1561000,1197300,0,0,0,0,0,
600063.SH,600063,20251209,91808000,0,0,0,0,0,,,0,0,0,0,0,60600,60600,0,0,0,0,0,0,0,0,0,4700,2100,0,0,0,0,0,0,0,0,60600,0,0,0,0,0,0,0,0,0,4700,0,0,0,0,0,0,0,0,0,64070,58080,1566000,1197300,0,0,0,0,0,
600063.SH,600063,20251209,91811000,0,0,0,0,0,,,0,0,0,0,0,60600,60600,0,0,0,0,0,0,0,0,0,4700,2100,0,0,0,0,0,0,0,0,60600,0,0,0,0,0,0,0,0,0,4700,0,0,0,0,0,0,0,0,0,64050,58080,1576000,1197300,0,0,0,0,0,
600063.SH,600063,20251209,91814000,0,0,0,0,0,,,0,0,0,0,0,60600,60600,0,0,0,0,0,0,0,0,0,4700,2100,0,0,0,0,0,0,0,0,60600,0,0,0,0,0,0,0,0,0,4700,0,0,0,0,0,0,0,0,0,64040,58080,1591000,1197300,0,0,0,0,0,
600063.SH,600063,20251209,91817000,0,0,0,0,0,,,0,0,0,0,0,60600,60600,0,0,0,0,0,0,0,0,0,4700,2100,0,0,0,0,0,0,0,0,60600,0,0,0,0,0,0,0,0,0,4700,0,0,0,0,0,0,0,0,0,64040,58080,1592700,1197300,0,0,0,0,0,
600063.SH,600063,20251209,91820000,0,0,0,0,0,,,0,0,0,0,0,60600,60600,0,0,0,0,0,0,0,0,0,4700,2100,0,0,0,0,0,0,0,0,60600,0,0,0,0,0,0,0,0,0,4700,0,0,0,0,0,0,0,0,0,64040,58080,1595700,1197300,0,0,0,0,0,
600063.SH,600063,20251209,91826000,0,0,0,0,0,,,0,0,0,0,0,60600,60600,0,0,0,0,0,0,0,0,0,4700,2100,0,0,0,0,0,0,0,0,60600,0,0,0,0,0,0,0,0,0,4700,0,0,0,0,0,0,0,0,0,64030,58080,1598200,1197300,0,0,0,0,0,
600063.SH,600063,20251209,91829000,0,0,0,0,0,,,0,0,0,0,0,60600,60600,0,0,0,0,0,0,0,0,0,4700,2100,0,0,0,0,0,0,0,0,60600,0,0,0,0,0,0,0,0,0,4700,0,0,0,0,0,0,0,0,0,64020,58080,1608200,1197500,0,0,0,0,0,
600063.SH,600063,20251209,91835000,0,0,0,0,0,,,0,0,0,0,0,60600,60600,0,0,0,0,0,0,0,0,0,4700,2100,0,0,0,0,0,0,0,0,60600,0,0,0,0,0,0,0,0,0,4700,0,0,0,0,0,0,0,0,0,64020,58070,1608200,1202500,0,0,0,0,0,
600063.SH,600063,20251209,91841000,0,0,0,0,0,,,0,0,0,0,0,60600,60600,0,0,0,0,0,0,0,0,0,4700,2100,0,0,0,0,0,0,0,0,60600,0,0,0,0,0,0,0,0,0,4700,0,0,0,0,0,0,0,0,0,64020,58070,1610200,1202500,0,0,0,0,0,
600063.SH,600063,20251209,91844000,0,0,0,0,0,,,0,0,0,0,0,60600,60600,0,0,0,0,0,0,0,0,0,4700,2100,0,0,0,0,0,0,0,0,60600,0,0,0,0,0,0,0,0,0,4700,0,0,0,0,0,0,0,0,0,64020,58080,1610200,1212500,0,0,0,0,0,
600063.SH,600063,20251209,91850000,0,0,0,0,0,,,0,0,0,0,0,60600,60600,0,0,0,0,0,0,0,0,0,4700,2100,0,0,0,0,0,0,0,0,60600,0,0,0,0,0,0,0,0,0,4700,0,0,0,0,0,0,0,0,0,64020,58080,1610200,1213100,0,0,0,0,0,
600063.SH,600063,20251209,91902000,0,0,0,0,0,,,0,0,0,0,0,60600,60600,0,0,0,0,0,0,0,0,0,4700,2100,0,0,0,0,0,0,0,0,60600,0,0,0,0,0,0,0,0,0,4700,0,0,0,0,0,0,0,0,0,64020,58080,1611200,1213100,0,0,0,0,0,
600063.SH,600063,20251209,91914000,0,0,0,0,0,,,0,0,0,0,0,60600,60600,0,0,0,0,0,0,0,0,0,4700,2100,0,0,0,0,0,0,0,0,60600,0,0,0,0,0,0,0,0,0,4700,0,0,0,0,0,0,0,0,0,64020,58080,1616200,1213100,0,0,0,0,0,
600063.SH,600063,20251209,91920000,0,0,0,0,0,,,0,0,0,0,0,60600,60600,0,0,0,0,0,0,0,0,0,4700,2100,0,0,0,0,0,0,0,0,60600,0,0,0,0,0,0,0,0,0,4700,0,0,0,0,0,0,0,0,0,64070,58080,1646200,1213100,0,0,0,0,0,
600063.SH,600063,20251209,91926000,0,0,0,0,0,,,0,0,0,0,0,60600,60600,0,0,0,0,0,0,0,0,0,4700,2100,0,0,0,0,0,0,0,0,60600,0,0,0,0,0,0,0,0,0,4700,0,0,0,0,0,0,0,0,0,64060,58080,1650300,1213100,0,0,0,0,0,
600063.SH,600063,20251209,91932000,0,0,0,0,0,,,0,0,0,0,0,60600,60600,0,0,0,0,0,0,0,0,0,4700,2200,0,0,0,0,0,0,0,0,60600,0,0,0,0,0,0,0,0,0,4700,0,0,0,0,0,0,0,0,0,64060,58080,1650900,1213100,0,0,0,0,0,
600063.SH,600063,20251209,91950000,0,0,0,0,0,,,0,0,0,0,0,60600,60600,0,0,0,0,0,0,0,0,0,4700,2200,0,0,0,0,0,0,0,0,60600,0,0,0,0,0,0,0,0,0,4700,0,0,0,0,0,0,0,0,0,64060,58080,1651900,1213100,0,0,0,0,0,
600063.SH,600063,20251209,91956000,0,0,0,0,0,,,0,0,0,0,0,60600,60600,0,0,0,0,0,0,0,0,0,4700,2200,0,0,0,0,0,0,0,0,60600,0,0,0,0,0,0,0,0,0,4700,0,0,0,0,0,0,0,0,0,64060,58080,1652400,1213100,0,0,0,0,0,
600063.SH,600063,20251209,91959000,0,0,0,0,0,,,0,0,0,0,0,60600,60600,0,0,0,0,0,0,0,0,0,4700,2200,0,0,0,0,0,0,0,0,60600,0,0,0,0,0,0,0,0,0,4700,0,0,0,0,0,0,0,0,0,64060,58090,1652400,1214100,0,0,0,0,0,
600063.SH,600063,20251209,92008000,0,0,0,0,0,,,0,0,0,0,0,60600,60600,0,0,0,0,0,0,0,0,0,4700,2200,0,0,0,0,0,0,0,0,60600,0,0,0,0,0,0,0,0,0,4700,0,0,0,0,0,0,0,0,0,64050,58090,1663400,1214100,0,0,0,0,0,
600063.SH,600063,20251209,92011000,0,0,0,0,0,,,0,0,0,0,0,60600,60600,0,0,0,0,0,0,0,0,0,4700,2200,0,0,0,0,0,0,0,0,60600,0,0,0,0,0,0,0,0,0,4700,0,0,0,0,0,0,0,0,0,64050,58070,1663400,1228000,0,0,0,0,0,
600063.SH,600063,20251209,92014000,0,0,0,0,0,,,0,0,0,0,0,60600,60600,0,0,0,0,0,0,0,0,0,4700,2200,0,0,0,0,0,0,0,0,60600,0,0,0,0,0,0,0,0,0,4700,0,0,0,0,0,0,0,0,0,64060,58070,1666400,1228000,0,0,0,0,0,
600063.SH,600063,20251209,92017000,0,0,0,0,0,,,0,0,0,0,0,60600,60600,0,0,0,0,0,0,0,0,0,4700,2200,0,0,0,0,0,0,0,0,60600,0,0,0,0,0,0,0,0,0,4700,0,0,0,0,0,0,0,0,0,63990,58070,1711400,1229000,0,0,0,0,0,
600063.SH,600063,20251209,92020000,0,0,0,0,0,,,0,0,0,0,0,60600,60600,0,0,0,0,0,0,0,0,0,4700,2200,0,0,0,0,0,0,0,0,60600,0,0,0,0,0,0,0,0,0,4700,0,0,0,0,0,0,0,0,0,63990,58070,1712100,1229000,0,0,0,0,0,
600063.SH,600063,20251209,92023000,0,0,0,0,0,,,0,0,0,0,0,60600,60600,0,0,0,0,0,0,0,0,0,4700,2200,0,0,0,0,0,0,0,0,60600,0,0,0,0,0,0,0,0,0,4700,0,0,0,0,0,0,0,0,0,63990,58070,1712100,1229600,0,0,0,0,0,
600063.SH,600063,20251209,92026000,0,0,0,0,0,,,0,0,0,0,0,60600,60600,0,0,0,0,0,0,0,0,0,4700,2200,0,0,0,0,0,0,0,0,60600,0,0,0,0,0,0,0,0,0,4700,0,0,0,0,0,0,0,0,0,63990,58070,1713100,1229600,0,0,0,0,0,
600063.SH,600063,20251209,92032000,0,0,0,0,0,,,0,0,0,0,0,60600,60600,0,0,0,0,0,0,0,0,0,4700,2200,0,0,0,0,0,0,0,0,60600,0,0,0,0,0,0,0,0,0,4700,0,0,0,0,0,0,0,0,0,63990,58070,1714100,1229600,0,0,0,0,0,
600063.SH,600063,20251209,92035000,0,0,0,0,0,,,0,0,0,0,0,60600,60600,0,0,0,0,0,0,0,0,0,4700,2200,0,0,0,0,0,0,0,0,60600,0,0,0,0,0,0,0,0,0,4700,0,0,0,0,0,0,0,0,0,63990,58070,1714100,1229700,0,0,0,0,0,
600063.SH,600063,20251209,92038000,0,0,0,0,0,,,0,0,0,0,0,60600,60600,0,0,0,0,0,0,0,0,0,4700,2200,0,0,0,0,0,0,0,0,60600,0,0,0,0,0,0,0,0,0,4700,0,0,0,0,0,0,0,0,0,63990,58070,1714600,1229700,0,0,0,0,0,
600063.SH,600063,20251209,92041000,0,0,0,0,0,,,0,0,0,0,0,60600,60600,0,0,0,0,0,0,0,0,0,4700,2200,0,0,0,0,0,0,0,0,60600,0,0,0,0,0,0,0,0,0,4700,0,0,0,0,0,0,0,0,0,63990,58070,1716500,1229700,0,0,0,0,0,
600063.SH,600063,20251209,92047000,0,0,0,0,0,,,0,0,0,0,0,60600,60600,0,0,0,0,0,0,0,0,0,4700,2300,0,0,0,0,0,0,0,0,60600,0,0,0,0,0,0,0,0,0,4700,0,0,0,0,0,0,0,0,0,63990,58070,1716600,1229700,0,0,0,0,0,
600063.SH,600063,20251209,92050000,0,0,0,0,0,,,0,0,0,0,0,60600,60600,0,0,0,0,0,0,0,0,0,4700,2300,0,0,0,0,0,0,0,0,60600,0,0,0,0,0,0,0,0,0,4700,0,0,0,0,0,0,0,0,0,63970,58070,1728100,1229700,0,0,0,0,0,
600063.SH,600063,20251209,92056000,0,0,0,0,0,,,0,0,0,0,0,60600,60600,0,0,0,0,0,0,0,0,0,4700,2300,0,0,0,0,0,0,0,0,60600,0,0,0,0,0,0,0,0,0,4700,0,0,0,0,0,0,0,0,0,63970,58080,1728800,1233700,0,0,0,0,0,
600063.SH,600063,20251209,92059000,0,0,0,0,0,,,0,0,0,0,0,60600,60600,0,0,0,0,0,0,0,0,0,4700,2300,0,0,0,0,0,0,0,0,60600,0,0,0,0,0,0,0,0,0,4700,0,0,0,0,0,0,0,0,0,63970,58080,1732300,1233700,0,0,0,0,0,
600063.SH,600063,20251209,92102000,0,0,0,0,0,,,0,0,0,0,0,60600,60600,0,0,0,0,0,0,0,0,0,4700,2300,0,0,0,0,0,0,0,0,60600,0,0,0,0,0,0,0,0,0,4700,0,0,0,0,0,0,0,0,0,63950,58080,1745900,1233700,0,0,0,0,0,
600063.SH,600063,20251209,92105000,0,0,0,0,0,,,0,0,0,0,0,60600,60600,0,0,0,0,0,0,0,0,0,4700,7300,0,0,0,0,0,0,0,0,60600,0,0,0,0,0,0,0,0,0,4700,0,0,0,0,0,0,0,0,0,63930,58080,1752400,1233700,0,0,0,0,0,
600063.SH,600063,20251209,92108000,0,0,0,0,0,,,0,0,0,0,0,60600,60600,0,0,0,0,0,0,0,0,0,4800,7200,0,0,0,0,0,0,0,0,60600,0,0,0,0,0,0,0,0,0,4800,0,0,0,0,0,0,0,0,0,63930,58080,1752400,1243800,0,0,0,0,0,
600063.SH,600063,20251209,92111000,0,0,0,0,0,,,0,0,0,0,0,60600,60600,0,0,0,0,0,0,0,0,0,4800,10200,0,0,0,0,0,0,0,0,60600,0,0,0,0,0,0,0,0,0,4800,0,0,0,0,0,0,0,0,0,63930,58080,1756100,1243800,0,0,0,0,0,
600063.SH,600063,20251209,92117000,0,0,0,0,0,,,0,0,0,0,0,60600,60600,0,0,0,0,0,0,0,0,0,4800,10200,0,0,0,0,0,0,0,0,60600,0,0,0,0,0,0,0,0,0,4800,0,0,0,0,0,0,0,0,0,63960,58080,1775100,1243800,0,0,0,0,0,
600063.SH,600063,20251209,92123000,0,0,0,0,0,,,0,0,0,0,0,60600,60600,0,0,0,0,0,0,0,0,0,4800,10200,0,0,0,0,0,0,0,0,60600,0,0,0,0,0,0,0,0,0,4800,0,0,0,0,0,0,0,0,0,63960,58120,1778300,1268800,0,0,0,0,0,
600063.SH,600063,20251209,92126000,0,0,0,0,0,,,0,0,0,0,0,60600,60600,0,0,0,0,0,0,0,0,0,4800,10200,0,0,0,0,0,0,0,0,60600,0,0,0,0,0,0,0,0,0,4800,0,0,0,0,0,0,0,0,0,63930,58120,1800800,1268800,0,0,0,0,0,
600063.SH,600063,20251209,92132000,0,0,0,0,0,,,0,0,0,0,0,60600,60600,0,0,0,0,0,0,0,0,0,4800,10200,0,0,0,0,0,0,0,0,60600,0,0,0,0,0,0,0,0,0,4800,0,0,0,0,0,0,0,0,0,63930,58120,1801800,1268800,0,0,0,0,0,
600063.SH,600063,20251209,92135000,0,0,0,0,0,,,0,0,0,0,0,60600,60600,0,0,0,0,0,0,0,0,0,4800,10200,0,0,0,0,0,0,0,0,60600,0,0,0,0,0,0,0,0,0,4800,0,0,0,0,0,0,0,0,0,63930,58140,1801800,1283800,0,0,0,0,0,
600063.SH,600063,20251209,92138000,0,0,0,0,0,,,0,0,0,0,0,60600,60600,0,0,0,0,0,0,0,0,0,9800,5200,0,0,0,0,0,0,0,0,60600,0,0,0,0,0,0,0,0,0,9800,0,0,0,0,0,0,0,0,0,63930,58150,1801800,1291600,0,0,0,0,0,
600063.SH,600063,20251209,92141000,0,0,0,0,0,,,0,0,0,0,0,60600,60600,0,0,0,0,0,0,0,0,0,9900,5100,0,0,0,0,0,0,0,0,60600,0,0,0,0,0,0,0,0,0,9900,0,0,0,0,0,0,0,0,0,63930,58150,1801800,1291700,0,0,0,0,0,
600063.SH,600063,20251209,92147000,0,0,0,0,0,,,0,0,0,0,0,60600,60600,0,0,0,0,0,0,0,0,0,9900,5100,0,0,0,0,0,0,0,0,60600,0,0,0,0,0,0,0,0,0,9900,0,0,0,0,0,0,0,0,0,63930,58160,1802900,1294200,0,0,0,0,0,
600063.SH,600063,20251209,92153000,0,0,0,0,0,,,0,0,0,0,0,60600,60600,0,0,0,0,0,0,0,0,0,9900,5100,0,0,0,0,0,0,0,0,60600,0,0,0,0,0,0,0,0,0,9900,0,0,0,0,0,0,0,0,0,63930,58160,1803900,1294200,0,0,0,0,0,
600063.SH,600063,20251209,92156000,0,0,0,0,0,,,0,0,0,0,0,60600,60600,0,0,0,0,0,0,0,0,0,9900,5100,0,0,0,0,0,0,0,0,60600,0,0,0,0,0,0,0,0,0,9900,0,0,0,0,0,0,0,0,0,63930,58160,1803900,1294800,0,0,0,0,0,
600063.SH,600063,20251209,92202000,0,0,0,0,0,,,0,0,0,0,0,60600,60600,0,0,0,0,0,0,0,0,0,11900,3100,0,0,0,0,0,0,0,0,60600,0,0,0,0,0,0,0,0,0,11900,0,0,0,0,0,0,0,0,0,63920,58160,1804900,1296800,0,0,0,0,0,
600063.SH,600063,20251209,92214000,0,0,0,0,0,,,0,0,0,0,0,60600,60600,0,0,0,0,0,0,0,0,0,13900,1100,0,0,0,0,0,0,0,0,60600,0,0,0,0,0,0,0,0,0,13900,0,0,0,0,0,0,0,0,0,63920,58160,1804900,1299000,0,0,0,0,0,
600063.SH,600063,20251209,92217000,0,0,0,0,0,,,0,0,0,0,0,60600,60600,0,0,0,0,0,0,0,0,0,13900,1100,0,0,0,0,0,0,0,0,60600,0,0,0,0,0,0,0,0,0,13900,0,0,0,0,0,0,0,0,0,63920,58170,1804900,1299300,0,0,0,0,0,
600063.SH,600063,20251209,92220000,0,0,0,0,0,,,0,0,0,0,0,60600,60600,0,0,0,0,0,0,0,0,0,13900,1100,0,0,0,0,0,0,0,0,60600,0,0,0,0,0,0,0,0,0,13900,0,0,0,0,0,0,0,0,0,63920,58170,1804900,1300000,0,0,0,0,0,
600063.SH,600063,20251209,92229000,0,0,0,0,0,,,0,0,0,0,0,60600,60600,0,0,0,0,0,0,0,0,0,13900,1100,0,0,0,0,0,0,0,0,60600,0,0,0,0,0,0,0,0,0,13900,0,0,0,0,0,0,0,0,0,63920,58170,1806900,1300000,0,0,0,0,0,
600063.SH,600063,20251209,92232000,0,0,0,0,0,,,0,0,0,0,0,60600,60600,0,0,0,0,0,0,0,0,0,13900,1100,0,0,0,0,0,0,0,0,60600,0,0,0,0,0,0,0,0,0,13900,0,0,0,0,0,0,0,0,0,63920,58170,1808000,1300000,0,0,0,0,0,
600063.SH,600063,20251209,92235000,0,0,0,0,0,,,0,0,0,0,0,60600,60600,0,0,0,0,0,0,0,0,0,13900,1100,0,0,0,0,0,0,0,0,60600,0,0,0,0,0,0,0,0,0,13900,0,0,0,0,0,0,0,0,0,63920,58170,1810000,1300000,0,0,0,0,0,
600063.SH,600063,20251209,92238000,0,0,0,0,0,,,0,0,0,0,0,60600,60600,0,0,0,0,0,0,0,0,0,13900,1100,0,0,0,0,0,0,0,0,60600,0,0,0,0,0,0,0,0,0,13900,0,0,0,0,0,0,0,0,0,63920,58170,1810000,1301000,0,0,0,0,0,
600063.SH,600063,20251209,92241000,0,0,0,0,0,,,0,0,0,0,0,60600,60600,0,0,0,0,0,0,0,0,0,13900,1100,0,0,0,0,0,0,0,0,60600,0,0,0,0,0,0,0,0,0,13900,0,0,0,0,0,0,0,0,0,63920,58170,1810300,1301000,0,0,0,0,0,
600063.SH,600063,20251209,92244000,0,0,0,0,0,,,0,0,0,0,0,60600,60600,0,0,0,0,0,0,0,0,0,13900,6100,0,0,0,0,0,0,0,0,60600,0,0,0,0,0,0,0,0,0,13900,0,0,0,0,0,0,0,0,0,63900,58170,1821900,1301000,0,0,0,0,0,
600063.SH,600063,20251209,92256000,0,0,0,0,0,,,0,0,0,0,0,60600,60600,0,0,0,0,0,0,0,0,0,13900,6100,0,0,0,0,0,0,0,0,60600,0,0,0,0,0,0,0,0,0,13900,0,0,0,0,0,0,0,0,0,63870,58170,1851900,1301000,0,0,0,0,0,
600063.SH,600063,20251209,92311000,0,0,0,0,0,,,0,0,0,0,0,60600,60600,0,0,0,0,0,0,0,0,0,13900,6100,0,0,0,0,0,0,0,0,60600,0,0,0,0,0,0,0,0,0,13900,0,0,0,0,0,0,0,0,0,63870,58170,1852900,1301000,0,0,0,0,0,
600063.SH,600063,20251209,92314000,0,0,0,0,0,,,0,0,0,0,0,60600,60600,0,0,0,0,0,0,0,0,0,13900,6100,0,0,0,0,0,0,0,0,60600,0,0,0,0,0,0,0,0,0,13900,0,0,0,0,0,0,0,0,0,63870,58170,1853400,1301000,0,0,0,0,0,
600063.SH,600063,20251209,92317000,0,0,0,0,0,,,0,0,0,0,0,60600,60600,0,0,0,0,0,0,0,0,0,13900,6100,0,0,0,0,0,0,0,0,60600,0,0,0,0,0,0,0,0,0,13900,0,0,0,0,0,0,0,0,0,63870,58170,1856400,1301000,0,0,0,0,0,
600063.SH,600063,20251209,92320000,0,0,0,0,0,,,0,0,0,0,0,60600,60600,0,0,0,0,0,0,0,0,0,13900,6100,0,0,0,0,0,0,0,0,60600,0,0,0,0,0,0,0,0,0,13900,0,0,0,0,0,0,0,0,0,63870,58170,1875400,1301000,0,0,0,0,0,
600063.SH,600063,20251209,92323000,0,0,0,0,0,,,0,0,0,0,0,60600,60600,0,0,0,0,0,0,0,0,0,13900,6100,0,0,0,0,0,0,0,0,60600,0,0,0,0,0,0,0,0,0,13900,0,0,0,0,0,0,0,0,0,63870,58170,1880600,1301000,0,0,0,0,0,
600063.SH,600063,20251209,92329000,0,0,0,0,0,,,0,0,0,0,0,60600,60600,0,0,0,0,0,0,0,0,0,13900,6100,0,0,0,0,0,0,0,0,60600,0,0,0,0,0,0,0,0,0,13900,0,0,0,0,0,0,0,0,0,63870,58170,1880900,1301000,0,0,0,0,0,
600063.SH,600063,20251209,92332000,0,0,0,0,0,,,0,0,0,0,0,60600,60600,0,0,0,0,0,0,0,0,0,13900,6100,0,0,0,0,0,0,0,0,60600,0,0,0,0,0,0,0,0,0,13900,0,0,0,0,0,0,0,0,0,63870,58170,1880900,1301300,0,0,0,0,0,
600063.SH,600063,20251209,92338000,0,0,0,0,0,,,0,0,0,0,0,60600,60600,0,0,0,0,0,0,0,0,0,13900,6100,0,0,0,0,0,0,0,0,60600,0,0,0,0,0,0,0,0,0,13900,0,0,0,0,0,0,0,0,0,63870,58170,1882900,1301300,0,0,0,0,0,
600063.SH,600063,20251209,92341000,0,0,0,0,0,,,0,0,0,0,0,60600,60600,0,0,0,0,0,0,0,0,0,13900,6100,0,0,0,0,0,0,0,0,60600,0,0,0,0,0,0,0,0,0,13900,0,0,0,0,0,0,0,0,0,63870,58170,1882900,1301800,0,0,0,0,0,
600063.SH,600063,20251209,92347000,0,0,0,0,0,,,0,0,0,0,0,60600,60600,0,0,0,0,0,0,0,0,0,13900,6100,0,0,0,0,0,0,0,0,60600,0,0,0,0,0,0,0,0,0,13900,0,0,0,0,0,0,0,0,0,63860,58170,1885700,1301800,0,0,0,0,0,
600063.SH,600063,20251209,92350000,0,0,0,0,0,,,0,0,0,0,0,60600,60600,0,0,0,0,0,0,0,0,0,13900,6100,0,0,0,0,0,0,0,0,60600,0,0,0,0,0,0,0,0,0,13900,0,0,0,0,0,0,0,0,0,63870,58170,1886300,1306800,0,0,0,0,0,
600063.SH,600063,20251209,92353000,0,0,0,0,0,,,0,0,0,0,0,60600,60600,0,0,0,0,0,0,0,0,0,13900,6100,0,0,0,0,0,0,0,0,60600,0,0,0,0,0,0,0,0,0,13900,0,0,0,0,0,0,0,0,0,63870,58170,1888300,1306800,0,0,0,0,0,
600063.SH,600063,20251209,92356000,0,0,0,0,0,,,0,0,0,0,0,60600,60600,0,0,0,0,0,0,0,0,0,13900,6100,0,0,0,0,0,0,0,0,60600,0,0,0,0,0,0,0,0,0,13900,0,0,0,0,0,0,0,0,0,63870,58170,1889200,1306800,0,0,0,0,0,
600063.SH,600063,20251209,92359000,0,0,0,0,0,,,0,0,0,0,0,60600,60600,0,0,0,0,0,0,0,0,0,13900,6100,0,0,0,0,0,0,0,0,60600,0,0,0,0,0,0,0,0,0,13900,0,0,0,0,0,0,0,0,0,63870,58170,1890200,1307300,0,0,0,0,0,
600063.SH,600063,20251209,92402000,0,0,0,0,0,,,0,0,0,0,0,60600,60600,0,0,0,0,0,0,0,0,0,13900,6100,0,0,0,0,0,0,0,0,60600,0,0,0,0,0,0,0,0,0,13900,0,0,0,0,0,0,0,0,0,63870,58170,1891000,1307300,0,0,0,0,0,
600063.SH,600063,20251209,92405000,0,0,0,0,0,,,0,0,0,0,0,60600,60600,0,0,0,0,0,0,0,0,0,13900,6100,0,0,0,0,0,0,0,0,60600,0,0,0,0,0,0,0,0,0,13900,0,0,0,0,0,0,0,0,0,63870,58170,1892700,1307300,0,0,0,0,0,
600063.SH,600063,20251209,92408000,0,0,0,0,0,,,0,0,0,0,0,60600,60600,0,0,0,0,0,0,0,0,0,13900,6100,0,0,0,0,0,0,0,0,60600,0,0,0,0,0,0,0,0,0,13900,0,0,0,0,0,0,0,0,0,63830,58170,1918700,1307300,0,0,0,0,0,
600063.SH,600063,20251209,92411000,0,0,0,0,0,,,0,0,0,0,0,60600,60600,0,0,0,0,0,0,0,0,0,13900,6100,0,0,0,0,0,0,0,0,60600,0,0,0,0,0,0,0,0,0,13900,0,0,0,0,0,0,0,0,0,63830,58170,1920700,1308400,0,0,0,0,0,
600063.SH,600063,20251209,92414000,0,0,0,0,0,,,0,0,0,0,0,60600,60600,0,0,0,0,0,0,0,0,0,13900,6100,0,0,0,0,0,0,0,0,60600,0,0,0,0,0,0,0,0,0,13900,0,0,0,0,0,0,0,0,0,63830,58200,1921100,1328900,0,0,0,0,0,
600063.SH,600063,20251209,92417000,0,0,0,0,0,,,0,0,0,0,0,60600,60600,0,0,0,0,0,0,0,0,0,13900,6100,0,0,0,0,0,0,0,0,60600,0,0,0,0,0,0,0,0,0,13900,0,0,0,0,0,0,0,0,0,63820,58260,1931100,1428900,0,0,0,0,0,
600063.SH,600063,20251209,92420000,0,0,0,0,0,,,0,0,0,0,0,60600,60600,0,0,0,0,0,0,0,0,0,13900,6100,0,0,0,0,0,0,0,0,60600,0,0,0,0,0,0,0,0,0,13900,0,0,0,0,0,0,0,0,0,63820,58260,1933100,1428900,0,0,0,0,0,
600063.SH,600063,20251209,92423000,0,0,0,0,0,,,0,0,0,0,0,60600,60600,0,0,0,0,0,0,0,0,0,13900,6100,0,0,0,0,0,0,0,0,60600,0,0,0,0,0,0,0,0,0,13900,0,0,0,0,0,0,0,0,0,63880,58260,1970200,1428900,0,0,0,0,0,
600063.SH,600063,20251209,92426000,0,0,0,0,0,,,0,0,0,0,0,60600,60600,0,0,0,0,0,0,0,0,0,13900,6100,0,0,0,0,0,0,0,0,60600,0,0,0,0,0,0,0,0,0,13900,0,0,0,0,0,0,0,0,0,63880,58280,1971900,1448900,0,0,0,0,0,
600063.SH,600063,20251209,92429000,0,0,0,0,0,,,0,0,0,0,0,60600,60600,0,0,0,0,0,0,0,0,0,13900,6100,0,0,0,0,0,0,0,0,60600,0,0,0,0,0,0,0,0,0,13900,0,0,0,0,0,0,0,0,0,63880,58280,1973900,1448900,0,0,0,0,0,
600063.SH,600063,20251209,92432000,0,0,0,0,0,,,0,0,0,0,0,60600,60600,0,0,0,0,0,0,0,0,0,15900,4100,0,0,0,0,0,0,0,0,60600,0,0,0,0,0,0,0,0,0,15900,0,0,0,0,0,0,0,0,0,63880,58290,1973900,1450900,0,0,0,0,0,
600063.SH,600063,20251209,92435000,0,0,0,0,0,,,0,0,0,0,0,60600,60600,0,0,0,0,0,0,0,0,0,15900,4100,0,0,0,0,0,0,0,0,60600,0,0,0,0,0,0,0,0,0,15900,0,0,0,0,0,0,0,0,0,63930,58290,2012600,1450900,0,0,0,0,0,
600063.SH,600063,20251209,92438000,0,0,0,0,0,,,0,0,0,0,0,60600,60600,0,0,0,0,0,0,0,0,0,16200,3800,0,0,0,0,0,0,0,0,60600,0,0,0,0,0,0,0,0,0,16200,0,0,0,0,0,0,0,0,0,63930,58290,2012600,1451200,0,0,0,0,0,
600063.SH,600063,20251209,92441000,0,0,0,0,0,,,0,0,0,0,0,60600,60600,0,0,0,0,0,0,0,0,0,16200,3800,0,0,0,0,0,0,0,0,60600,0,0,0,0,0,0,0,0,0,16200,0,0,0,0,0,0,0,0,0,63920,58290,2019000,1451200,0,0,0,0,0,
600063.SH,600063,20251209,92447000,0,0,0,0,0,,,0,0,0,0,0,60600,60600,0,0,0,0,0,0,0,0,0,16200,3800,0,0,0,0,0,0,0,0,60600,0,0,0,0,0,0,0,0,0,16200,0,0,0,0,0,0,0,0,0,63900,58290,2039000,1451200,0,0,0,0,0,
600063.SH,600063,20251209,92450000,0,0,0,0,0,,,0,0,0,0,0,60600,60600,0,0,0,0,0,0,0,0,0,16200,3800,0,0,0,0,0,0,0,0,60600,0,0,0,0,0,0,0,0,0,16200,0,0,0,0,0,0,0,0,0,63900,58290,2039000,1456200,0,0,0,0,0,
600063.SH,600063,20251209,92453000,0,0,0,0,0,,,0,0,0,0,0,60600,60600,0,0,0,0,0,0,0,0,0,16200,5000,0,0,0,0,0,0,0,0,60600,0,0,0,0,0,0,0,0,0,16200,0,0,0,0,0,0,0,0,0,63890,58290,2041000,1456200,0,0,0,0,0,
600063.SH,600063,20251209,92456000,0,0,0,0,0,,,0,0,0,0,0,60600,60600,0,0,0,0,0,0,0,0,0,19900,1300,0,0,0,0,0,0,0,0,60600,0,0,0,0,0,0,0,0,0,19900,0,0,0,0,0,0,0,0,0,63890,58300,2045000,1459900,0,0,0,0,0,
600063.SH,600063,20251209,92459000,0,0,0,0,0,,,0,0,0,0,0,60600,60600,0,0,0,0,0,0,0,0,0,24500,2900,0,0,0,0,0,0,0,0,60600,0,0,0,0,0,0,0,0,0,24500,0,0,0,0,0,0,0,0,0,63880,58310,2051200,1464500,0,0,0,0,0,
600063.SH,600063,20251209,92502000,60600,24500,148470,29,0,,,24500,148470,60600,60600,60600,60600,60600,60700,60800,60900,61000,61200,61300,61400,61500,61600,2900,2500,16100,40800,19500,115400,27400,92100,162400,14400,60500,60300,60200,60100,60000,59900,59800,59700,59600,59500,11100,600,9400,49200,121500,19900,64600,32200,6100,17200,63930,58250,2026700,1440000,0,0,0,0,0,
600063.SH,600063,20251209,93002000,60500,1800,10890,31,0,,,26300,159360,60600,60500,60600,60600,60600,60700,60800,60900,61000,61200,61300,61400,61500,61600,6700,81600,16100,40800,19500,115400,27400,92100,162400,14400,60500,60300,60200,60100,60000,59900,59800,59700,59600,59500,9300,600,9400,49200,121500,19900,64600,32200,6100,17200,63800,58240,2110800,1438200,0,0,0,0,0,
600063.SH,600063,20251209,93005000,60500,9600,58080,40,0,,,35900,217440,60600,60500,60600,60600,60500,60600,60700,60800,60900,61000,61100,61200,61300,61400,600,19300,87400,20100,40800,35500,400,116400,27400,92500,60300,60200,60100,60000,59900,59800,59700,59600,59500,59400,600,17900,53200,121500,19900,84600,32200,6100,17800,2200,63690,58270,2235200,1482000,0,0,0,0,0,
600063.SH,600063,20251209,93008000,60500,4300,25982,46,0,,,40200,243422,60600,60400,60600,60600,60600,60700,60800,60900,61000,61100,61200,61300,61400,61500,19700,89400,50700,104500,38500,400,146400,27400,92500,163400,60500,60300,60200,60100,60000,59900,59800,59700,59600,59500,4600,5600,17900,53200,124100,21900,84600,32200,6100,17800,63520,58290,2395400,1498800,0,0,0,0,0,
600063.SH,600063,20251209,93011000,60500,5000,30252,55,0,,,45200,273674,60600,60400,60600,60600,60500,60600,60700,60800,60900,61000,61100,61200,61300,61400,6800,20100,89700,69200,111800,47900,40400,146400,36400,92500,60300,60200,60100,60000,59900,59800,59700,59600,59500,59400,5600,17400,64300,124100,21900,89400,32200,6100,17800,2200,63440,58300,2507300,1510100,0,0,0,0,0,
600063.SH,600063,20251209,93014000,60300,2000,12078,62,0,,,47200,285752,60600,60300,60600,60600,60500,60600,60700,60800,60900,61000,61100,61200,61300,61400,15400,21700,112500,69200,111800,72500,47400,146400,46600,92500,60300,60200,60100,60000,59900,59800,59700,59600,59500,59400,5100,107100,65500,124900,27900,90900,32200,8100,17800,2200,63390,58420,2657400,1613100,0,0,0,0,0,
600063.SH,600063,20251209,93017000,60500,900,5445,66,0,,,48100,291197,60600,60300,60600,60600,60500,60600,60700,60800,60900,61000,61100,61200,61300,61400,39000,21700,109400,71700,116800,72500,50900,151300,56600,94500,60300,60200,60100,60000,59900,59800,59700,59600,59500,59400,10500,107200,86300,125400,93900,90900,43200,8100,18900,2200,63340,58510,2727200,1720500,0,0,0,0,0,
600063.SH,600063,20251209,93020000,60500,36000,217477,104,0,,,84100,508674,60600,60200,60600,60600,60500,60600,60700,60800,60900,61000,61100,61200,61300,61400,58600,21700,109400,71700,117000,92300,50900,161300,56600,94500,60300,60200,60100,60000,59900,59800,59700,59600,59500,59400,500,103500,90100,127400,94900,90900,43200,8100,18900,2200,63510,58510,2973000,1718600,0,0,0,0,0,
600063.SH,600063,20251209,93023000,60300,8600,51808,119,0,,,92700,560482,60600,60200,60600,60600,60300,60400,60500,60600,60700,60800,60900,61000,61100,61200,900,100,62100,61800,37300,71700,117000,92300,50900,163800,60200,60100,60000,59900,59800,59700,59600,59500,59400,59300,98500,100300,129400,94900,91700,43200,8100,18900,2200,10500,63530,58510,2955000,1726100,0,0,0,0,0,
600063.SH,600063,20251209,93026000,60300,1300,7839,124,0,,,94000,568321,60600,60200,60600,60600,60300,60400,60500,60600,60700,60800,60900,61000,61100,61200,700,400,62800,61800,37300,71700,132000,94300,51900,163800,60200,60100,60000,59900,59800,59700,59600,59500,59400,59300,98500,121800,129400,94900,91700,43200,8100,19500,2200,10500,63500,58530,3052700,1748200,0,0,0,0,0,
600063.SH,600063,20251209,93029000,60300,13900,83991,137,0,,,107900,652312,60600,60200,60600,60600,60300,60500,60600,60700,60800,60900,61000,61100,61200,61300,300,61300,68200,45800,71700,133400,94300,51900,213800,56600,60200,60100,60000,59900,59800,59700,59600,59500,59400,59300,98500,142800,137200,99900,92700,43200,8100,19500,2200,11500,63460,58560,3132900,1784000,0,0,0,0,0,
600063.SH,600063,20251209,93032000,60300,5400,32624,146,0,,,113300,684936,60600,60200,60600,60600,60400,60500,60600,60700,60800,60900,61000,61100,61200,61300,200,64200,66900,47800,71700,133400,134300,71900,220700,56600,60200,60100,60000,59900,59800,59700,59600,59500,59400,59300,102000,144300,139200,99900,93200,43700,11100,25300,2200,11500,63400,58570,3209800,1801300,0,0,0,0,0,
600063.SH,600063,20251209,93035000,60300,36700,221779,174,0,,,150000,906715,60600,60200,60600,60600,60300,60400,60500,60600,60700,60800,60900,61000,61100,61200,400,700,52100,68300,48300,71700,133400,134300,71900,220700,60200,60100,60000,59900,59800,59700,59600,59500,59400,59300,100300,144400,142700,100900,93200,43700,17100,25300,2200,11500,63420,58580,3193900,1810200,0,0,0,0,0,
600063.SH,600063,20251209,93038000,60300,4100,24719,186,0,,,154100,931434,60600,60200,60600,60600,60300,60400,60500,60600,60700,60800,60900,61000,61100,61200,1300,6000,52600,68300,47800,71700,103100,135100,71900,220700,60200,60100,60000,59900,59800,59700,59600,59500,59400,59300,102900,144900,143700,100900,93200,43700,17100,25300,2700,11500,63430,58580,3170600,1815900,0,0,0,0,0,
600063.SH,600063,20251209,93041000,60400,4200,25350,196,0,,,158300,956784,60600,60200,60600,60600,60400,60500,60600,60700,60800,60900,61000,61100,61200,61300,3800,52300,68200,45800,71700,103100,141100,71900,220700,46400,60200,60100,60000,59900,59800,59700,59600,59500,59400,59300,102900,144900,143700,100900,93200,43700,17100,25300,2700,11500,63440,58580,3170700,1815900,0,0,0,0,0,
600063.SH,600063,20251209,93044000,60200,2400,14488,199,0,,,160700,971272,60600,60200,60600,60600,60300,60400,60500,60600,60700,60800,60900,61000,61100,61200,2100,4200,63000,68200,45800,71700,103100,148100,71900,220700,60200,60100,60000,59900,59800,59700,59600,59500,59400,59300,123100,145100,143700,100900,93200,43700,17100,25300,2700,11500,63420,58600,3190900,1837300,0,0,0,0,0,
600063.SH,600063,20251209,93047000,60100,224600,1351093,247,0,,,385300,2322365,60600,60100,60600,60600,60300,60400,60500,60600,60700,60800,60900,61000,61100,61200,1500,15600,35700,68200,45800,71700,103100,148100,71900,220700,60100,60000,59900,59800,59700,59600,59500,59400,59300,59200,45500,143700,100900,93200,43700,17100,25300,2700,11500,11800,63430,58390,3174400,1614600,0,0,0,0,0,
600063.SH,600063,20251209,93050000,60300,1500,9045,252,0,,,386800,2331410,60600,60100,60600,60600,60300,60400,60500,60600,60700,60800,60900,61000,61100,61200,14100,15600,35700,68200,45800,71700,103100,148100,71900,220700,60200,60100,60000,59900,59800,59700,59600,59500,59400,59300,13600,45500,143700,100900,94300,43700,17100,25300,2700,11500,63420,58400,3187200,1629300,0,0,0,0,0,
600063.SH,600063,20251209,93053000,60400,34700,209445,276,0,,,421500,2540855,60600,60100,60600,60600,60500,60600,60700,60800,60900,61000,61100,61200,61300,61400,35700,68200,43800,71700,103100,148100,71900,220700,46400,104100,60400,60300,60200,60100,60000,59900,59800,59700,59600,59500,14300,11400,13500,45500,143700,105700,94300,43700,17100,25300,63450,58440,3155500,1659700,0,0,0,0,0,
600063.SH,600063,20251209,93056000,60500,83100,502517,313,0,,,504600,3043372,60600,60100,60600,60600,60400,60600,60700,60800,60900,61000,61100,61200,61300,61400,1200,67800,44300,71700,103100,148100,71900,220700,46400,104100,60300,60200,60100,60000,59900,59800,59700,59600,59500,59400,600,13500,70000,143700,109700,94300,43700,17100,25300,2700,63480,58440,3122700,1663100,0,0,0,0,0,
600063.SH,600063,20251209,93059000,60300,600,3618,315,0,,,505200,3046990,60600,60100,60600,60600,60400,60500,60600,60700,60800,60900,61000,61100,61200,61300,1200,500,67800,43800,71700,103100,148100,71900,220700,46400,60300,60200,60100,60000,59900,59800,59700,59600,59500,59400,5300,13500,70500,142700,109700,94300,43700,17100,27800,2700,63480,58440,3122700,1669800,0,0,0,0,0,
600063.SH,600063,20251209,93102000,60600,14900,90265,327,0,,,520100,3137255,60600,60100,60600,60600,60600,60700,60800,60900,61000,61100,61200,61300,61400,61500,54600,44300,71700,103100,196400,71900,220700,46400,104100,214400,60300,60200,60100,60000,59900,59800,59700,59600,59500,59400,12000,13500,70000,142700,112700,94300,43700,17100,27800,2700,63460,58450,3158400,1679000,0,0,0,0,0,
600063.SH,600063,20251209,93105000,60300,1300,7873,330,0,,,521400,3145128,60600,60100,60600,60600,60500,60600,60700,60800,60900,61000,61100,61200,61300,61400,8700,53500,44300,71700,103100,196400,71900,220700,46400,104100,60300,60200,60100,60000,59900,59800,59700,59600,59500,59400,18900,13500,75000,142700,112700,94300,43700,17100,27800,2700,63450,58470,3166000,1690900,0,0,0,0,0,
600063.SH,600063,20251209,93108000,60300,100,603,331,0,,,521500,3145731,60600,60100,60600,60600,60400,60500,60600,60700,60800,60900,61000,61100,61200,61300,10900,8700,53500,44300,71700,103100,196400,71900,220700,46400,60300,60200,60100,60000,59900,59800,59700,59600,59500,59400,18800,13500,75000,143700,112700,94500,43700,17100,27800,2700,63440,58470,3176900,1692000,0,0,0,0,0,
600063.SH,600063,20251209,93111000,60300,24500,147847,342,0,,,546000,3293578,60600,60100,60600,60600,60500,60600,60700,60800,60900,61000,61100,61200,61300,61400,19000,53500,43800,71700,103100,196400,71900,220700,46400,104100,60400,60200,60100,60000,59900,59800,59700,59600,59500,59400,800,13500,75600,147100,112700,94500,43700,17100,27800,2700,63440,58450,3175800,1678000,0,0,0,0,0,
600063.SH,600063,20251209,93114000,60400,3300,19948,350,0,,,549300,3313526,60600,60100,60600,60600,60500,60600,60700,60800,60900,61000,61100,61200,61300,61400,19600,44100,44300,71700,103100,196400,71900,220700,46400,104100,60400,60300,60200,60100,60000,59900,59800,59700,59600,59500,100,5900,11200,75600,151300,117700,95900,43700,17100,27800,63450,58460,3167500,1691500,0,0,0,0,0,
600063.SH,600063,20251209,93117000,60400,3300,19932,353,0,,,552600,3333458,60600,60100,60600,60600,60500,60600,60700,60800,60900,61000,61100,61200,61300,61400,19600,44100,46700,71700,103100,196400,71900,220700,46400,104100,60400,60300,60100,60000,59900,59800,59700,59600,59500,59400,10400,10200,76600,151800,117700,95900,43700,17100,27800,2700,63450,58470,3172900,1696400,0,0,0,0,0,
600063.SH,600063,20251209,93120000,60400,4200,25381,359,0,,,556800,3358839,60600,60100,60600,60600,60500,60600,60700,60800,60900,61000,61100,61200,61300,61400,18300,44100,46700,71700,103100,196400,71900,220700,46400,104100,60400,60300,60200,60100,60000,59900,59800,59700,59600,59500,19200,10200,1000,91600,152800,117700,95900,43700,17100,27800,63390,58500,3279800,1722200,0,0,0,0,0,
600063.SH,600063,20251209,93123000,60500,18300,110715,371,0,,,575100,3469554,60600,60100,60600,60600,60600,60700,60800,60900,61000,61100,61200,61300,61400,61500,44100,47200,71700,103100,196400,71900,220700,46400,104100,224400,60500,60400,60300,60200,60100,60000,59900,59800,59700,59600,300,14200,16500,8400,95200,153800,117700,98600,43700,17100,63400,58510,3262000,1738500,0,0,0,0,0,
600063.SH,600063,20251209,93126000,60600,6800,41208,377,0,,,581900,3510762,60600,60100,60600,60600,60600,60700,60800,60900,61000,61100,61200,61300,61400,61500,39500,47200,71700,103100,196400,71900,220700,46400,104100,224400,60500,60400,60300,60200,60100,60000,59900,59800,59700,59600,14500,1300,16500,8400,95200,161800,117700,98600,43700,17100,63410,58520,3262100,1747800,0,0,0,0,0,
600063.SH,600063,20251209,93129000,60600,2000,12120,378,0,,,583900,3522882,60600,60100,60600,60600,60600,60700,60800,60900,61000,61100,61200,61300,61400,61500,35300,47200,71700,105100,196400,71900,220700,46400,104100,224400,60500,60400,60300,60200,60100,60000,59900,59800,59700,59600,14500,2500,16500,8400,98200,161800,117700,98600,43700,17100,63410,58530,3259900,1762000,0,0,0,0,0,
600063.SH,600063,20251209,93132000,60600,35300,213918,381,0,,,619200,3736800,60600,60100,60600,60600,60600,60700,60800,60900,61000,61100,61200,61300,61400,61500,1900,47200,71700,105100,196400,71900,220700,46400,104100,224400,60500,60400,60300,60200,60100,60000,59900,59800,59700,59600,15900,2600,16500,8400,98200,161800,117700,98600,43700,17100,63440,58530,3226500,1763500,0,0,0,0,0,
600063.SH,600063,20251209,93135000,60700,16700,101347,394,0,,,635900,3838147,60700,60100,60600,60600,60700,60800,60900,61000,61100,61200,61300,61400,61500,61600,32700,71700,105100,196400,71900,220700,46400,104100,224400,14400,60500,60400,60300,60200,60100,60000,59900,59800,59700,59600,15900,2600,16500,9200,198700,162800,120200,98600,43700,17100,63450,58620,3208100,1870700,0,0,0,0,0,
600063.SH,600063,20251209,93138000,60700,3200,19424,395,0,,,639100,3857571,60700,60100,60600,60600,60700,60800,60900,61000,61100,61200,61300,61400,61500,61600,29500,71700,105100,198500,71900,215700,46400,104100,224400,14400,60600,60500,60400,60300,60200,60100,60000,59900,59800,59700,2500,16000,4600,16500,14200,220700,163800,120200,98600,43700,63460,58630,3202000,1915300,0,0,0,0,0,
600063.SH,600063,20251209,93141000,60800,34300,208266,407,0,,,673400,4065837,60800,60100,60600,60600,60800,60900,61000,61100,61200,61300,61400,61500,61600,61700,65200,106600,198500,71900,215700,46400,104100,224400,14400,106500,60700,60600,60500,60400,60300,60200,60100,60000,59900,59800,3100,18800,2700,4600,16000,14200,220700,163800,120200,98600,63490,58640,3167500,1923400,0,0,0,0,0,
600063.SH,600063,20251209,93144000,60800,65300,397023,417,0,,,738700,4462860,60800,60100,60600,60600,60900,61000,61100,61200,61300,61400,61500,61600,61700,61800,106600,198500,71900,215700,46400,104100,224400,14400,106500,137000,60800,60700,60600,60500,60400,60300,60200,60100,60000,59900,1100,3100,20400,2700,3300,16000,14200,216200,172100,120200,63540,58640,3102300,1928600,0,0,0,0,0,
600063.SH,600063,20251209,93147000,60900,24100,146769,427,0,,,762800,4609629,60900,60100,60600,60600,60900,61000,61100,61200,61300,61400,61500,61600,61700,61800,82500,198500,71900,215700,46400,104100,224400,14400,106500,137000,60800,60700,60600,60500,60400,60300,60200,60100,60000,59900,2300,100,19500,4600,3300,16000,14200,219200,182100,120200,63560,58650,3078200,1941800,0,0,0,0,0,
600063.SH,600063,20251209,93150000,60800,9600,58380,433,0,,,772400,4668009,60900,60100,60600,60600,60800,60900,61000,61100,61200,61300,61400,61500,61600,61700,70700,66900,197500,77700,215700,46400,104100,224400,14400,106500,60700,60600,60500,60400,60300,60200,60100,60000,59900,59800,200,19500,4500,3300,16000,19200,218200,181100,120200,104200,63510,58660,3138100,1953100,0,0,0,0,0,
600063.SH,600063,20251209,93153000,60800,6500,39520,436,0,,,778900,4707529,60900,60100,60600,60600,60800,60900,61000,61100,61200,61300,61400,61500,61600,61700,68300,71900,197500,77700,215700,46400,104100,224400,14400,106500,60700,60600,60500,60400,60300,60200,60100,60000,59900,59800,1900,21500,4500,1300,16000,19200,218200,181100,116900,104200,63500,58660,3154700,1951500,0,0,0,0,0,
600063.SH,600063,20251209,93156000,60800,1900,11552,438,0,,,780800,4719081,60900,60100,60600,60600,60800,60900,61000,61100,61200,61300,61400,61500,61600,61700,69300,71900,197700,78700,215700,46400,104100,224400,14400,106500,60700,60600,60500,60400,60300,60200,60100,60000,59900,59800,1900,21500,4500,1300,16000,19200,218200,183100,116900,104200,63500,58660,3156900,1962000,0,0,0,0,0,
600063.SH,600063,20251209,93159000,60800,0,0,438,0,,,780800,4719081,60900,60100,60600,60600,60800,60900,61000,61100,61200,61300,61400,61500,61600,61700,69800,81900,190700,78700,215700,46400,104100,224400,14400,106500,60700,60600,60500,60400,60300,60200,60100,60000,59900,59800,2600,21500,5500,1300,17000,19200,218200,182300,116900,104200,63500,58660,3161900,1964100,0,0,0,0,0,
600063.SH,600063,20251209,93202000,60700,29800,180936,449,0,,,810600,4900017,60900,60100,60600,60600,60700,60800,60900,61000,61100,61200,61300,61400,61500,61600,16300,86500,81900,190700,78700,220700,46400,104100,224400,14400,60600,60500,60400,60300,60200,60100,60000,59900,59800,59700,21500,5500,1300,17000,60000,218200,188000,116900,104200,43700,63470,58690,3199900,2007500,0,0,0,0,0,
600063.SH,600063,20251209,93205000,60800,17700,107445,458,0,,,828300,5007462,60900,60100,60600,60600,60800,60900,61000,61100,61200,61300,61400,61500,61600,61700,87800,82400,190700,78700,220700,48400,104100,224400,14400,106500,60700,60600,60500,60400,60300,60200,60100,60000,59900,59800,5100,21400,4800,6300,17000,60000,218200,188000,116900,104200,63450,58700,3237100,2016800,0,0,0,0,0,
600063.SH,600063,20251209,93208000,60700,10200,61914,479,0,,,838500,5069376,60900,60100,60600,60600,60700,60800,60900,61000,61100,61200,61300,61400,61500,61600,21900,86900,82400,190700,78700,220200,48400,104100,225200,14400,60600,60500,60400,60300,60200,60100,60000,59900,59800,59700,21400,5800,6300,12000,60000,219800,186000,116900,104200,43700,63440,58690,3256400,2007300,0,0,0,0,0,
600063.SH,600063,20251209,93211000,60600,33600,203949,529,0,,,872100,5273325,60900,60100,60600,60600,60700,60800,60900,61000,61100,61200,61300,61400,61500,61600,2000,86900,100900,190700,78700,220200,48400,104100,225200,14400,60600,60500,60400,60300,60200,60100,60000,59900,59800,59700,24300,5800,6300,13000,60000,219800,186000,116900,104200,43700,63440,58690,3267000,2011400,0,0,0,0,0,
600063.SH,600063,20251209,93214000,60700,6000,36459,533,0,,,878100,5309784,60900,60100,60600,60600,60800,60900,61000,61100,61200,61300,61400,61500,61600,61700,81300,104700,190700,78700,220200,48400,104100,225200,14400,111500,60700,60600,60500,60400,60300,60200,60100,60000,59900,59800,26000,24800,5800,6300,13000,78700,219800,186000,116900,104200,63440,58730,3264700,2056600,0,0,0,0,0,
600063.SH,600063,20251209,93217000,60800,35200,213976,544,0,,,913300,5523760,60900,60100,60600,60600,60800,60900,61000,61100,61200,61300,61400,61500,61600,61700,50100,104700,190700,81700,221200,48400,104100,225200,14400,111500,60700,60600,60500,60400,60300,60200,60100,60000,59900,59800,4500,21600,5800,6300,13000,78700,219800,186000,116900,104200,63460,58710,3260700,2031900,0,0,0,0,0,
600063.SH,600063,20251209,93220000,60800,51000,310080,556,0,,,964300,5833840,60900,60100,60600,60600,60900,61000,61100,61200,61300,61400,61500,61600,61700,61800,110400,190700,93000,221200,48400,104100,225200,14400,111500,140000,60700,60600,60500,60400,60300,60200,60100,60000,59900,59800,54100,21600,5800,6300,12000,78700,220100,186000,116900,104200,63490,58760,3229100,2080800,0,0,0,0,0,
600063.SH,600063,20251209,93223000,61000,228400,1392129,622,0,,,1192700,7225969,61000,60100,60600,60600,61000,61100,61200,61300,61400,61500,61600,61700,61800,61900,67100,98400,221200,48400,104100,228300,14400,111500,140000,94800,60900,60800,60700,60600,60500,60400,60300,60200,60100,60000,29300,9500,58200,19700,5300,6300,12000,78700,230100,186000,63670,58800,3021300,2131300,0,0,0,0,0,
600063.SH,600063,20251209,93226000,60900,22400,136590,641,0,,,1215100,7362559,61000,60100,60600,60600,61000,61100,61200,61300,61400,61500,61600,61700,61800,61900,50400,98400,223200,54500,104100,228300,14400,111500,140000,96800,60900,60800,60700,60600,60500,60400,60300,60200,60100,60000,3900,4400,54600,18400,5300,8300,12400,78700,230100,193700,63680,58780,3014800,2107000,0,0,0,0,0,
600063.SH,600063,20251209,93229000,60800,35900,218867,657,0,,,1251000,7581426,61000,60100,60600,60600,60800,61000,61100,61200,61300,61400,61500,61600,61700,61800,1600,31000,98400,225200,54500,104100,237300,14400,111500,140000,60700,60600,60500,60400,60300,60200,60100,60000,59900,59800,54600,18200,5800,8300,12400,78700,229100,193700,116900,105200,63680,58780,3017400,2118200,0,0,0,0,0,
600063.SH,600063,20251209,93232000,61000,69400,423019,693,0,,,1320400,8004445,61100,60100,60600,60600,61000,61100,61200,61300,61400,61500,61600,61700,61800,61900,500,96100,224200,54500,104100,242400,19400,111500,140000,96800,60900,60800,60700,60600,60500,60400,60300,60200,60100,60000,9000,98900,65200,18200,5800,8300,12400,78700,229100,193700,63710,58880,2992100,2241700,0,0,0,0,0,
600063.SH,600063,20251209,93235000,61000,8900,54290,700,0,,,1329300,8058735,61100,60100,60600,60600,61000,61100,61200,61300,61400,61500,61600,61700,61800,61900,16200,97100,224200,54500,104100,242400,20400,111500,140000,96800,60900,60800,60700,60600,60500,60400,60300,60200,60100,60000,6000,97200,65200,18200,5800,8300,12400,78700,229100,194200,63700,58880,3004800,2237500,0,0,0,0,0,
600063.SH,600063,20251209,93238000,60900,22500,137215,713,0,,,1351800,8195950,61100,60100,60600,60600,60900,61000,61100,61200,61300,61400,61500,61600,61700,61800,22900,21400,107100,224200,54500,104100,242400,20600,111500,140000,60800,60700,60600,60500,60400,60300,60200,60100,60000,59900,37700,69000,18200,5800,8300,12400,78700,229100,194200,116900,63660,58820,3043400,2175800,0,0,0,0,0,
600063.SH,600063,20251209,93241000,60900,60300,367560,730,0,,,1412100,8563510,61100,60100,60600,60600,61000,61100,61200,61300,61400,61500,61600,61700,61800,61900,76400,119100,224200,54500,104100,242400,20600,111500,140000,97800,60900,60800,60700,60600,60500,60400,60300,60200,60100,60000,1800,37700,69000,18200,5800,8300,12400,78700,229100,194200,63620,58830,3088700,2177600,0,0,0,0,0,
600063.SH,600063,20251209,93244000,61000,8400,51201,741,0,,,1420500,8614711,61100,60100,60600,60600,61000,61100,61200,61300,61400,61500,61600,61700,61800,61900,77900,139100,229200,54500,104100,242400,20600,111500,144100,97800,60900,60800,60700,60600,60500,60400,60300,60200,60100,60000,2300,39000,63900,18600,5800,8300,12400,77900,229100,194200,63600,58820,3124400,2173900,0,0,0,0,0,
600063.SH,600063,20251209,93247000,61000,3400,20739,744,0,,,1423900,8635450,61100,60100,60600,60600,61000,61100,61200,61300,61400,61500,61600,61700,61800,61900,72100,152400,229200,55100,104100,242400,20600,111500,144100,97800,60900,60800,60700,60600,60500,60400,60300,60200,60100,60000,5300,39000,68900,18600,5800,8300,12400,77900,229100,196000,63590,58830,3134500,2183700,0,0,0,0,0,
600063.SH,600063,20251209,93250000,60900,20100,122457,753,0,,,1444000,8757907,61100,60100,60600,60600,61000,61100,61200,61300,61400,61500,61600,61700,61800,61900,69400,152400,229200,55100,104100,242400,20600,111500,144100,100800,60900,60800,60700,60600,60500,60400,60300,60200,60100,60000,1700,44000,68900,18600,5800,8300,12400,77900,228900,188100,63600,58830,3140100,2177000,0,0,0,0,0,
600063.SH,600063,20251209,93253000,60900,14800,90252,759,0,,,1458800,8848159,61100,60100,60600,60600,61000,61100,61200,61300,61400,61500,61600,61700,61800,61900,61900,154400,229200,57100,104100,242400,20600,111500,144100,99700,60900,60800,60700,60600,60500,60400,60300,60200,60100,60000,1300,44000,68900,19600,5800,8300,12400,77900,258900,188100,63600,58850,3135500,2207600,0,0,0,0,0,
600063.SH,600063,20251209,93256000,60900,4300,26187,764,0,,,1463100,8874346,61100,60100,60600,60600,60900,61000,61100,61200,61300,61400,61500,61600,61700,61800,13000,65900,158500,230200,57100,104100,242400,20600,111500,144100,60800,60700,60600,60500,60400,60300,60200,60100,60000,59900,44000,68900,19600,5800,8300,12400,77900,258900,188100,111900,63720,58840,3337400,2201300,0,0,0,0,0,
600063.SH,600063,20251209,93259000,60800,3900,23750,768,0,,,1467000,8898096,61100,60100,60600,60600,60900,61000,61100,61200,61300,61400,61500,61600,61700,61800,29000,89300,156500,230200,63000,104100,243400,22600,111500,144100,60800,60700,60600,60500,60400,60300,60200,60100,60000,59900,40700,68900,24600,6800,8300,12400,77900,258900,188100,111900,63680,58840,3385900,2204000,0,0,0,0,0,
600063.SH,600063,20251209,93302000,60900,3300,20097,770,0,,,1470300,8918193,61100,60100,60600,60600,60900,61000,61100,61200,61300,61400,61500,61600,61700,61800,26500,91200,156500,230200,63000,104100,243400,22600,111500,144100,60800,60700,60600,60500,60400,60300,60200,60100,60000,59900,35000,68900,24600,6800,8300,12400,77900,258400,188100,111900,63680,58840,3386300,2198800,0,0,0,0,0,
600063.SH,600063,20251209,93305000,60900,0,0,770,0,,,1470300,8918193,61100,60100,60600,60600,60900,61000,61100,61200,61300,61400,61500,61600,61700,61800,27200,98200,158100,230200,65400,104100,244500,22600,111500,144100,60800,60700,60600,60500,60400,60300,60200,60100,60000,59900,29200,68900,24600,6800,8300,12400,77900,258400,189400,111900,63670,58830,3399100,2194300,0,0,0,0,0,
600063.SH,600063,20251209,93308000,60900,5200,31648,777,0,,,1475500,8949841,61100,60100,60600,60600,60900,61000,61100,61200,61300,61400,61500,61600,61700,61800,47200,100200,158100,230200,64800,104100,274500,22600,111500,144100,60800,60700,60600,60500,60400,60300,60200,60100,60000,59900,14600,68900,8200,7000,8300,12400,77900,258400,189400,111900,63630,58810,3446600,2163500,0,0,0,0,0,
600063.SH,600063,20251209,93311000,60800,10000,60800,786,0,,,1485500,9010641,61100,60100,60600,60600,60900,61000,61100,61200,61300,61400,61500,61600,61700,61800,48200,161800,158100,230200,64800,104100,274500,22600,111500,144600,60800,60700,60600,60500,60400,60300,60200,60100,60000,59900,6600,68900,8200,7300,8300,12400,77900,258400,189400,111900,63590,58800,3511300,2155800,0,0,0,0,0,
600063.SH,600063,20251209,93314000,60800,5600,34068,793,0,,,1491100,9044709,61100,60100,60600,60600,60900,61000,61100,61200,61300,61400,61500,61600,61700,61800,50800,178800,158100,230200,64800,105100,274500,22600,111500,144600,60800,60700,60600,60500,60400,60300,60200,60100,60000,59900,6100,68900,8200,7300,8300,12400,77900,258400,189400,111900,63570,58800,3532100,2155300,0,0,0,0,0,
600063.SH,600063,20251209,93317000,60800,4000,24348,799,0,,,1495100,9069057,61100,60100,60600,60600,60900,61000,61100,61200,61300,61400,61500,61600,61700,61800,47200,192200,158100,230300,64800,105100,274500,25600,111500,144600,60800,60700,60600,60500,60400,60300,60200,60100,60000,59900,5900,68900,8200,7300,8300,12400,77900,258400,189400,111900,63590,58800,3572700,2155100,0,0,0,0,0,
600063.SH,600063,20251209,93320000,60900,6800,41377,805,0,,,1501900,9110434,61100,60100,60600,60600,60900,61000,61100,61200,61300,61400,61500,61600,61700,61800,44900,192100,158100,230300,65000,125100,275600,25600,111500,144600,60800,60700,60600,60500,60400,60300,60200,60100,60000,59900,3100,68900,8300,7300,12300,50400,77900,260400,189400,111900,63570,58830,3597700,2196400,0,0,0,0,0,
600063.SH,600063,20251209,93323000,60900,5800,35321,809,0,,,1507700,9145755,61100,60100,60600,60600,60900,61000,61100,61200,61300,61400,61500,61600,61700,61800,39200,232600,158100,232300,65000,125100,278600,25600,111500,146600,60800,60700,60600,60500,60400,60300,60200,60100,60000,59900,6000,68900,8300,7300,12300,50400,59900,260400,189400,111900,63550,58820,3639800,2181300,0,0,0,0,0,
600063.SH,600063,20251209,93326000,60800,11900,72469,819,0,,,1519600,9218224,61100,60100,60600,60600,60900,61000,61100,61200,61300,61400,61500,61600,61700,61800,27900,237600,158100,232300,65000,125100,282500,25600,111500,146600,60800,60700,60600,60500,60400,60300,60200,60100,60000,59900,6200,68900,8300,7300,12300,50400,59900,260400,189400,111900,63550,58820,3641600,2181500,0,0,0,0,0,
600063.SH,600063,20251209,93329000,60800,0,0,819,0,,,1519600,9218224,61100,60100,60600,60600,60900,61000,61100,61200,61300,61400,61500,61600,61700,61800,28000,238600,159200,232300,65000,125100,282500,25600,111500,146600,60800,60700,60600,60500,60400,60300,60200,60100,60000,59900,55400,68900,8300,7300,12300,50400,59900,261900,189400,111900,63550,58860,3648900,2232200,0,0,0,0,0,
600063.SH,600063,20251209,93332000,60900,400,2436,820,0,,,1520000,9220660,61100,60100,60600,60600,60900,61000,61100,61200,61300,61400,61500,61600,61700,61800,27500,238600,161200,232300,66000,125100,282600,25600,111500,152600,60800,60700,60600,60500,60400,60300,60200,60100,60000,59900,55400,68900,8300,7300,12300,50400,59900,261900,189400,111900,63550,58860,3662600,2232200,0,0,0,0,0,
600063.SH,600063,20251209,93335000,60900,10100,61508,823,0,,,1530100,9282168,61100,60100,60600,60600,60900,61000,61100,61200,61300,61400,61500,61600,61700,61800,17600,238600,171200,232300,76000,125100,282600,25600,111500,152600,60800,60700,60600,60500,60400,60300,60200,60100,60000,59900,85100,68900,8300,7300,12300,50400,59900,261900,195600,111900,63540,58890,3673400,2268100,0,0,0,0,0,
600063.SH,600063,20251209,93338000,60900,0,0,823,0,,,1530100,9282168,61100,60100,60600,60600,60900,61000,61100,61200,61300,61400,61500,61600,61700,61800,30600,261400,171200,232300,76000,125100,287200,25600,111500,152600,60800,60700,60600,60500,60400,60300,60200,60100,60000,59900,85100,68900,7200,7300,12300,50400,59900,261900,195600,111900,63510,58890,3714300,2267000,0,0,0,0,0,
600063.SH,600063,20251209,93341000,60900,16800,102312,831,0,,,1546900,9384480,61100,60100,60600,60600,60900,61000,61100,61200,61300,61400,61500,61600,61700,61800,26100,271800,171200,232300,76000,125100,287200,25600,111500,152600,60800,60700,60600,60500,60400,60300,60200,60100,60000,59900,90200,68900,7200,7300,12300,50400,59900,261900,195600,111900,63510,58890,3722300,2272100,0,0,0,0,0,
600063.SH,600063,20251209,93344000,60900,30800,187572,850,0,,,1577700,9572052,61100,60100,60600,60600,61000,61100,61200,61300,61400,61500,61600,61700,61800,61900,268700,167900,232300,79000,125100,287200,25600,111500,152600,100900,60900,60800,60700,60600,60500,60400,60300,60200,60100,60000,7500,90200,68900,7200,7300,12300,50400,59900,261900,195600,63530,58900,3692800,2279600,0,0,0,0,0,
600063.SH,600063,20251209,93347000,60900,16700,101745,860,0,,,1594400,9673797,61100,60100,60600,60600,61000,61100,61200,61300,61400,61500,61600,61700,61800,61900,295800,198900,232300,79000,125100,294600,25600,111500,152600,100900,60800,60700,60600,60500,60400,60300,60200,60100,60000,59900,92100,68900,7200,6800,11500,50400,59900,261900,195600,111900,63490,58890,3758300,2272700,0,0,0,0,0,
600063.SH,600063,20251209,93350000,60800,5900,35911,864,0,,,1600300,9709708,61100,60100,60600,60600,60900,61000,61100,61200,61300,61400,61500,61600,61700,61800,43100,295800,206900,232300,79000,145100,294600,25600,111500,152600,60800,60700,60600,60500,60400,60300,60200,60100,60000,59900,90100,68900,7200,5400,11500,50400,59900,261900,195600,111900,63450,58890,3854400,2269300,0,0,0,0,0,
600063.SH,600063,20251209,93353000,60900,4100,24969,867,0,,,1604400,9734677,61100,60100,60600,60600,60900,61000,61100,61200,61300,61400,61500,61600,61700,61800,41100,299400,207900,232300,79000,145100,294600,25600,111500,152600,60800,60700,60600,60500,60400,60300,60200,60100,60000,59900,90100,68900,7200,5400,11500,50400,59900,261900,195600,111900,63450,58890,3867600,2269300,0,0,0,0,0,
600063.SH,600063,20251209,93356000,60900,7000,42630,870,0,,,1611400,9777307,61100,60100,60600,60600,60900,61000,61100,61200,61300,61400,61500,61600,61700,61800,34200,309100,197900,232300,79000,145100,294600,25600,111500,152600,60800,60700,60600,60500,60400,60300,60200,60100,60000,59900,90100,68900,7200,5400,11500,50400,59900,261900,195600,111900,63450,58890,3861400,2269300,0,0,0,0,0,
600063.SH,600063,20251209,93359000,60800,1600,9728,872,0,,,1613000,9787035,61100,60100,60600,60600,60900,61000,61100,61200,61300,61400,61500,61600,61700,61800,35000,309100,197900,232300,87300,145100,304800,25600,111500,152600,60800,60700,60600,60500,60400,60300,60200,60100,60000,59900,88500,68900,7700,5400,11500,50400,59900,261900,195600,111900,63440,58890,3889100,2268200,0,0,0,0,0,
600063.SH,600063,20251209,93402000,60800,0,0,872,0,,,1613000,9787035,61100,60100,60600,60600,60900,61000,61100,61200,61300,61400,61500,61600,61700,61800,44400,310100,200900,242300,89900,145100,304800,25600,111500,152600,60800,60700,60600,60500,60400,60300,60200,60100,60000,59900,88500,68900,7700,5400,11500,50400,59900,261900,196600,111900,63420,58890,3927500,2269200,0,0,0,0,0,
600063.SH,600063,20251209,93405000,60900,5600,34104,876,0,,,1618600,9821139,61100,60100,60600,60600,60900,61000,61100,61200,61300,61400,61500,61600,61700,61800,47600,310100,202100,242300,89900,140100,304800,25600,111500,152600,60800,60700,60600,60500,60400,60300,60200,60100,60000,59900,88500,68900,8500,5400,11500,50400,59900,261900,196600,111900,63410,58890,3978900,2270000,0,0,0,0,0,
600063.SH,600063,20251209,93408000,60900,0,0,876,0,,,1618600,9821139,61100,60100,60600,60600,60900,61000,61100,61200,61300,61400,61500,61600,61700,61800,50600,325600,202100,243300,89900,146400,304800,25600,111500,154600,60800,60700,60600,60500,60400,60300,60200,60100,60000,59900,88500,68900,8500,5400,11500,50400,59900,261900,196600,111900,63390,58890,4006700,2270000,0,0,0,0,0,
600063.SH,600063,20251209,93411000,60900,0,0,876,0,,,1618600,9821139,61100,60100,60600,60600,60900,61000,61100,61200,61300,61400,61500,61600,61700,61800,52200,325600,202900,243300,89900,146400,304800,28200,111500,154600,60800,60700,60600,60500,60400,60300,60200,60100,60000,59900,88100,68900,9500,5400,11500,50400,59900,261900,196600,111900,63390,58890,4011700,2270600,0,0,0,0,0,
600063.SH,600063,20251209,93414000,60800,100,608,877,0,,,1618700,9821747,61100,60100,60600,60600,60900,61000,61100,61200,61300,61400,61500,61600,61700,61800,79200,325700,202900,243400,91000,146400,304800,29200,111500,155100,60800,60700,60600,60500,60400,60300,60200,60100,60000,59900,88100,68900,9500,5400,11500,52400,59900,261900,196600,111900,63370,58890,4045500,2273400,0,0,0,0,0,
600063.SH,600063,20251209,93417000,60800,2500,15200,881,0,,,1621200,9836947,61100,60100,60600,60600,60900,61000,61100,61200,61300,61400,61500,61600,61700,61800,88900,326700,202900,243400,91000,146400,304800,29200,111500,155100,60800,60700,60600,60500,60400,60300,60200,60100,60000,59900,85600,68900,9500,5400,11500,52400,59900,260800,196600,111900,63360,58890,4067600,2269800,0,0,0,0,0,
600063.SH,600063,20251209,93420000,60800,14800,89998,888,0,,,1636000,9926945,61100,60100,60600,60600,60900,61000,61100,61200,61300,61400,61500,61600,61700,61800,89600,326700,202900,244400,91000,146400,304800,29200,111500,155100,60800,60700,60600,60500,60400,60300,60200,60100,60000,59900,72200,68900,9500,5400,11500,52400,59900,260800,196600,111900,63360,58880,4069800,2256400,0,0,0,0,0,
600063.SH,600063,20251209,93423000,60800,100,608,889,0,,,1636100,9927553,61100,60100,60600,60600,60900,61000,61100,61200,61300,61400,61500,61600,61700,61800,92600,321800,202900,242400,91000,146400,315100,30400,111500,155100,60800,60700,60600,60500,60400,60300,60200,60100,60000,59900,72100,68900,9000,5400,11500,52400,59900,260800,196600,111900,63360,58880,4078900,2256800,0,0,0,0,0,
600063.SH,600063,20251209,93426000,60900,34700,211056,898,0,,,1670800,10138609,61100,60100,60600,60600,60900,61000,61100,61200,61300,61400,61500,61600,61700,61800,86400,321800,202900,242400,91000,146400,315100,30400,111500,156100,60800,60700,60600,60500,60400,60300,60200,60100,60000,59900,45400,68900,9000,5400,11500,52400,59900,260800,196600,111900,63360,58860,4073700,2229800,0,0,0,0,0,
600063.SH,600063,20251209,93429000,61000,97300,592567,941,0,,,1768100,10731176,61100,60100,60600,60600,61000,61100,61200,61300,61400,61500,61600,61700,61800,61900,314600,202900,242400,91200,146400,315100,30400,111500,156100,103300,60900,60800,60700,60600,60500,60400,60300,60200,60100,60000,12600,45900,68900,9000,5400,11500,52400,59900,260800,196600,63420,58870,3983500,2242300,0,0,0,0,0,
600063.SH,600063,20251209,93432000,61000,4100,25005,943,0,,,1772200,10756181,61100,60100,60600,60600,61000,61100,61200,61300,61400,61500,61600,61700,61800,61900,311000,202900,242400,91700,146400,315100,30400,111500,156100,103300,60900,60800,60700,60600,60500,60400,60300,60200,60100,60000,16100,45900,68900,9000,5400,11500,52400,59900,260800,196600,63420,58870,3983500,2245200,0,0,0,0,0,
600063.SH,600063,20251209,93435000,60900,8000,48785,949,0,,,1780200,10804966,61100,60100,60600,60600,61000,61100,61200,61300,61400,61500,61600,61700,61800,61900,304000,202900,242400,91700,136400,315100,30400,111500,156800,103800,60900,60800,60700,60600,60500,60400,60300,60200,60100,60000,2700,45900,68500,9000,5400,11500,52400,59900,260800,196600,63430,58860,3968200,2231200,0,0,0,0,0,
600063.SH,600063,20251209,93438000,61000,1800,10980,950,0,,,1782000,10815946,61100,60100,60600,60600,61000,61100,61200,61300,61400,61500,61600,61700,61800,61900,311100,203900,242400,95700,136400,315100,30400,111500,156800,103800,60900,60800,60700,60600,60500,60400,60300,60200,60100,60000,5800,45900,68500,9000,5400,11500,52400,59900,260800,196600,63420,58860,3980300,2234300,0,0,0,0,0,
600063.SH,600063,20251209,93441000,60900,47600,289884,966,0,,,1829600,11105830,61100,60100,60600,60600,61000,61100,61200,61300,61400,61500,61600,61700,61800,61900,311600,203900,244400,95700,136400,315200,30400,111500,157800,103800,60900,60800,60700,60600,60500,60400,60300,60200,60100,60000,34700,45900,68500,17200,5400,11500,52400,54900,260800,196600,63420,58890,3984900,2266400,0,0,0,0,0,
600063.SH,600063,20251209,93444000,61000,700,4270,967,0,,,1830300,11110100,61100,60100,60600,60600,61000,61100,61200,61300,61400,61500,61600,61700,61800,61900,312200,203900,246400,99700,136400,316200,30400,111500,157800,103800,60900,60800,60700,60600,60500,60400,60300,60200,60100,60000,38900,45900,68500,17200,5400,11500,52400,54900,260800,196600,63420,58890,3992800,2270600,0,0,0,0,0,
600063.SH,600063,20251209,93447000,60900,13000,79170,969,0,,,1843300,11189270,61100,60100,60600,60600,61000,61100,61200,61300,61400,61500,61600,61700,61800,61900,319400,203100,246400,102200,136400,321400,30400,111500,157800,103800,60900,60800,60700,60600,60500,60400,60300,60200,60100,60000,30000,45900,68500,17200,5400,11500,52400,54900,260800,196600,63400,58890,4038900,2264700,0,0,0,0,0,
600063.SH,600063,20251209,93450000,60900,30000,182700,979,0,,,1873300,11371970,61100,60100,60600,60600,60900,61000,61100,61200,61300,61400,61500,61600,61700,61800,300,319400,203100,246400,102200,136400,321400,30400,111500,167800,60800,60700,60600,60500,60400,60300,60200,60100,60000,59900,57300,68500,17200,5400,11500,52400,54900,260800,197600,111900,63400,58870,4057100,2247100,0,0,0,0,0,
600063.SH,600063,20251209,93453000,61000,4900,29886,983,0,,,1878200,11401856,61100,60100,60600,60600,61000,61100,61200,61300,61400,61500,61600,61700,61800,61900,316000,203100,246400,107200,136400,321400,30400,111500,167800,103800,60900,60800,60700,60600,60500,60400,60300,60200,60100,60000,7700,60200,68500,17200,6000,11900,52400,54900,260800,192600,63400,58880,4059700,2253700,0,0,0,0,0,
600063.SH,600063,20251209,93456000,60900,30200,183923,995,0,,,1908400,11585779,61100,60100,60600,60600,60900,61000,61100,61200,61300,61400,61500,61600,61700,61800,7400,303000,202100,246400,127200,136400,321400,31400,111500,167800,60800,60700,60600,60500,60400,60300,60200,60100,60000,59900,57300,68500,17200,6000,11900,52400,54900,260800,192600,111900,63390,58870,4067400,2243100,0,0,0,0,0,
600063.SH,600063,20251209,93459000,60900,6800,41412,1004,0,,,1915200,11627191,61100,60100,60600,60600,60900,61000,61100,61200,61300,61400,61500,61600,61700,61800,600,322000,202100,246400,132200,136400,327400,31400,111500,167800,60800,60700,60600,60500,60400,60300,60200,60100,60000,59900,62800,68500,17200,6000,11900,52400,14100,260800,189400,111900,63370,58850,4107600,2204600,0,0,0,0,0,
600063.SH,600063,20251209,93502000,60900,0,0,1004,0,,,1915200,11627191,61100,60100,60600,60600,60900,61000,61100,61200,61300,61400,61500,61600,61700,61800,600,322000,202100,246400,132200,138400,327400,31400,111500,167800,60800,60700,60600,60500,60400,60300,60200,60100,60000,59900,62800,68500,17200,6000,11900,52400,14100,260800,189400,111900,63390,58850,4142600,2204600,0,0,0,0,0,
600063.SH,600063,20251209,93505000,60900,10700,65163,1009,0,,,1925900,11692354,61100,60100,60600,60600,61000,61100,61200,61300,61400,61500,61600,61700,61800,61900,322000,198500,248400,132200,138400,327400,31400,111500,167800,103800,60900,60800,60700,60600,60500,60400,60300,60200,60100,60000,5300,68400,68500,17200,6000,11900,52400,14100,260800,189400,63390,58860,4146000,2215500,0,0,0,0,0,
600063.SH,600063,20251209,93508000,60900,2000,12180,1010,0,,,1927900,11704534,61100,60100,60600,60600,61000,61100,61200,61300,61400,61500,61600,61700,61800,61900,333500,200500,248400,136200,138400,327400,31400,111500,167800,103800,60900,60800,60700,60600,60500,60400,60300,60200,60100,60000,7400,68400,68500,17200,6000,11900,52400,14100,260000,189400,63380,58860,4183500,2216800,0,0,0,0,0,
600063.SH,600063,20251209,93511000,60900,1200,7308,1013,0,,,1929100,11711842,61100,60100,60600,60600,61000,61100,61200,61300,61400,61500,61600,61700,61800,61900,333800,200500,248400,136200,138400,335400,31400,111500,167800,104800,60900,60800,60700,60600,60500,60400,60300,60200,60100,60000,6200,69000,68500,17200,6000,11900,52400,14100,260000,189400,63380,58860,4192800,2216200,0,0,0,0,0,
600063.SH,600063,20251209,93514000,60900,0,0,1013,0,,,1929100,11711842,61100,60100,60600,60600,61000,61100,61200,61300,61400,61500,61600,61700,61800,61900,337800,200500,248400,136200,138400,337400,31900,111500,167800,104800,60900,60800,60700,60600,60500,60400,60300,60200,60100,60000,6600,69500,68500,17200,6000,11900,52400,14100,260000,189400,63380,58860,4201000,2217100,0,0,0,0,0,
600063.SH,600063,20251209,93517000,61000,7300,44508,1018,0,,,1936400,11756350,61100,60100,60600,60600,61000,61100,61200,61300,61400,61500,61600,61700,61800,61900,338200,200500,248400,136200,136500,337400,42900,111500,167800,104800,60900,60800,60700,60600,60500,60400,60300,60200,60100,60000,5300,69500,68500,17200,6000,11900,52400,25100,260000,184400,63380,58860,4214500,2221800,0,0,0,0,0,
600063.SH,600063,20251209,93520000,61000,0,0,1018,0,,,1936400,11756350,61100,60100,60600,60600,61000,61100,61200,61300,61400,61500,61600,61700,61800,61900,338900,200500,248400,137200,136500,337400,42900,111500,156800,104800,60900,60800,60700,60600,60500,60400,60300,60200,60100,60000,25300,71500,68500,17200,6000,11900,52400,25100,260000,184400,63380,58880,4205200,2243800,0,0,0,0,0,
600063.SH,600063,20251209,93523000,60900,100,609,1019,0,,,1936500,11756959,61100,60100,60600,60600,61000,61100,61200,61300,61400,61500,61600,61700,61800,61900,338900,200500,248400,137200,136500,337400,42900,111500,159800,104800,60900,60800,60700,60600,60500,60400,60300,60200,60100,60000,28700,71500,68500,17200,6000,11900,52400,25100,260000,184400,63380,58890,4209000,2247200,0,0,0,0,0,
600063.SH,600063,20251209,93526000,60900,30600,186354,1035,0,,,1967100,11943313,61100,60100,60600,60600,60900,61000,61100,61200,61300,61400,61500,61600,61700,61800,52300,327400,200500,248400,137200,136500,337400,42900,111500,159800,60800,60700,60600,60500,60400,60300,60200,60100,60000,59900,65200,68500,17200,46800,11900,52400,25100,260000,185400,111900,63350,58880,4250500,2256400,0,0,0,0,0,
600063.SH,600063,20251209,93529000,60800,900,5480,1038,0,,,1968000,11948793,61100,60100,60600,60600,60900,61000,61100,61200,61300,61400,61500,61600,61700,61800,76900,327400,200500,248400,137200,137000,337400,42900,111500,159800,60800,60700,60600,60500,60400,60300,60200,60100,60000,59900,69000,68500,17200,46800,11900,52400,25100,260000,184400,111900,63340,58890,4285400,2259200,0,0,0,0,0,
600063.SH,600063,20251209,93532000,60900,1000,6090,1039,0,,,1969000,11954883,61100,60100,60600,60600,60900,61000,61100,61200,61300,61400,61500,61600,61700,61800,92300,327400,205500,248400,137200,137000,337400,42900,111500,159800,60800,60700,60600,60500,60400,60300,60200,60100,60000,59900,69000,68500,17200,51800,11900,52400,30100,260000,184400,111900,63330,58890,4310800,2269200,0,0,0,0,0,
600063.SH,600063,20251209,93535000,60900,0,0,1039,0,,,1969000,11954883,61100,60100,60600,60600,60900,61000,61100,61200,61300,61400,61500,61600,61700,61800,103700,327400,205500,248400,137200,137000,337400,42900,111500,159800,60800,60700,60600,60500,60400,60300,60200,60100,60000,59900,65300,68500,17200,51800,11900,52400,30100,260000,184400,111900,63320,58890,4322200,2265500,0,0,0,0,0,
600063.SH,600063,20251209,93538000,60900,0,0,1039,0,,,1969000,11954883,61100,60100,60600,60600,60900,61000,61100,61200,61300,61400,61500,61600,61700,61800,111900,327400,205500,255800,137200,137000,337400,42900,111500,159800,60800,60700,60600,60500,60400,60300,60200,60100,60000,59900,70800,68500,18900,51800,11900,52400,30100,260000,184400,111900,63310,58900,4344000,2272700,0,0,0,0,0,
600063.SH,600063,20251209,93541000,60900,0,0,1039,0,,,1969000,11954883,61100,60100,60600,60600,60900,61000,61100,61200,61300,61400,61500,61600,61700,61800,112700,329800,205500,255800,152200,137000,337400,42900,111500,160200,60800,60700,60600,60500,60400,60300,60200,60100,60000,59900,70800,68500,20400,51800,11900,52400,30100,260000,184400,111900,63310,58900,4362600,2274200,0,0,0,0,0,
600063.SH,600063,20251209,93544000,60900,0,0,1039,0,,,1969000,11954883,61100,60100,60600,60600,60900,61000,61100,61200,61300,61400,61500,61600,61700,61800,89100,330900,205500,255800,152200,137000,337400,42900,111500,160200,60800,60700,60600,60500,60400,60300,60200,60100,60000,59900,71100,68500,20400,51800,11900,52400,30100,260000,184400,111900,63320,58900,4340100,2274500,0,0,0,0,0,
600063.SH,600063,20251209,93547000,60900,0,0,1039,0,,,1969000,11954883,61100,60100,60600,60600,60900,61000,61100,61200,61300,61400,61500,61600,61700,61800,91100,329900,205500,255800,152200,137000,337400,43600,111500,160200,60800,60700,60600,60500,60400,60300,60200,60100,60000,59900,71200,68500,20400,51800,11900,52400,30100,270000,184400,111900,63300,58900,4370800,2283400,0,0,0,0,0,
600063.SH,600063,20251209,93550000,60800,18800,114371,1045,0,,,1987800,12069254,61100,60100,60600,60600,60900,61000,61100,61200,61300,61400,61500,61600,61700,61800,86000,327200,207500,255800,152200,137000,364400,43600,111500,160200,60800,60700,60600,60500,60400,60300,60200,60100,60000,59900,64700,68500,20400,51800,11900,52400,30100,270000,189400,111900,63290,58900,4392000,2281900,0,0,0,0,0,
600063.SH,600063,20251209,93553000,60800,28900,175760,1049,0,,,2016700,12245014,61100,60100,60600,60600,60900,61000,61100,61200,61300,61400,61500,61600,61700,61800,80800,325900,207500,255800,152200,137000,364400,43600,111500,160200,60800,60700,60600,60500,60400,60300,60200,60100,60000,59900,37300,69500,20400,51800,11900,52400,30100,270000,189400,111900,63300,58880,4386100,2255500,0,0,0,0,0,
600063.SH,600063,20251209,93556000,60900,1500,9135,1050,0,,,2018200,12254149,61100,60100,60600,60600,60900,61000,61100,61200,61300,61400,61500,61600,61700,61800,79400,325900,207500,256800,152200,138500,364400,43600,111500,160200,60800,60700,60600,60500,60400,60300,60200,60100,60000,59900,46000,69500,20400,51800,11900,52400,30100,270000,189400,111900,63300,58890,4388700,2264200,0,0,0,0,0,
600063.SH,600063,20251209,93559000,60800,1300,7904,1052,0,,,2019500,12262053,61100,60100,60600,60600,60900,61000,61100,61200,61300,61400,61500,61600,61700,61800,81400,325900,207500,256800,152400,138500,364400,43600,111500,160200,60800,60700,60600,60500,60400,60300,60200,60100,60000,59900,46700,69500,20400,51800,11900,52400,30100,270000,189400,111900,63300,58890,4397400,2265600,0,0,0,0,0,
600063.SH,600063,20251209,93602000,60900,5800,35322,1053,0,,,2025300,12297375,61100,60100,60600,60600,60900,61000,61100,61200,61300,61400,61500,61600,61700,61800,104100,325900,207500,256800,152400,138500,364400,43600,111500,160200,60800,60700,60600,60500,60400,60300,60200,60100,60000,59900,46700,69500,20400,51800,11900,52400,30100,270000,189400,111900,63280,58890,4420100,2265600,0,0,0,0,0,
600063.SH,600063,20251209,93605000,60800,1600,9730,1057,0,,,2026900,12307105,61100,60100,60600,60600,60900,61000,61100,61200,61300,61400,61500,61600,61700,61800,118600,327900,207500,256800,152400,138500,364400,43600,111500,160200,60800,60700,60600,60500,60400,60300,60200,60100,60000,59900,55600,69500,20400,51800,11900,52400,30100,270000,189400,111900,63280,58890,4458100,2274500,0,0,0,0,0,
600063.SH,600063,20251209,93608000,60800,100,608,1058,0,,,2027000,12307713,61100,60100,60600,60600,60900,61000,61100,61200,61300,61400,61500,61600,61700,61800,119900,327900,207500,254800,152400,138500,364400,45600,111500,160200,60800,60700,60600,60500,60400,60300,60200,60100,60000,59900,55500,69500,20400,51800,11900,52400,30100,270000,189400,111900,63280,58890,4459400,2274400,0,0,0,0,0,
600063.SH,600063,20251209,93611000,60800,3800,23122,1061,0,,,2030800,12330835,61100,60100,60600,60600,60900,61000,61100,61200,61300,61400,61500,61600,61700,61800,120000,327900,207500,254800,152400,138500,364400,45600,111500,160200,60800,60700,60600,60500,60400,60300,60200,60100,60000,59900,51500,69500,20400,51800,11900,52400,30100,270000,189400,111900,63270,58890,4466000,2270400,0,0,0,0,0,
600063.SH,600063,20251209,93614000,60800,12000,72960,1072,0,,,2042800,12403795,61100,60100,60600,60600,60900,61000,61100,61200,61300,61400,61500,61600,61700,61800,142200,327900,207500,254800,152400,138500,364800,45600,111500,160200,60800,60700,60600,60500,60400,60300,60200,60100,60000,59900,41600,69600,25400,51800,11900,52400,30100,270000,191900,111900,63260,58890,4488600,2268400,0,0,0,0,0,
600063.SH,600063,20251209,93617000,60900,6100,37090,1090,0,,,2048900,12440885,61100,60100,60600,60600,60900,61000,61100,61200,61300,61400,61500,61600,61700,61800,141000,328500,207500,254800,152400,138500,364800,45600,111500,160200,60800,60700,60600,60500,60400,60300,60200,60100,60000,59900,38700,70200,25400,51800,11900,52400,30100,270000,189900,111900,63260,58880,4488000,2264100,0,0,0,0,0,
600063.SH,600063,20251209,93620000,60900,1400,8516,1092,0,,,2050300,12449401,61100,60100,60600,60600,60900,61000,61100,61200,61300,61400,61500,61600,61700,61800,145600,328500,210300,254800,152400,138500,364800,45600,111500,160200,60800,60700,60600,60500,60400,60300,60200,60100,60000,59900,37700,70200,25400,52300,11900,52400,30100,270000,189900,111900,63260,58880,4495600,2263600,0,0,0,0,0,
600063.SH,600063,20251209,93623000,60800,100,608,1093,0,,,2050400,12450009,61100,60100,60600,60600,60900,61000,61100,61200,61300,61400,61500,61600,61700,61800,150900,328500,210300,254800,152400,138500,363800,45600,111500,160200,60800,60700,60600,60500,60400,60300,60200,60100,60000,59900,37800,70200,25400,52800,11900,52400,30100,270000,189900,111900,63260,58880,4501900,2264200,0,0,0,0,0,
600063.SH,600063,20251209,93626000,60900,2800,17052,1095,0,,,2053200,12467061,61100,60100,60600,60600,60900,61000,61100,61200,61300,61400,61500,61600,61700,61800,148000,335800,210300,254800,152400,138500,363800,45600,111500,160200,60800,60700,60600,60500,60400,60300,60200,60100,60000,59900,32800,70200,25400,52300,11900,52400,30100,270000,189900,111900,63260,58880,4506300,2258700,0,0,0,0,0,
600063.SH,600063,20251209,93629000,60900,200,1217,1097,0,,,2053400,12468278,61100,60100,60600,60600,60900,61000,61100,61200,61300,61400,61500,61600,61700,61800,147900,351300,210300,254800,147400,138500,363800,45600,111500,160200,60800,60700,60600,60500,60400,60300,60200,60100,60000,59900,34700,75100,25400,52300,11900,52400,30100,270000,189900,111900,63250,58890,4517000,2265500,0,0,0,0,0,
600063.SH,600063,20251209,93632000,60800,5000,30400,1104,0,,,2058400,12498678,61100,60100,60600,60600,60900,61000,61100,61200,61300,61400,61500,61600,61700,61800,147900,354300,210300,254800,147400,138500,360800,45600,111500,160200,60800,60700,60600,60500,60400,60300,60200,60100,60000,59900,29700,75100,25400,52300,12000,52400,30100,270000,189900,111900,63250,58880,4518000,2260600,0,0,0,0,0,
600063.SH,600063,20251209,93635000,60800,500,3040,1107,0,,,2058900,12501718,61100,60100,60600,60600,60900,61000,61100,61200,61300,61400,61500,61600,61700,61800,151300,354300,210300,254800,147400,138500,360800,45600,111500,160200,60800,60700,60600,60500,60400,60300,60200,60100,60000,59900,32200,75100,25400,55500,12000,52400,30100,270000,189900,111900,63250,58890,4521400,2266300,0,0,0,0,0,
600063.SH,600063,20251209,93638000,60800,39000,237120,1126,0,,,2097900,12738838,61100,60100,60600,60600,60800,60900,61000,61100,61200,61300,61400,61500,61600,61700,7600,157300,354300,210300,254800,147400,138500,361400,45600,111500,60700,60600,60500,60400,60300,60200,60100,60000,59900,59800,75100,25400,55500,12000,52400,30100,270000,189900,111900,108900,63240,58860,4540600,2234100,0,0,0,0,0,
600063.SH,600063,20251209,93641000,60800,4888,29705,1130,0,,,2102788,12768543,61100,60100,60600,60600,60800,60900,61000,61100,61200,61300,61400,61500,61600,61700,34600,154800,354300,211300,254800,147400,138500,362900,45700,111500,60700,60600,60500,60400,60300,60200,60100,60000,59900,59800,73712,25400,55500,110900,52400,30100,270000,189900,111900,108900,63220,58920,4575600,2331612,0,0,0,0,0,
600063.SH,600063,20251209,93644000,60800,0,0,1130,0,,,2102788,12768543,61100,60100,60600,60600,60800,60900,61000,61100,61200,61300,61400,61500,61600,61700,34600,160000,357300,211300,254800,147400,138500,362900,45700,131500,60700,60600,60500,60400,60300,60200,60100,60000,59900,59800,73712,25400,55500,110900,52400,30100,270000,189900,111900,108900,63210,58920,4612800,2331612,0,0,0,0,0,
600063.SH,600063,20251209,93647000,60800,1700,10336,1133,0,,,2104488,12778879,61100,60100,60600,60600,60800,60900,61000,61100,61200,61300,61400,61500,61600,61700,32900,180200,357900,211300,254800,148400,138500,362900,45700,131500,60700,60600,60500,60400,60300,60200,60100,60000,59900,59800,73712,68600,55500,110900,52400,30100,275000,189900,111900,108900,63200,58960,4632900,2379812,0,0,0,0,0,
600063.SH,600063,20251209,93650000,60700,100,607,1134,0,,,2104588,12779486,61100,60100,60600,60600,60800,60900,61000,61100,61200,61300,61400,61500,61600,61700,34900,182100,357900,211300,255800,148400,143500,362900,45700,131500,60700,60600,60500,60400,60300,60200,60100,60000,59900,59800,73612,68600,55500,110900,52400,30100,275000,189900,111900,108900,63200,58950,4644400,2379712,0,0,0,0,0,
600063.SH,600063,20251209,93653000,60700,0,0,1134,0,,,2104588,12779486,61100,60100,60600,60600,60800,60900,61000,61100,61200,61300,61400,61500,61600,61700,35100,182000,358200,211300,255800,148400,143500,362900,45700,131500,60700,60600,60500,60400,60300,60200,60100,60000,59900,59800,73912,68600,55500,110900,52500,30100,275000,189900,111900,108900,63200,58960,4635000,2380112,0,0,0,0,0,
600063.SH,600063,20251209,93656000,60700,0,0,1134,0,,,2104588,12779486,61100,60100,60600,60600,60800,60900,61000,61100,61200,61300,61400,61500,61600,61700,53200,182700,358200,211300,255800,148400,143500,362900,45700,131500,60700,60600,60500,60400,60300,60200,60100,60000,59900,59800,73912,68600,55500,110900,52500,30100,275000,189900,111900,108900,63190,58960,4660000,2380112,0,0,0,0,0,
600063.SH,600063,20251209,93659000,60700,0,0,1134,0,,,2104588,12779486,61100,60100,60600,60600,60800,60900,61000,61100,61200,61300,61400,61500,61600,61700,67000,158200,358200,211300,255800,148400,143500,362900,45700,131500,60700,60600,60500,60400,60300,60200,60100,60000,59900,59800,73912,68600,65600,110900,52500,30100,275000,189900,111900,108900,63190,58960,4649300,2390212,0,0,0,0,0,
600063.SH,600063,20251209,93702000,60700,13400,81338,1138,0,,,2117988,12860824,61100,60100,60600,60600,60800,60900,61000,61100,61200,61300,61400,61500,61600,61700,73400,153000,388200,211300,255800,148400,143500,364200,45700,131500,60700,60600,60500,60400,60300,60200,60100,60000,59900,59800,60512,68600,65600,110900,52500,29400,275000,189900,111900,108900,63180,58950,4682300,2376112,0,0,0,0,0,
600063.SH,600063,20251209,93705000,60700,61012,370343,1150,0,,,2179000,13231167,61100,60100,60600,60600,60700,60800,60900,61000,61100,61200,61300,61400,61500,61600,21888,73400,152000,388200,210800,255800,148200,143800,364200,45700,60600,60500,60400,60300,60200,60100,60000,59900,59800,59700,68600,66100,110900,52500,29400,275000,189900,111900,108900,44100,63170,58910,4743288,2316100,0,0,0,0,0,
600063.SH,600063,20251209,93708000,60700,0,0,1150,0,,,2179000,13231167,61100,60100,60600,60600,60700,60800,60900,61000,61100,61200,61300,61400,61500,61600,21988,76700,152000,388200,215800,255800,148200,143800,364200,45700,60600,60500,60400,60300,60200,60100,60000,59900,59800,59700,72500,66100,110900,52500,29400,275000,189900,111900,108900,44100,63170,58910,4754688,2320000,0,0,0,0,0,
600063.SH,600063,20251209,93711000,60600,1700,10312,1154,0,,,2180700,13241479,61100,60100,60600,60600,60700,60800,60900,61000,61100,61200,61300,61400,61500,61600,13200,76100,152000,339700,215800,255800,148200,143800,364200,45700,60600,60500,60400,60300,60200,60100,60000,59900,59800,59700,76900,66100,110900,52500,29400,275000,189900,111900,108900,44100,63200,58910,4698600,2327400,0,0,0,0,0,
600063.SH,600063,20251209,93714000,60600,1000,6060,1156,0,,,2181700,13247539,61100,60100,60600,60600,60700,60800,60900,61000,61100,61200,61300,61400,61500,61600,13400,76100,152000,339700,215800,255800,148200,142800,364200,45700,60600,60500,60400,60300,60200,60100,60000,59900,59800,59700,70100,66100,110900,52500,29400,275000,189900,111900,108900,44100,63200,58910,4703800,2320600,0,0,0,0,0,
600063.SH,600063,20251209,93717000,60600,0,0,1156,0,,,2181700,13247539,61100,60100,60600,60600,60700,60800,60900,61000,61100,61200,61300,61400,61500,61600,24600,76100,152000,351600,215800,255800,148200,142800,364200,45700,60600,60500,60400,60300,60200,60100,60000,59900,59800,59700,70500,62900,110900,52500,29400,275000,189900,111900,108900,44100,63190,58900,4727200,2312300,0,0,0,0,0,
600063.SH,600063,20251209,93720000,60600,2100,12726,1161,0,,,2183800,13260265,61100,60100,60600,60600,60700,60800,60900,61000,61100,61200,61300,61400,61500,61600,24800,75900,144200,351600,215800,255800,148200,142800,364200,45700,60600,60500,60400,60300,60200,60100,60000,59900,59800,59700,74900,62900,110900,52500,29400,275000,189900,111900,108900,44100,63190,58910,4719400,2316700,0,0,0,0,0,
600063.SH,600063,20251209,93723000,60600,0,0,1161,0,,,2183800,13260265,61100,60100,60600,60600,60700,60800,60900,61000,61100,61200,61300,61400,61500,61600,24800,75900,144200,351600,215800,255800,148200,142800,366200,45700,60600,60500,60400,60300,60200,60100,60000,59900,59800,59700,75300,62900,110900,52500,29400,275000,189900,111900,108900,44100,63190,58910,4721400,2317100,0,0,0,0,0,
600063.SH,600063,20251209,93726000,60600,0,0,1161,0,,,2183800,13260265,61100,60100,60600,60600,60700,60800,60900,61000,61100,61200,61300,61400,61500,61600,24800,75900,144200,351300,215800,285800,148200,142800,366200,45700,60600,60500,60400,60300,60200,60100,60000,59900,59800,59700,75300,62900,110900,52500,29400,275000,221700,111900,108900,44100,63180,58920,4753400,2348900,0,0,0,0,0,
600063.SH,600063,20251209,93729000,60600,0,0,1161,0,,,2183800,13260265,61100,60100,60600,60600,60700,60800,60900,61000,61100,61200,61300,61400,61500,61600,24800,75900,124000,351300,216800,285800,148200,142800,366200,45700,60600,60500,60400,60300,60200,60100,60000,59900,59800,59700,75300,66400,110900,52500,29400,275000,221700,111900,108900,44100,63190,58920,4757200,2352400,0,0,0,0,0,
600063.SH,600063,20251209,93732000,60600,600,3636,1162,0,,,2184400,13263901,61100,60100,60600,60600,60700,60800,60900,61000,61100,61200,61300,61400,61500,61600,24800,75900,124000,351300,216800,285800,148200,143300,366200,45700,60600,60500,60400,60300,60200,60100,60000,59900,59800,59700,75700,66400,114900,52500,29400,275000,221700,115200,108900,44100,63190,58930,4757800,2360100,0,0,0,0,0,
600063.SH,600063,20251209,93735000,60600,300,1818,1163,0,,,2184700,13265719,61100,60100,60600,60600,60700,60800,60900,61000,61100,61200,61300,61400,61500,61600,24800,75900,124000,351300,216800,285800,148200,143300,367200,45700,60600,60500,60400,60300,60200,60100,60000,59900,59800,59700,79400,66400,115000,52500,29400,275000,221700,115200,108900,44100,63190,58930,4758800,2363900,0,0,0,0,0,
600063.SH,600063,20251209,93738000,60600,100,606,1164,0,,,2184800,13266325,61100,60100,60600,60600,60700,60800,60900,61000,61100,61200,61300,61400,61500,61600,24800,75900,124000,356300,216800,285800,148200,143300,367200,45700,60600,60500,60400,60300,60200,60100,60000,59900,59800,59700,79400,66400,115000,52500,29400,276000,221700,115200,108900,44100,63190,58930,4773800,2364900,0,0,0,0,0,
600063.SH,600063,20251209,93741000,60700,100,607,1165,0,,,2184900,13266932,61100,60100,60600,60600,60700,60800,60900,61000,61100,61200,61300,61400,61500,61600,25000,76100,124000,356200,217700,289600,148200,143300,369200,45700,60600,60500,60400,60300,60200,60100,60000,59900,59800,59700,81800,69400,115100,52500,29400,276000,221700,115200,108900,44100,63190,58940,4780800,2370400,0,0,0,0,0,
600063.SH,600063,20251209,93744000,60700,3900,23673,1178,0,,,2188800,13290605,61100,60100,60600,60600,60700,60800,60900,61000,61100,61200,61300,61400,61500,61600,20000,76100,124000,356200,217700,289600,148200,143300,370200,45700,60600,60500,60400,60300,60200,60100,60000,59900,59800,59700,175600,70400,115100,52500,29400,276500,221700,115200,108900,44100,63190,59000,4776800,2465700,0,0,0,0,0,
600063.SH,600063,20251209,93747000,60700,39900,242193,1252,0,,,2228700,13532798,61100,60100,60600,60600,60800,60900,61000,61100,61200,61300,61400,61500,61600,61700,76100,151600,356200,217700,289600,149200,143300,370200,45700,131500,60700,60600,60500,60400,60300,60200,60100,60000,59900,59800,7800,179300,71600,135100,51700,29400,276500,221700,115200,108900,63190,59020,4785400,2497600,0,0,0,0,0,
600063.SH,600063,20251209,93750000,60800,600,3648,1254,0,,,2229300,13536446,61100,60100,60600,60600,60800,60900,61000,61100,61200,61300,61400,61500,61600,61700,75600,151600,356200,217700,289600,149200,143300,370200,45700,131500,60700,60600,60500,60400,60300,60200,60100,60000,59900,59800,2200,180800,71600,135100,51700,29400,276500,221700,115200,108900,63190,59020,4784400,2495500,0,0,0,0,0,
600063.SH,600063,20251209,93753000,60800,0,0,1254,0,,,2229300,13536446,61100,60100,60600,60600,60800,60900,61000,61100,61200,61300,61400,61500,61600,61700,76600,151600,355200,217700,289600,149200,143300,370200,45700,131500,60700,60600,60500,60400,60300,60200,60100,60000,59900,59800,2800,180800,71600,135100,51700,29400,276500,221700,115200,108900,63190,59020,4789400,2496100,0,0,0,0,0,
600063.SH,600063,20251209,93756000,60800,0,0,1254,0,,,2229300,13536446,61100,60100,60600,60600,60800,60900,61000,61100,61200,61300,61400,61500,61600,61700,76600,156600,355200,217700,289600,149200,143300,370200,45700,132100,60700,60600,60500,60400,60300,60200,60100,60000,59900,59800,2800,180800,71600,138200,51700,29400,283600,221700,115200,108900,63190,59020,4795000,2503800,0,0,0,0,0,
600063.SH,600063,20251209,93759000,60800,0,0,1254,0,,,2229300,13536446,61100,60100,60600,60600,60800,60900,61000,61100,61200,61300,61400,61500,61600,61700,76600,156600,355200,217700,289600,149200,143300,370200,45700,132100,60700,60600,60500,60400,60300,60200,60100,60000,59900,59800,3300,180800,71600,138200,51700,29400,283600,221700,115200,109400,63190,59020,4795000,2504800,0,0,0,0,0,
600063.SH,600063,20251209,93802000,60800,500,3040,1255,0,,,2229800,13539486,61100,60100,60600,60600,60800,60900,61000,61100,61200,61300,61400,61500,61600,61700,76100,156600,355200,217700,295100,149200,143300,370200,45700,132100,60700,60600,60500,60400,60300,60200,60100,60000,59900,59800,3300,180800,71600,138200,51700,29400,283600,221700,115200,109400,63180,59020,4801700,2504800,0,0,0,0,0,
600063.SH,600063,20251209,93805000,60800,0,0,1255,0,,,2229800,13539486,61100,60100,60600,60600,60800,60900,61000,61100,61200,61300,61400,61500,61600,61700,66300,156600,355200,217700,295600,149200,143300,370200,45700,132100,60700,60600,60500,60400,60300,60200,60100,60000,59900,59800,3700,187800,71600,138200,51700,29400,283600,221700,115200,109400,63190,59030,4792400,2512200,0,0,0,0,0,
600063.SH,600063,20251209,93808000,60800,2000,12160,1261,0,,,2231800,13551646,61100,60100,60600,60600,60800,60900,61000,61100,61200,61300,61400,61500,61600,61700,72100,156600,355200,217700,295600,149200,143300,368200,45700,132100,60700,60600,60500,60400,60300,60200,60100,60000,59900,59800,4300,187400,71600,138200,51700,29400,251600,221700,115200,111900,63190,59010,4796200,2483700,0,0,0,0,0,
600063.SH,600063,20251209,93811000,60800,7600,46208,1262,0,,,2239400,13597854,61100,60100,60600,60600,60800,60900,61000,61100,61200,61300,61400,61500,61600,61700,65000,156600,355200,217700,295700,149200,143300,368200,45700,132100,60700,60600,60500,60400,60300,60200,60100,60000,59900,59800,9500,187400,71600,138200,53700,29400,251600,221700,115200,111900,63190,59020,4790700,2491900,0,0,0,0,0,
600063.SH,600063,20251209,93814000,60800,2500,15200,1264,0,,,2241900,13613054,61100,60100,60600,60600,60800,60900,61000,61100,61200,61300,61400,61500,61600,61700,62500,156600,355200,217700,295700,149200,143300,368200,45700,132100,60700,60600,60500,60400,60300,60200,60100,60000,59900,59800,14500,182300,71600,138100,53700,29400,251600,221700,115200,111900,63190,59020,4788200,2491700,0,0,0,0,0,
600063.SH,600063,20251209,93817000,60800,0,0,1264,0,,,2241900,13613054,61100,60100,60600,60600,60800,60900,61000,61100,61200,61300,61400,61500,61600,61700,65600,151400,355200,218100,345700,149200,143300,368200,45700,132100,60700,60600,60500,60400,60300,60200,60100,60000,59900,59800,18500,178800,71600,138100,53700,29400,251600,223700,115200,111900,63170,59020,4836700,2494200,0,0,0,0,0,
600063.SH,600063,20251209,93820000,60800,500,3040,1265,0,,,2242400,13616094,61100,60100,60600,60600,60800,60900,61000,61100,61200,61300,61400,61500,61600,61700,76700,151400,355200,218100,345700,149200,143300,368200,45700,132100,60700,60600,60500,60400,60300,60200,60100,60000,59900,59800,21400,178400,71600,138200,53700,29400,251600,223700,115200,111900,63170,59020,4850800,2496800,0,0,0,0,0,
600063.SH,600063,20251209,93823000,60700,1200,7284,1270,0,,,2243600,13623378,61100,60100,60600,60600,60800,60900,61000,61100,61200,61300,61400,61500,61600,61700,77800,151500,323900,218100,345700,148200,143300,369300,45700,132100,60700,60600,60500,60400,60300,60200,60100,60000,59900,59800,20200,178400,71600,138200,53700,29400,252100,223700,115200,111900,63180,59020,4822900,2496100,0,0,0,0,0,
600063.SH,600063,20251209,93826000,60700,100,607,1271,0,,,2243700,13623985,61100,60100,60600,60600,60800,60900,61000,61100,61200,61300,61400,61500,61600,61700,78000,152500,323900,218100,345700,148200,143300,369300,45700,132100,60700,60600,60500,60400,60300,60200,60100,60000,59900,59800,20100,178400,71600,138200,53700,29400,252100,223700,115200,111900,63180,59020,4824100,2496000,0,0,0,0,0,
600063.SH,600063,20251209,93829000,60700,3800,23066,1284,0,,,2247500,13647051,61100,60100,60600,60600,60800,60900,61000,61100,61200,61300,61400,61500,61600,61700,78000,153500,322800,218100,347200,148200,143300,369300,45700,132100,60700,60600,60500,60400,60300,60200,60100,60000,59900,59800,20300,178400,68100,138200,53700,29400,252100,223700,115200,111900,63180,59020,4835500,2492800,0,0,0,0,0,
600063.SH,600063,20251209,93832000,60700,2900,17603,1287,0,,,2250400,13664654,61100,60100,60600,60600,60800,60900,61000,61100,61200,61300,61400,61500,61600,61700,78700,155700,322800,218100,347200,148200,143300,369300,45700,132100,60700,60600,60500,60400,60300,60200,60100,60000,59900,59800,17400,178400,67600,138200,53700,31200,252100,223700,115200,111900,63180,59020,4841400,2491200,0,0,0,0,0,
600063.SH,600063,20251209,93835000,60700,26800,162676,1382,0,,,2277200,13827330,61100,60100,60600,60600,60800,60900,61000,61100,61200,61300,61400,61500,61600,61700,78700,155700,322800,218100,347200,148200,143300,369300,45700,132100,60700,60600,60500,60400,60300,60200,60100,60000,59900,59800,1300,178400,67600,138200,59400,31200,252100,223700,115200,111900,63180,59010,4841400,2480800,0,0,0,0,0,
600063.SH,600063,20251209,93838000,60700,600,3642,1385,0,,,2277800,13830972,61100,60100,60600,60600,60800,60900,61000,61100,61200,61300,61400,61500,61600,61700,79300,155700,322800,218100,347200,150200,143300,369300,45700,132100,60700,60600,60500,60400,60300,60200,60100,60000,59900,59800,800,178400,70600,138200,59400,31200,252100,223700,115200,111900,63180,59010,4844600,2483200,0,0,0,0,0,
600063.SH,600063,20251209,93841000,60700,22100,134147,1438,0,,,2299900,13965119,61100,60100,60600,60600,60700,60800,60900,61000,61100,61200,61300,61400,61500,61600,12100,80300,155700,322800,213100,347200,150200,143300,369300,45700,60600,60500,60400,60300,60200,60100,60000,59900,59800,59700,178400,70600,138200,59400,31200,252100,223700,115200,111500,44900,63180,59010,4852700,2482000,0,0,0,0,0,
600063.SH,600063,20251209,93844000,60700,8400,50988,1460,0,,,2308300,14016107,61100,60100,60600,60600,60700,60800,60900,61000,61100,61200,61300,61400,61500,61600,6500,80300,155700,322800,213100,347200,150200,143300,369300,45700,60600,60500,60400,60300,60200,60100,60000,59900,59800,59700,183300,70600,138200,59400,31200,252100,224700,115200,111500,44900,63180,59010,4847100,2487900,0,0,0,0,0,
600063.SH,600063,20251209,93847000,60700,1600,9712,1466,0,,,2309900,14025819,61100,60100,60600,60600,60700,60800,60900,61000,61100,61200,61300,61400,61500,61600,4900,80300,155700,322800,213100,347200,150200,143300,369300,45700,60600,60500,60400,60300,60200,60100,60000,59900,59800,59700,186600,71500,138200,59400,31200,252100,224900,115200,111500,44900,63180,59020,4845500,2492300,0,0,0,0,0,
600063.SH,600063,20251209,93850000,60600,1500,9104,1468,0,,,2311400,14034923,61100,60100,60600,60600,60700,60800,60900,61000,61100,61200,61300,61400,61500,61600,3800,81600,155700,327800,213100,348200,150200,141800,369300,45700,60600,60500,60400,60300,60200,60100,60000,59900,59800,59700,187100,71500,138200,59400,31200,252100,224900,115200,111500,44900,63180,59020,4860200,2492800,0,0,0,0,0,
600063.SH,600063,20251209,93853000,60700,2700,16389,1474,0,,,2314100,14051312,61100,60100,60600,60600,60700,60800,60900,61000,61100,61200,61300,61400,61500,61600,1100,81600,155700,326300,213100,348200,148800,141800,369300,45700,60600,60500,60400,60300,60200,60100,60000,59900,59800,59700,187300,71500,138200,59400,31200,252100,224900,115200,111500,44900,63190,59020,4854600,2493000,0,0,0,0,0,
600063.SH,600063,20251209,93856000,60700,0,0,1474,0,,,2314100,14051312,61100,60100,60600,60600,60700,60800,60900,61000,61100,61200,61300,61400,61500,61600,1300,81600,155700,326300,213100,348200,148800,141800,369300,46200,60600,60500,60400,60300,60200,60100,60000,59900,59800,59700,187300,71500,138200,59400,31200,252100,225100,115200,111500,44900,63230,59020,4923200,2493200,0,0,0,0,0,
600063.SH,600063,20251209,93859000,60700,100,607,1475,0,,,2314200,14051919,61100,60100,60600,60600,60700,60800,60900,61000,61100,61200,61300,61400,61500,61600,2500,81600,165800,326300,213100,348200,148800,141800,380800,46200,60600,60500,60400,60300,60200,60100,60000,59900,59800,59700,187300,71500,138200,59400,31200,252100,225100,115200,111500,46900,63220,59020,4946000,2495200,0,0,0,0,0,
600063.SH,600063,20251209,93902000,60700,200,1214,1477,0,,,2314400,14053133,61100,60100,60600,60600,60700,60800,60900,61000,61100,61200,61300,61400,61500,61600,2800,81600,165800,326300,214500,348200,147600,141800,380800,46200,60600,60500,60400,60300,60200,60100,60000,59900,59800,59700,187300,71500,138200,59400,31200,252100,225100,115200,111500,46900,63220,59020,4946500,2495200,0,0,0,0,0,
600063.SH,600063,20251209,93905000,60700,1100,6677,1484,0,,,2315500,14059810,61100,60100,60600,60600,60700,60800,60900,61000,61100,61200,61300,61400,61500,61600,15100,81600,165800,326300,214500,348200,147600,141800,380800,46200,60600,60500,60400,60300,60200,60100,60000,59900,59800,59700,187300,73200,138200,59400,31200,252100,225100,115200,111500,46900,63220,59020,4958800,2496900,0,0,0,0,0,
600063.SH,600063,20251209,93908000,60600,600,3636,1485,0,,,2316100,14063446,61100,60100,60600,60600,60700,60800,60900,61000,61100,61200,61300,61400,61500,61600,25000,81600,166300,326300,214500,348200,147600,139900,380800,46200,60600,60500,60400,60300,60200,60100,60000,59900,59800,59700,186900,73200,138200,59400,31200,252100,225100,115200,111500,46900,63210,59020,4969300,2496500,0,0,0,0,0,
600063.SH,600063,20251209,93911000,60600,0,0,1485,0,,,2316100,14063446,61100,60100,60600,60600,60700,60800,60900,61000,61100,61200,61300,61400,61500,61600,27900,81600,166300,326300,214500,348200,147600,139900,380800,46200,60600,60500,60400,60300,60200,60100,60000,59900,59800,59700,187900,76800,138200,59400,31200,252100,225100,115200,107600,46900,63210,59020,4972200,2497200,0,0,0,0,0,
600063.SH,600063,20251209,93914000,60700,27900,169353,1491,0,,,2344000,14232799,61100,60100,60600,60600,60800,60900,61000,61100,61200,61300,61400,61500,61600,61700,81600,167500,331100,214500,348200,147600,139900,380800,46200,132100,60700,60600,60500,60400,60300,60200,60100,60000,59900,59800,4900,187900,76800,138200,59400,31200,252100,225100,115200,107600,63220,59020,4950300,2502100,0,0,0,0,0,
600063.SH,600063,20251209,93917000,60800,4400,26741,1494,0,,,2348400,14259540,61100,60100,60600,60600,60800,60900,61000,61100,61200,61300,61400,61500,61600,61700,78400,167500,331100,212200,348200,147600,139900,380800,46200,132100,60700,60600,60500,60400,60300,60200,60100,60000,59900,59800,9200,185500,76800,138200,59400,31200,252800,225100,115200,107600,63220,59020,4945000,2504700,0,0,0,0,0,
600063.SH,600063,20251209,93920000,60700,50000,303500,1507,0,,,2398400,14563040,61100,60100,60600,60600,60800,60900,61000,61100,61200,61300,61400,61500,61600,61700,78400,166500,332600,212200,348200,147600,139900,380800,46200,132100,60700,60600,60500,60400,60300,60200,60100,60000,59900,59800,15500,187500,76800,138200,59400,31200,249800,225100,115200,107600,63220,59030,4955500,2510000,0,0,0,0,0,
