万得代码,交易所代码,自然日,时间,委托编号,交易所委托号,委托类型,委托代码,委托价格,委托数量,
600063.SH,600063,20251209,91400370,0,0,S,I,0,0,
600063.SH,600063,20251209,91501870,0,2610,A,S,61400,2000,
600063.SH,600063,20251209,91501910,0,3850,A,S,61900,2000,
600063.SH,600063,20251209,91501910,0,3851,A,B,59800,2000,
600063.SH,600063,20251209,91501910,0,3924,A,B,60000,2000,
600063.SH,600063,20251209,91502560,0,6494,A,B,56700,600,
600063.SH,600063,20251209,91502560,0,6940,A,S,63000,4000,
600063.SH,600063,20251209,91502620,0,7295,A,S,62900,1000,
600063.SH,600063,20251209,91502620,0,7701,A,S,66700,600,
600063.SH,600063,20251209,91502620,0,7708,A,S,66700,400,
600063.SH,600063,20251209,91502620,0,8370,A,B,58700,600,
600063.SH,600063,20251209,91502750,0,8760,A,S,61200,2000,
600063.SH,600063,20251209,91502750,0,10298,A,S,66600,300,
600063.SH,600063,20251209,91502880,0,11757,A,S,65200,3900,
600063.SH,600063,20251209,91502880,0,12233,A,B,57500,100,
600063.SH,600063,20251209,91503030,0,13256,A,S,62600,1400,
600063.SH,600063,20251209,91503030,0,13480,A,S,63300,21400,
600063.SH,600063,20251209,91503160,0,15439,A,B,60000,2000,
600063.SH,600063,20251209,91503160,0,15440,A,B,59800,2000,
600063.SH,600063,20251209,91503160,0,15524,A,S,62200,2000,
600063.SH,600063,20251209,91503280,0,16652,A,S,61800,2000,
600063.SH,600063,20251209,91503340,0,17443,A,S,62100,14900,
600063.SH,600063,20251209,91503340,0,18762,A,S,64900,2000,
600063.SH,600063,20251209,91503340,0,18822,A,S,65900,2000,
600063.SH,600063,20251209,91503460,0,19489,A,S,65000,500,
600063.SH,600063,20251209,91503460,0,20563,A,B,57000,2000,
600063.SH,600063,20251209,91503460,0,20732,A,S,66700,2000,
600063.SH,600063,20251209,91503460,0,20944,A,S,65000,800,
600063.SH,600063,20251209,91503590,0,21386,A,S,65900,30000,
600063.SH,600063,20251209,91503590,0,21428,A,S,61000,1700,
600063.SH,600063,20251209,91503590,0,22054,A,S,64800,500,
600063.SH,600063,20251209,91503590,0,22061,A,S,61800,1000,
600063.SH,600063,20251209,91503590,0,22069,A,S,66600,900,
600063.SH,600063,20251209,91503590,0,22079,A,S,63000,2000,
600063.SH,600063,20251209,91503590,0,22088,A,S,64200,3000,
600063.SH,600063,20251209,91503590,0,22096,A,S,65400,4000,
600063.SH,600063,20251209,91503590,0,22397,A,S,66700,2000,
600063.SH,600063,20251209,91503590,0,22848,A,S,66700,700,
600063.SH,600063,20251209,91503750,0,25185,A,S,60700,1100,
600063.SH,600063,20251209,91503750,0,25222,A,S,60700,1100,
600063.SH,600063,20251209,91503870,0,25824,A,S,63900,200,
600063.SH,600063,20251209,91503870,0,26152,A,S,66600,800,
600063.SH,600063,20251209,91503870,0,26175,A,S,60600,100,
600063.SH,600063,20251209,91504000,0,28991,A,S,66700,100,
600063.SH,600063,20251209,91504130,0,29790,A,S,62800,1400,
600063.SH,600063,20251209,91504130,0,30139,A,B,60000,100,
600063.SH,600063,20251209,91504130,0,30930,A,S,62100,14500,
600063.SH,600063,20251209,91504260,0,31566,A,S,66600,40000,
600063.SH,600063,20251209,91504260,0,32927,A,S,62500,500,
600063.SH,600063,20251209,91504260,0,32932,A,S,63000,500,
600063.SH,600063,20251209,91504260,0,32955,A,S,63500,500,
600063.SH,600063,20251209,91504260,0,32956,A,S,64000,500,
600063.SH,600063,20251209,91504260,0,32975,A,S,64500,500,
600063.SH,600063,20251209,91504260,0,32996,A,S,65000,500,
600063.SH,600063,20251209,91504260,0,33080,A,S,65500,500,
600063.SH,600063,20251209,91504260,0,33135,A,S,66000,500,
600063.SH,600063,20251209,91504260,0,33136,A,S,66500,500,
600063.SH,600063,20251209,91504380,0,33290,A,B,57000,500,
600063.SH,600063,20251209,91504380,0,33291,A,B,56500,500,
600063.SH,600063,20251209,91504380,0,33292,A,B,56000,500,
600063.SH,600063,20251209,91504380,0,33326,A,B,55500,500,
600063.SH,600063,20251209,91504380,0,33327,A,B,55000,500,
600063.SH,600063,20251209,91504380,0,33475,A,S,63000,300,
600063.SH,600063,20251209,91504380,0,33485,A,S,65000,300,
600063.SH,600063,20251209,91504380,0,33486,A,B,59000,300,
600063.SH,600063,20251209,91504380,0,33499,A,B,57000,300,
600063.SH,600063,20251209,91504380,0,34130,A,S,66700,2400,
600063.SH,600063,20251209,91504660,0,37539,A,S,66500,500,
600063.SH,600063,20251209,91504720,0,38344,A,S,66700,100,
600063.SH,600063,20251209,91504720,0,38453,A,S,66700,2000,
600063.SH,600063,20251209,91504720,0,38699,A,S,61400,5000,
600063.SH,600063,20251209,91504720,0,38731,A,B,59200,5000,
600063.SH,600063,20251209,91504790,0,39325,A,B,54900,18200,
600063.SH,600063,20251209,91504790,0,40171,A,B,59000,600,
600063.SH,600063,20251209,91504790,0,40408,A,S,66600,10900,
600063.SH,600063,20251209,91504790,0,40423,A,B,58600,8600,
600063.SH,600063,20251209,91504940,0,41657,A,S,61500,15000,
600063.SH,600063,20251209,91504940,0,41662,A,S,62000,15000,
600063.SH,600063,20251209,91504940,0,41663,A,S,61800,15000,
600063.SH,600063,20251209,91504940,0,41985,A,B,54500,2000,
600063.SH,600063,20251209,91505060,0,43369,A,S,66700,800,
600063.SH,600063,20251209,91505060,0,44664,A,S,66600,400,
600063.SH,600063,20251209,91505250,0,45251,A,S,66600,600,
600063.SH,600063,20251209,91505250,0,45647,A,B,57500,200,
600063.SH,600063,20251209,91505250,0,46041,A,S,61600,1000,
600063.SH,600063,20251209,91505250,0,46090,A,S,61700,1000,
600063.SH,600063,20251209,91505250,0,46104,A,S,61800,1000,
600063.SH,600063,20251209,91505250,0,46120,A,S,61900,1000,
600063.SH,600063,20251209,91505250,0,46162,A,S,62000,1000,
600063.SH,600063,20251209,91505250,0,46201,A,S,62100,1000,
600063.SH,600063,20251209,91505250,0,46214,A,S,62200,1000,
600063.SH,600063,20251209,91505250,0,46234,A,S,62300,1000,
600063.SH,600063,20251209,91505250,0,46322,A,S,62400,1000,
600063.SH,600063,20251209,91505250,0,46361,A,S,62500,1000,
600063.SH,600063,20251209,91505250,0,46396,A,S,62600,1000,
600063.SH,600063,20251209,91505250,0,46397,A,S,62700,1000,
600063.SH,600063,20251209,91505250,0,46409,A,S,62800,1000,
600063.SH,600063,20251209,91505250,0,46591,A,S,62900,1000,
600063.SH,600063,20251209,91505250,0,46609,A,S,63000,1000,
600063.SH,600063,20251209,91505250,0,46627,A,S,63100,1000,
600063.SH,600063,20251209,91505250,0,46628,A,S,63200,1000,
600063.SH,600063,20251209,91505250,0,46646,A,S,63300,1000,
600063.SH,600063,20251209,91505250,0,46647,A,S,63400,1000,
600063.SH,600063,20251209,91505250,0,46720,A,S,63500,1000,
600063.SH,600063,20251209,91505250,0,46735,A,S,63600,1000,
600063.SH,600063,20251209,91505250,0,46736,A,S,63700,1000,
600063.SH,600063,20251209,91505250,0,46748,A,S,63800,1000,
600063.SH,600063,20251209,91505250,0,46765,A,S,63900,1000,
600063.SH,600063,20251209,91505250,0,46782,A,S,64000,1000,
600063.SH,600063,20251209,91505250,0,46783,A,S,64100,1000,
600063.SH,600063,20251209,91505250,0,46784,A,S,64200,1000,
600063.SH,600063,20251209,91505250,0,46801,A,S,64300,1000,
600063.SH,600063,20251209,91505250,0,46826,A,S,64400,1000,
600063.SH,600063,20251209,91505250,0,46827,A,S,64500,1000,
600063.SH,600063,20251209,91505250,0,46844,A,S,64600,1000,
600063.SH,600063,20251209,91505250,0,46845,A,S,64700,1000,
600063.SH,600063,20251209,91505250,0,46862,A,S,64800,1000,
600063.SH,600063,20251209,91505250,0,46880,A,S,64900,1000,
600063.SH,600063,20251209,91505250,0,46881,A,S,65000,1000,
600063.SH,600063,20251209,91505250,0,46898,A,S,65100,1000,
600063.SH,600063,20251209,91505250,0,46916,A,S,65200,1000,
600063.SH,600063,20251209,91505250,0,46917,A,S,65300,1000,
600063.SH,600063,20251209,91505250,0,46931,A,S,65400,1000,
600063.SH,600063,20251209,91505250,0,46932,A,S,65500,1000,
600063.SH,600063,20251209,91505250,0,46947,A,S,65600,1000,
600063.SH,600063,20251209,91505250,0,46958,A,S,65700,1000,
600063.SH,600063,20251209,91505250,0,46972,A,S,65800,1000,
600063.SH,600063,20251209,91505250,0,46973,A,S,65900,1000,
600063.SH,600063,20251209,91505250,0,46984,A,S,66000,1000,
600063.SH,600063,20251209,91505250,0,46993,A,S,66100,1000,
600063.SH,600063,20251209,91505250,0,47012,A,S,66200,1000,
600063.SH,600063,20251209,91505250,0,47013,A,S,66300,1000,
600063.SH,600063,20251209,91505250,0,47028,A,S,66400,1000,
600063.SH,600063,20251209,91505250,0,47040,A,S,66500,1000,
600063.SH,600063,20251209,91505250,0,47073,A,S,66600,1000,
600063.SH,600063,20251209,91505250,0,47074,A,S,66700,1000,
600063.SH,600063,20251209,91505390,0,48007,A,S,62100,6100,
600063.SH,600063,20251209,91505390,0,48008,A,S,64900,7700,
600063.SH,600063,20251209,91505390,0,48032,A,S,65900,10000,
600063.SH,600063,20251209,91505390,0,48548,A,S,63600,3200,
600063.SH,600063,20251209,91505390,0,48584,A,S,66600,6400,
600063.SH,600063,20251209,91505390,0,48883,A,S,62300,2500,
600063.SH,600063,20251209,91505530,0,49368,A,S,65500,24800,
600063.SH,600063,20251209,91505530,0,50577,A,B,59900,3300,
600063.SH,600063,20251209,91505660,0,51429,A,S,62400,200,
600063.SH,600063,20251209,91505660,0,51432,A,S,63800,200,
600063.SH,600063,20251209,91505660,0,51772,A,B,58600,3500,
600063.SH,600063,20251209,91505660,0,51773,A,S,61800,1800,
600063.SH,600063,20251209,91505660,0,51997,A,B,60500,1000,
600063.SH,600063,20251209,91505660,0,52146,A,S,66600,100,
600063.SH,600063,20251209,91505770,0,53035,A,S,66600,6300,
600063.SH,600063,20251209,91505770,0,53209,A,B,60200,28400,
600063.SH,600063,20251209,91505910,0,55072,A,S,61900,5000,
600063.SH,600063,20251209,91505910,0,55218,A,B,57500,100,
600063.SH,600063,20251209,91506060,0,56912,A,S,66700,4000,
600063.SH,600063,20251209,91506060,0,57253,A,S,65800,2000,
600063.SH,600063,20251209,91506210,0,59360,A,B,58000,1000,
600063.SH,600063,20251209,91506210,0,59662,A,S,66500,200,
600063.SH,600063,20251209,91506210,0,59688,A,S,66700,2000,
600063.SH,600063,20251209,91506210,0,60138,A,B,59700,3300,
600063.SH,600063,20251209,91506350,0,60615,A,S,66600,1600,
600063.SH,600063,20251209,91506350,0,60672,A,B,59800,1000,
600063.SH,600063,20251209,91506350,0,61917,A,S,66700,3000,
600063.SH,600063,20251209,91506350,0,62072,A,S,61700,2000,
600063.SH,600063,20251209,91506350,0,62073,A,S,62300,2000,
600063.SH,600063,20251209,91506490,0,62696,A,S,61500,10000,
600063.SH,600063,20251209,91506490,0,62701,A,S,62000,10000,
600063.SH,600063,20251209,91506490,0,62709,A,S,66600,20000,
600063.SH,600063,20251209,91506490,0,62915,A,S,66700,4500,
600063.SH,600063,20251209,91506490,0,62951,A,S,66500,5000,
600063.SH,600063,20251209,91506490,0,63110,A,S,65000,2000,
600063.SH,600063,20251209,91506490,0,64181,A,B,59100,800,
600063.SH,600063,20251209,91506490,0,64211,A,S,61400,800,
600063.SH,600063,20251209,91506660,0,64889,A,B,55200,6300,
600063.SH,600063,20251209,91506660,0,65485,A,S,66600,1100,
600063.SH,600063,20251209,91506660,0,66038,A,S,65500,4000,
600063.SH,600063,20251209,91506810,0,66634,A,S,61500,1000,
600063.SH,600063,20251209,91506810,0,66791,A,S,66000,5000,
600063.SH,600063,20251209,91506990,0,67891,A,S,62500,500,
600063.SH,600063,20251209,91506990,0,68396,A,S,61600,7100,
600063.SH,600063,20251209,91506990,0,68943,A,S,63300,18500,
600063.SH,600063,20251209,91506990,0,68954,A,S,65900,20000,
600063.SH,600063,20251209,91507100,0,69857,A,S,62900,600,
600063.SH,600063,20251209,91507100,0,69872,A,S,63900,600,
600063.SH,600063,20251209,91507100,0,69879,A,S,64900,600,
600063.SH,600063,20251209,91507100,0,69945,A,S,65900,600,
600063.SH,600063,20251209,91507100,0,69947,A,S,66400,8000,
600063.SH,600063,20251209,91507100,0,69955,A,S,66700,600,
600063.SH,600063,20251209,91507100,0,69974,A,B,56100,700,
600063.SH,600063,20251209,91507100,0,69985,A,B,55100,700,
600063.SH,600063,20251209,91507100,0,70245,A,S,62300,2000,
600063.SH,600063,20251209,91507100,0,70320,A,S,66700,300,
600063.SH,600063,20251209,91507100,0,70822,A,S,61600,300,
600063.SH,600063,20251209,91507100,0,71144,A,S,66600,3100,
600063.SH,600063,20251209,91507100,0,71170,A,S,65000,1600,
600063.SH,600063,20251209,91507240,0,71844,A,B,59800,1200,
600063.SH,600063,20251209,91507390,0,73541,A,S,61500,2000,
600063.SH,600063,20251209,91507390,0,73546,A,S,66700,5100,
600063.SH,600063,20251209,91507390,0,73701,A,S,63700,300,
600063.SH,600063,20251209,91507390,0,73702,A,S,66700,400,
600063.SH,600063,20251209,91507390,0,74339,A,S,62500,100,
600063.SH,600063,20251209,91507390,0,74341,A,S,63000,100,
600063.SH,600063,20251209,91507390,0,74344,A,S,63500,100,
600063.SH,600063,20251209,91507390,0,74970,A,S,66600,800,
600063.SH,600063,20251209,91507390,0,74999,A,S,63000,400,
600063.SH,600063,20251209,91507560,0,76074,A,B,57100,3200,
600063.SH,600063,20251209,91507560,0,76662,A,S,61400,1900,
600063.SH,600063,20251209,91507700,0,77382,A,B,60100,20000,
600063.SH,600063,20251209,91507700,0,77412,A,B,58000,500,
600063.SH,600063,20251209,91507700,0,77482,A,S,61700,500,
600063.SH,600063,20251209,91507700,0,78208,A,S,66600,3100,
600063.SH,600063,20251209,91507700,0,78303,A,S,66700,100,
600063.SH,600063,20251209,91507700,0,78731,A,S,63900,1000,
600063.SH,600063,20251209,91507860,0,79806,A,S,66700,100,
600063.SH,600063,20251209,91507860,0,80291,A,S,62200,5100,
600063.SH,600063,20251209,91507860,0,80782,A,B,59800,5000,
600063.SH,600063,20251209,91507860,0,81226,A,S,61500,18000,
600063.SH,600063,20251209,91508000,0,81667,A,S,62000,9000,
600063.SH,600063,20251209,91508000,0,81691,A,S,63000,1700,
600063.SH,600063,20251209,91508000,0,81715,A,S,65300,4000,
600063.SH,600063,20251209,91508000,0,81772,A,S,61800,9000,
600063.SH,600063,20251209,91508120,0,83854,A,S,61800,2000,
600063.SH,600063,20251209,91508120,0,83986,A,B,58600,20000,
600063.SH,600063,20251209,91508260,0,84670,A,S,66700,2000,
600063.SH,600063,20251209,91508260,0,84826,A,S,62000,2000,
600063.SH,600063,20251209,91508260,0,85172,A,S,60800,300,
600063.SH,600063,20251209,91508590,0,87383,A,B,59100,500,
600063.SH,600063,20251209,91508620,0,87613,A,S,62800,600,
600063.SH,600063,20251209,91508620,0,87661,A,S,66300,400,
600063.SH,600063,20251209,91508620,0,87851,A,S,63500,1600,
600063.SH,600063,20251209,91508620,0,87963,A,B,58500,500,
600063.SH,600063,20251209,91508620,0,87965,A,B,57500,500,
600063.SH,600063,20251209,91508620,0,87975,A,B,55100,1000,
600063.SH,600063,20251209,91508620,0,88011,A,B,58800,500,
600063.SH,600063,20251209,91508620,0,88013,A,B,56600,500,
600063.SH,600063,20251209,91508620,0,88016,A,B,54600,1000,
600063.SH,600063,20251209,91508620,0,88227,A,S,64300,400,
600063.SH,600063,20251209,91508700,0,88378,A,S,64200,200,
600063.SH,600063,20251209,91508810,0,89563,A,S,62800,700,
600063.SH,600063,20251209,91508950,0,90278,A,S,62900,500,
600063.SH,600063,20251209,91508950,0,90279,A,S,64900,1000,
600063.SH,600063,20251209,91509200,0,91887,A,S,61800,500,
600063.SH,600063,20251209,91509290,0,92263,A,S,61900,500,
600063.SH,600063,20251209,91509290,0,92266,A,S,63900,500,
600063.SH,600063,20251209,91509320,0,92443,A,B,56800,20000,
600063.SH,600063,20251209,91509320,0,92457,A,S,66700,10000,
600063.SH,600063,20251209,91509390,0,93243,A,S,61400,45000,
600063.SH,600063,20251209,91509520,0,94058,A,S,66700,5000,
600063.SH,600063,20251209,91509540,0,94196,A,S,61000,5000,
600063.SH,600063,20251209,91509540,0,94474,A,S,64800,500,
600063.SH,600063,20251209,91509590,0,94556,A,B,59600,500,
600063.SH,600063,20251209,91509590,0,94611,A,S,66600,20000,
600063.SH,600063,20251209,91509590,0,95031,A,S,62500,500,
600063.SH,600063,20251209,91509590,0,95107,A,S,63000,500,
600063.SH,600063,20251209,91509650,0,95281,A,S,63500,500,
600063.SH,600063,20251209,91509650,0,95286,A,S,64000,500,
600063.SH,600063,20251209,91509650,0,95287,A,S,64500,500,
600063.SH,600063,20251209,91509650,0,95292,A,S,65000,500,
600063.SH,600063,20251209,91509650,0,95352,A,S,65500,500,
600063.SH,600063,20251209,91509650,0,95353,A,S,66000,500,
600063.SH,600063,20251209,91509650,0,95354,A,S,66500,500,
600063.SH,600063,20251209,91509650,0,95355,A,B,57000,500,
600063.SH,600063,20251209,91509650,0,95356,A,B,56500,500,
600063.SH,600063,20251209,91509650,0,95357,A,B,56000,500,
600063.SH,600063,20251209,91509770,0,95511,A,S,65100,1000,
600063.SH,600063,20251209,91509770,0,95621,A,B,56100,1000,
600063.SH,600063,20251209,91509840,0,96596,A,B,55500,500,
600063.SH,600063,20251209,91509840,0,96599,A,B,55000,500,
600063.SH,600063,20251209,91509840,0,96603,A,B,54500,500,
600063.SH,600063,20251209,91510020,0,97582,A,S,66700,2000,
600063.SH,600063,20251209,91510020,0,97960,A,S,66600,2000,
600063.SH,600063,20251209,91510020,0,97995,A,S,61200,5000,
600063.SH,600063,20251209,91510120,0,98295,A,S,66000,100,
600063.SH,600063,20251209,91510290,0,99131,A,S,66700,1000,
600063.SH,600063,20251209,91510320,0,100205,A,S,66700,1000,
600063.SH,600063,20251209,91510320,0,101206,A,B,60000,20000,
600063.SH,600063,20251209,91510530,0,102569,A,S,64000,100,
600063.SH,600063,20251209,91510530,0,102570,A,S,64500,100,
600063.SH,600063,20251209,91510530,0,102594,A,S,65000,200,
600063.SH,600063,20251209,91510530,0,102595,A,S,66000,200,
600063.SH,600063,20251209,91510530,0,102596,A,S,66700,1100,
600063.SH,600063,20251209,91510770,0,104784,A,B,60000,10000,
600063.SH,600063,20251209,91510770,0,105828,A,S,62400,8100,
600063.SH,600063,20251209,91510770,0,105870,A,S,66700,100,
600063.SH,600063,20251209,91510770,0,106166,A,S,66700,600,
600063.SH,600063,20251209,91510770,0,106205,A,S,60900,30300,
600063.SH,600063,20251209,91510910,0,107336,A,S,63000,200,
600063.SH,600063,20251209,91511080,0,109028,A,S,63000,5000,
600063.SH,600063,20251209,91511080,0,109781,A,S,66600,1500,
600063.SH,600063,20251209,91511250,0,111969,A,S,64200,17000,
600063.SH,600063,20251209,91511250,0,111970,A,S,62000,3400,
600063.SH,600063,20251209,91511430,0,112633,A,S,61200,10000,
600063.SH,600063,20251209,91511430,0,113008,A,B,60600,400,
600063.SH,600063,20251209,91511430,0,113954,A,S,62000,100,
600063.SH,600063,20251209,91511430,0,114351,A,B,60000,5000,
600063.SH,600063,20251209,91511430,0,114364,A,B,60700,200,
600063.SH,600063,20251209,91511600,0,114609,A,B,59700,3000,
600063.SH,600063,20251209,91511760,0,117133,A,S,60900,5000,
600063.SH,600063,20251209,91511760,0,117135,A,S,60900,5000,
600063.SH,600063,20251209,91511760,0,117372,A,B,58000,500,
600063.SH,600063,20251209,91511760,0,117377,A,B,55600,500,
600063.SH,600063,20251209,91511760,0,117378,A,B,58300,500,
600063.SH,600063,20251209,91511930,0,118845,A,S,64000,100,
600063.SH,600063,20251209,91511930,0,119198,A,S,66000,500,
600063.SH,600063,20251209,91512100,0,120417,A,B,54500,1000,
600063.SH,600063,20251209,91512100,0,120895,A,S,63400,1200,
600063.SH,600063,20251209,91512250,0,123035,A,S,66700,1000,
600063.SH,600063,20251209,91512250,0,123501,A,S,61400,500,
600063.SH,600063,20251209,91512250,0,123502,A,S,62400,500,
600063.SH,600063,20251209,91512250,0,123533,A,S,63400,500,
600063.SH,600063,20251209,91512250,0,123657,A,S,65100,5000,
600063.SH,600063,20251209,91512250,0,124107,A,B,56800,200,
600063.SH,600063,20251209,91512250,0,124221,A,S,66500,200,
600063.SH,600063,20251209,91512430,0,124459,A,S,61800,40000,
600063.SH,600063,20251209,91512430,0,124998,A,S,66600,800,
600063.SH,600063,20251209,91512430,0,125051,A,S,66700,500,
600063.SH,600063,20251209,91512430,0,125108,A,B,60100,8000,
600063.SH,600063,20251209,91512430,0,125589,A,B,60000,2000,
600063.SH,600063,20251209,91512780,0,128538,A,S,60600,100,
600063.SH,600063,20251209,91512780,0,129022,A,S,65400,5000,
600063.SH,600063,20251209,91512780,0,129023,A,S,66600,4000,
600063.SH,600063,20251209,91512780,0,129106,A,B,59800,5000,
600063.SH,600063,20251209,91512990,0,130024,A,S,62200,5000,
600063.SH,600063,20251209,91512990,0,130612,A,B,56000,600,
600063.SH,600063,20251209,91513160,0,132314,A,S,61600,3000,
600063.SH,600063,20251209,91513210,0,132507,A,B,60200,500,
600063.SH,600063,20251209,91513210,0,134154,A,B,58100,200,
600063.SH,600063,20251209,91513500,0,136052,A,S,61300,10000,
600063.SH,600063,20251209,91513500,0,136848,A,S,61500,500,
600063.SH,600063,20251209,91513500,0,137124,A,S,62500,400,
600063.SH,600063,20251209,91513500,0,137126,A,S,66700,400,
600063.SH,600063,20251209,91513660,0,137360,A,B,59900,200,
600063.SH,600063,20251209,91513660,0,138586,A,S,62000,400,
600063.SH,600063,20251209,91513660,0,138590,A,S,66700,2300,
600063.SH,600063,20251209,91513850,0,140144,A,S,66700,1000,
600063.SH,600063,20251209,91513850,0,140305,A,S,66700,2000,
600063.SH,600063,20251209,91514040,0,141382,A,B,57800,794900,
600063.SH,600063,20251209,91514040,0,141887,A,S,66700,100,
600063.SH,600063,20251209,91514040,0,142125,A,S,63200,1800,
600063.SH,600063,20251209,91514160,0,143725,A,S,63200,4900,
600063.SH,600063,20251209,91514160,0,143785,A,S,66700,1500,
600063.SH,600063,20251209,91514160,0,143851,A,S,65600,1000,
600063.SH,600063,20251209,91514160,0,143869,A,S,63000,300,
600063.SH,600063,20251209,91514160,0,143887,A,S,62000,200,
600063.SH,600063,20251209,91514160,0,144378,A,S,61800,400,
600063.SH,600063,20251209,91514310,0,144537,A,S,66600,5300,
600063.SH,600063,20251209,91514310,0,144696,A,S,62300,500,
600063.SH,600063,20251209,91514310,0,145293,A,S,60200,3100,
600063.SH,600063,20251209,91514310,0,145512,A,S,61700,1000,
600063.SH,600063,20251209,91514310,0,145519,A,S,66700,300,
600063.SH,600063,20251209,91514310,0,145860,A,B,57200,800,
600063.SH,600063,20251209,91514500,0,146890,A,S,61200,3000,
600063.SH,600063,20251209,91514500,0,146962,A,S,61600,1000,
600063.SH,600063,20251209,91514500,0,147527,A,B,59800,900,
600063.SH,600063,20251209,91514500,0,147658,A,S,66600,18000,
600063.SH,600063,20251209,91514500,0,148120,A,S,65500,8000,
600063.SH,600063,20251209,91514670,0,149462,A,B,59400,2200,
600063.SH,600063,20251209,91514670,0,150109,A,B,59300,500,
600063.SH,600063,20251209,91514670,0,150149,A,B,60700,200,
600063.SH,600063,20251209,91514670,0,150256,A,B,57000,1000,
600063.SH,600063,20251209,91514850,0,150370,A,S,63200,1800,
600063.SH,600063,20251209,91514850,0,151519,A,S,63500,25000,
600063.SH,600063,20251209,91514850,0,151719,A,S,62800,5400,
600063.SH,600063,20251209,91514850,0,151844,A,S,66000,29400,
600063.SH,600063,20251209,91514850,0,151848,A,S,65900,2000,
600063.SH,600063,20251209,91514850,0,152084,A,B,55500,6400,
600063.SH,600063,20251209,91515040,0,153654,A,B,60100,600,
600063.SH,600063,20251209,91515260,0,154320,A,S,61500,20000,
600063.SH,600063,20251209,91515260,0,154510,A,B,59200,300,
600063.SH,600063,20251209,91515260,0,155449,A,B,60500,3000,
600063.SH,600063,20251209,91515260,0,156219,A,S,63000,1000,
600063.SH,600063,20251209,91515430,0,156226,A,B,58500,1000,
600063.SH,600063,20251209,91515430,0,156970,A,B,56200,1000,
600063.SH,600063,20251209,91515430,0,157014,A,S,66000,1500,
600063.SH,600063,20251209,91515770,0,160017,A,S,62000,5000,
600063.SH,600063,20251209,91515770,0,160042,A,S,65000,3900,
600063.SH,600063,20251209,91515770,0,160599,A,B,59000,7000,
600063.SH,600063,20251209,91515770,0,160600,A,S,66000,1200,
600063.SH,600063,20251209,91515770,0,160959,A,S,60600,100,
600063.SH,600063,20251209,91516100,0,163385,A,S,61400,4300,
600063.SH,600063,20251209,91516100,0,163638,A,B,66700,200,
600063.SH,600063,20251209,91516100,0,163745,A,S,66700,1000,
600063.SH,600063,20251209,91516100,0,164571,A,S,65300,2500,
600063.SH,600063,20251209,91516100,0,164814,A,S,63000,1000,
600063.SH,600063,20251209,91516100,0,164817,A,S,65000,1000,
600063.SH,600063,20251209,91516100,0,165055,A,S,61800,10000,
600063.SH,600063,20251209,91516290,0,165925,A,S,63000,20000,
600063.SH,600063,20251209,91516500,0,167224,A,S,62800,5000,
600063.SH,600063,20251209,91516500,0,167231,A,S,61800,3000,
600063.SH,600063,20251209,91516500,0,167244,A,S,64000,3400,
600063.SH,600063,20251209,91516500,0,167249,A,S,61200,7800,
600063.SH,600063,20251209,91516500,0,167262,A,S,61200,42200,
600063.SH,600063,20251209,91516500,0,167663,A,S,62100,1000,
600063.SH,600063,20251209,91516570,0,167684,A,B,56700,100,
600063.SH,600063,20251209,91516570,0,168290,A,S,62600,300,
600063.SH,600063,20251209,91516570,0,168337,A,B,59100,300,
600063.SH,600063,20251209,91516570,0,169466,A,S,64200,40000,
600063.SH,600063,20251209,91516570,0,169471,A,S,65400,80000,
600063.SH,600063,20251209,91516750,0,169633,A,S,66600,110000,
600063.SH,600063,20251209,91516800,0,170900,A,B,56000,1000,
600063.SH,600063,20251209,91516800,0,170988,A,B,60200,1000,
600063.SH,600063,20251209,91516800,0,170996,A,S,66700,10000,
600063.SH,600063,20251209,91516800,0,171546,A,S,66000,2000,
600063.SH,600063,20251209,91517170,0,174905,A,S,64400,10700,
600063.SH,600063,20251209,91517350,0,175783,A,S,64900,300,
600063.SH,600063,20251209,91517520,0,177696,A,S,63200,1700,
600063.SH,600063,20251209,91517520,0,178804,A,B,59700,3000,
600063.SH,600063,20251209,91517520,0,179025,A,B,55000,18200,
600063.SH,600063,20251209,91517710,0,179252,A,B,55000,300,
600063.SH,600063,20251209,91517710,0,179573,A,S,64900,200,
600063.SH,600063,20251209,91517710,0,179893,A,S,66700,500,
600063.SH,600063,20251209,91517710,0,180189,A,S,66700,200,
600063.SH,600063,20251209,91517890,0,182444,A,S,61700,600,
600063.SH,600063,20251209,91517890,0,182453,A,S,62700,1000,
600063.SH,600063,20251209,91518090,0,183619,A,S,66400,100,
600063.SH,600063,20251209,91518090,0,184114,A,S,61300,1600,
600063.SH,600063,20251209,91518090,0,184170,A,S,61500,1600,
600063.SH,600063,20251209,91518090,0,184268,A,S,61900,3400,
600063.SH,600063,20251209,91518250,0,185198,A,S,66700,2000,
600063.SH,600063,20251209,91518340,0,185456,A,S,64000,10000,
600063.SH,600063,20251209,91518340,0,185606,A,B,56400,10700,
600063.SH,600063,20251209,91518340,0,186761,A,S,65600,10000,
600063.SH,600063,20251209,91518340,0,186835,A,S,65000,500,
600063.SH,600063,20251209,91518520,0,188111,A,S,60600,2000,
600063.SH,600063,20251209,91518630,0,188649,A,S,61800,2300,
600063.SH,600063,20251209,91518630,0,189510,A,S,65000,400,
600063.SH,600063,20251209,91518830,0,190665,A,S,61400,600,
600063.SH,600063,20251209,91519030,0,192449,A,S,64900,1500,
600063.SH,600063,20251209,91519030,0,192452,A,S,65900,2000,
600063.SH,600063,20251209,91519110,0,193284,A,S,61900,1000,
600063.SH,600063,20251209,91519110,0,193520,A,S,62200,1500,
600063.SH,600063,20251209,91519110,0,193798,A,S,66700,100,
600063.SH,600063,20251209,91519110,0,193865,A,B,58000,100,
600063.SH,600063,20251209,91519300,0,195112,A,S,63000,700,
600063.SH,600063,20251209,91519300,0,195242,A,S,62000,1600,
600063.SH,600063,20251209,91519300,0,195973,A,B,60100,15000,
600063.SH,600063,20251209,91519500,0,196705,A,S,66600,700,
600063.SH,600063,20251209,91519500,0,198062,A,B,59500,5000,
600063.SH,600063,20251209,91519500,0,198103,A,B,58700,600,
600063.SH,600063,20251209,91519690,0,198909,A,S,60800,1100,
600063.SH,600063,20251209,91519690,0,199052,A,S,63200,2700,
600063.SH,600063,20251209,91519690,0,199142,A,S,60800,1100,
600063.SH,600063,20251209,91519690,0,199597,A,S,61200,2600,
600063.SH,600063,20251209,91519690,0,199599,A,S,61400,2700,
600063.SH,600063,20251209,91519890,0,201017,A,S,54500,1100,
600063.SH,600063,20251209,91519890,0,201241,A,S,62900,8300,
600063.SH,600063,20251209,91519890,0,202034,A,S,66600,1000,
600063.SH,600063,20251209,91520080,0,203326,A,S,66600,500,
600063.SH,600063,20251209,91520080,0,203533,A,B,60500,3000,
600063.SH,600063,20251209,91520080,0,203538,A,B,60200,5000,
600063.SH,600063,20251209,91520080,0,203801,A,S,61000,100,
600063.SH,600063,20251209,91520080,0,203930,A,S,61500,100,
600063.SH,600063,20251209,91520080,0,203931,A,S,62000,100,
600063.SH,600063,20251209,91520080,0,203961,A,S,62500,100,
600063.SH,600063,20251209,91520080,0,203967,A,S,63000,100,
600063.SH,600063,20251209,91520080,0,203992,A,S,63500,100,
600063.SH,600063,20251209,91520080,0,203993,A,S,64000,100,
600063.SH,600063,20251209,91520080,0,203994,A,S,64500,100,
600063.SH,600063,20251209,91520080,0,204025,A,S,65000,200,
600063.SH,600063,20251209,91520080,0,204047,A,S,66000,200,
600063.SH,600063,20251209,91520080,0,204055,A,S,66700,1100,
600063.SH,600063,20251209,91520080,0,204225,A,B,59200,4500,
600063.SH,600063,20251209,91520340,0,204366,A,S,62400,3000,
600063.SH,600063,20251209,91520380,0,205988,A,S,66700,500,
600063.SH,600063,20251209,91520380,0,53209,D,B,60200,28400,
600063.SH,600063,20251209,91521140,0,212114,A,S,64500,800,
600063.SH,600063,20251209,91521140,0,212247,A,S,61500,500,
600063.SH,600063,20251209,91521320,0,213694,A,S,66700,4000,
600063.SH,600063,20251209,91521320,0,213994,A,S,65900,1800,
600063.SH,600063,20251209,91521420,0,214517,A,S,64500,4000,
600063.SH,600063,20251209,91521420,0,214806,A,B,59500,1000,
600063.SH,600063,20251209,91521420,0,214815,A,S,61200,1000,
600063.SH,600063,20251209,91521420,0,214817,A,S,61800,3000,
600063.SH,600063,20251209,91521420,0,214818,A,S,62600,3000,
600063.SH,600063,20251209,91521420,0,214827,A,S,62200,3000,
600063.SH,600063,20251209,91521420,0,214929,A,B,59100,1000,
600063.SH,600063,20251209,91521420,0,215322,A,S,66000,6800,
600063.SH,600063,20251209,91521420,0,215425,A,B,57800,2000,
600063.SH,600063,20251209,91521420,0,215722,A,S,62700,300,
600063.SH,600063,20251209,91521420,0,216001,A,B,59800,1000,
600063.SH,600063,20251209,91521420,0,216046,A,B,57200,1000,
600063.SH,600063,20251209,91521420,0,216133,A,S,66600,400,
600063.SH,600063,20251209,91521600,0,217396,A,S,66700,1500,
600063.SH,600063,20251209,91521600,0,217628,A,B,60500,500,
600063.SH,600063,20251209,91521600,0,218018,A,B,54500,3100,
600063.SH,600063,20251209,91521790,0,220009,A,S,64800,500,
600063.SH,600063,20251209,91521980,0,220436,A,S,64900,5000,
600063.SH,600063,20251209,91521980,0,220952,A,B,55000,200,
600063.SH,600063,20251209,91522150,0,222634,A,B,54500,300,
600063.SH,600063,20251209,91522150,0,222645,A,S,64000,100,
600063.SH,600063,20251209,91522150,0,222646,A,S,66700,200,
600063.SH,600063,20251209,91522150,0,222905,A,S,60900,500,
600063.SH,600063,20251209,91522150,0,222912,A,B,60500,500,
600063.SH,600063,20251209,91522150,0,222990,A,B,54500,300,
600063.SH,600063,20251209,91522150,0,223122,A,B,59900,5000,
600063.SH,600063,20251209,91522150,0,223336,A,B,59300,5000,
600063.SH,600063,20251209,91522150,0,223525,A,S,66700,400,
600063.SH,600063,20251209,91522410,0,224273,A,S,66000,12600,
600063.SH,600063,20251209,91522570,0,224911,A,S,64800,500,
600063.SH,600063,20251209,91522570,0,225112,A,S,63900,200,
600063.SH,600063,20251209,91522760,0,226853,A,S,61600,1000,
600063.SH,600063,20251209,91522820,0,227413,A,S,65000,1000,
600063.SH,600063,20251209,91522820,0,227999,A,S,66700,2000,
600063.SH,600063,20251209,91522820,0,228280,A,B,59000,500,
600063.SH,600063,20251209,91522820,0,228398,A,S,63500,700,
600063.SH,600063,20251209,91522820,0,228548,A,S,66600,3000,
600063.SH,600063,20251209,91523010,0,229100,A,B,59500,300,
600063.SH,600063,20251209,91523140,0,230341,A,B,57000,1000,
600063.SH,600063,20251209,91523340,0,101206,D,B,60000,20000,
600063.SH,600063,20251209,91523340,0,233159,A,S,66500,300,
600063.SH,600063,20251209,91523690,0,235338,A,S,66200,3000,
600063.SH,600063,20251209,91523690,0,235429,A,S,61000,600,
600063.SH,600063,20251209,91523960,0,237447,A,S,62200,1000,
600063.SH,600063,20251209,91523960,0,237526,A,S,66000,1200,
600063.SH,600063,20251209,91524050,0,238408,A,S,66700,1000,
600063.SH,600063,20251209,91524050,0,239326,A,B,60600,1000,
600063.SH,600063,20251209,91524050,0,239326,D,B,60600,1000,
600063.SH,600063,20251209,91524490,0,241670,A,B,60200,800,
600063.SH,600063,20251209,91524490,0,241985,A,S,61200,5000,
600063.SH,600063,20251209,91533510,0,245942,A,B,60500,100,
600063.SH,600063,20251209,91538510,0,247231,A,B,59000,300,
600063.SH,600063,20251209,91543130,0,248545,A,S,61900,2500,
600063.SH,600063,20251209,91543130,0,248547,A,B,58900,2500,
600063.SH,600063,20251209,91547460,0,249812,A,B,60200,500,
600063.SH,600063,20251209,91549020,0,250176,A,B,60300,100,
600063.SH,600063,20251209,91554420,0,251605,A,B,58700,300,
600063.SH,600063,20251209,91555240,0,251870,A,B,59800,20000,
600063.SH,600063,20251209,91559470,0,253003,A,S,63300,4000,
600063.SH,600063,20251209,91600410,0,253296,A,B,60500,2000,
600063.SH,600063,20251209,91604170,0,254498,A,S,62100,100,
600063.SH,600063,20251209,91604170,0,254500,A,B,59700,100,
600063.SH,600063,20251209,91610270,0,255991,A,B,66700,3700,
600063.SH,600063,20251209,91617140,0,256869,A,S,62500,400,
600063.SH,600063,20251209,91617250,0,256889,A,S,66000,2000,
600063.SH,600063,20251209,91618890,0,257106,A,S,61900,2700,
600063.SH,600063,20251209,91621120,0,257431,A,S,66700,2200,
600063.SH,600063,20251209,91622370,0,257596,A,B,59900,500,
600063.SH,600063,20251209,91624980,0,257920,A,S,61800,1000,
600063.SH,600063,20251209,91630680,0,258786,A,S,66700,5600,
600063.SH,600063,20251209,91634880,0,259496,A,B,59500,200,
600063.SH,600063,20251209,91637860,0,259949,A,S,61200,2000,
600063.SH,600063,20251209,91638440,0,260025,A,B,60000,2700,
600063.SH,600063,20251209,91640110,0,260249,A,B,60000,50000,
600063.SH,600063,20251209,91642040,0,260523,A,B,59900,3000,
600063.SH,600063,20251209,91656210,0,262572,A,B,59800,1000,
600063.SH,600063,20251209,91702190,0,263616,A,B,60300,500,
600063.SH,600063,20251209,91702580,0,263686,A,B,60000,2000,
600063.SH,600063,20251209,91703240,0,263792,A,S,61200,2000,
600063.SH,600063,20251209,91711390,0,265102,A,S,66700,8000,
600063.SH,600063,20251209,91714070,0,265557,A,S,61900,2300,
600063.SH,600063,20251209,91714340,0,265603,A,B,60100,4000,
600063.SH,600063,20251209,91723000,0,267038,A,B,60100,500,
600063.SH,600063,20251209,91727980,0,267903,A,S,62900,3000,
600063.SH,600063,20251209,91739490,0,269840,A,S,60600,300,
600063.SH,600063,20251209,91742190,0,270336,A,S,62900,2400,
600063.SH,600063,20251209,91748080,0,271327,A,S,63900,3000,
600063.SH,600063,20251209,91748950,0,271466,A,S,66500,5000,
600063.SH,600063,20251209,91749950,0,271652,A,B,60200,500,
600063.SH,600063,20251209,91750740,0,271792,A,S,66500,500,
600063.SH,600063,20251209,91750740,0,271793,A,S,66700,100,
600063.SH,600063,20251209,91751070,0,271851,A,B,59000,2000,
600063.SH,600063,20251209,91754840,0,272532,A,B,56000,2000,
600063.SH,600063,20251209,91802390,0,273907,A,S,62600,100,
600063.SH,600063,20251209,91806430,0,274617,A,S,61000,5000,
600063.SH,600063,20251209,91811090,0,275507,A,S,60800,10000,
600063.SH,600063,20251209,91814500,0,276191,A,S,61800,10000,
600063.SH,600063,20251209,91814500,0,276193,A,S,66700,5000,
600063.SH,600063,20251209,91815930,0,276470,A,S,61200,1700,
600063.SH,600063,20251209,91817610,0,276770,A,S,61500,1000,
600063.SH,600063,20251209,91818810,0,276993,A,S,65200,2000,
600063.SH,600063,20251209,91824430,0,277977,A,S,61500,2500,
600063.SH,600063,20251209,91826860,0,278447,A,B,60000,200,
600063.SH,600063,20251209,91827390,0,278550,A,S,61900,10000,
600063.SH,600063,20251209,91833620,0,279707,A,B,54500,5000,
600063.SH,600063,20251209,91841530,0,281142,A,S,62200,2000,
600063.SH,600063,20251209,91843680,0,281531,A,B,60000,10000,
600063.SH,600063,20251209,91847690,0,282272,A,B,60000,600,
600063.SH,600063,20251209,91901260,0,284861,A,S,66700,1000,
600063.SH,600063,20251209,91912630,0,287174,A,S,63500,5000,
600063.SH,600063,20251209,91919570,0,288545,A,S,66600,30000,
600063.SH,600063,20251209,91924860,0,289591,A,S,62300,4100,
600063.SH,600063,20251209,91929870,0,290621,A,S,60600,100,
600063.SH,600063,20251209,91931680,0,290975,A,S,66000,500,
600063.SH,600063,20251209,91948120,0,294295,A,S,66700,1000,
600063.SH,600063,20251209,91956070,0,296043,A,S,65000,500,
600063.SH,600063,20251209,91958960,0,296724,A,B,60500,1000,
600063.SH,600063,20251209,92006940,0,299020,A,S,61500,1000,
600063.SH,600063,20251209,92008510,0,299377,A,S,62600,10000,
600063.SH,600063,20251209,92011440,0,300108,A,B,55000,10000,
600063.SH,600063,20251209,92011470,0,300114,A,B,59900,3900,
600063.SH,600063,20251209,92012250,0,300286,A,S,66700,3000,
600063.SH,600063,20251209,92015110,0,300908,A,S,61500,45000,
600063.SH,600063,20251209,92015110,0,300910,A,B,60000,1000,
600063.SH,600063,20251209,92018640,0,301714,A,S,61200,700,
600063.SH,600063,20251209,92022280,0,302456,A,B,59600,600,
600063.SH,600063,20251209,92024160,0,302898,A,S,66700,1000,
600063.SH,600063,20251209,92029900,0,304289,A,S,62300,1000,
600063.SH,600063,20251209,92034030,0,305293,A,B,60000,100,
600063.SH,600063,20251209,92037000,0,305988,A,S,61600,500,
600063.SH,600063,20251209,92039410,0,306528,A,S,61400,1900,
600063.SH,600063,20251209,92045550,0,307887,A,S,60600,100,
600063.SH,600063,20251209,92048580,0,308577,A,S,61300,10000,
600063.SH,600063,20251209,92048720,0,308614,A,S,61200,1500,
600063.SH,600063,20251209,92054280,0,309935,A,S,63800,500,
600063.SH,600063,20251209,92054700,0,310060,A,S,66000,200,
600063.SH,600063,20251209,92055660,0,310314,A,B,59900,4000,
600063.SH,600063,20251209,92058290,0,310978,A,S,62600,2000,
600063.SH,600063,20251209,92058790,0,311102,A,S,61900,1500,
600063.SH,600063,20251209,92059790,0,311311,A,S,60800,3600,
600063.SH,600063,20251209,92100630,0,311524,A,S,61500,10000,
600063.SH,600063,20251209,92103030,0,312144,A,S,60600,5000,
600063.SH,600063,20251209,92105280,0,312765,A,S,62900,1500,
600063.SH,600063,20251209,92106290,0,313080,A,B,59000,10000,
600063.SH,600063,20251209,92106390,0,313099,A,B,66700,100,
600063.SH,600063,20251209,92110880,0,314215,A,S,66600,500,
600063.SH,600063,20251209,92111170,0,314304,A,S,65000,200,
600063.SH,600063,20251209,92111520,0,314397,A,S,60600,3000,
600063.SH,600063,20251209,92115630,0,315367,A,S,66700,9000,
600063.SH,600063,20251209,92116370,0,315530,A,S,66700,10000,
600063.SH,600063,20251209,92121250,0,316786,A,S,66600,3200,
600063.SH,600063,20251209,92122130,0,317016,A,B,60000,5000,
600063.SH,600063,20251209,92122610,0,317148,A,B,60000,20000,
600063.SH,600063,20251209,92123700,0,317424,A,S,61200,22500,
600063.SH,600063,20251209,92131040,0,319216,A,S,62600,1000,
600063.SH,600063,20251209,92133140,0,319724,A,B,59500,10000,
600063.SH,600063,20251209,92134190,0,320007,A,B,59800,5000,
600063.SH,600063,20251209,92137630,0,320918,A,B,59700,2800,
600063.SH,600063,20251209,92138000,0,321001,A,B,60900,5000,
600063.SH,600063,20251209,92139630,0,321428,A,B,66700,100,
600063.SH,600063,20251209,92146060,0,323098,A,S,61000,1100,
600063.SH,600063,20251209,92146090,0,323106,A,B,60000,2500,
600063.SH,600063,20251209,92151580,0,324522,A,S,62000,1000,
600063.SH,600063,20251209,92154890,0,325439,A,B,60100,600,
600063.SH,600063,20251209,92159540,0,326733,A,S,61300,1000,
600063.SH,600063,20251209,92200510,0,327042,A,B,60600,2000,
600063.SH,600063,20251209,92211580,0,330218,A,B,60600,2000,
600063.SH,600063,20251209,92212920,0,330548,A,B,54500,200,
600063.SH,600063,20251209,92216910,0,331713,A,B,60000,300,
600063.SH,600063,20251209,92220130,0,332611,A,B,59500,700,
600063.SH,600063,20251209,92228070,0,334927,A,S,63000,1000,
600063.SH,600063,20251209,92228130,0,334945,A,S,61500,1000,
600063.SH,600063,20251209,92231640,0,335979,A,S,63000,1100,
600063.SH,600063,20251209,92235250,0,337033,A,S,61300,2000,
600063.SH,600063,20251209,92237100,0,337567,A,B,60000,1000,
600063.SH,600063,20251209,92240140,0,338464,A,S,61700,300,
600063.SH,600063,20251209,92241710,0,338908,A,S,60500,5000,
600063.SH,600063,20251209,92242890,0,339285,A,S,61400,1400,
600063.SH,600063,20251209,92243030,0,339329,A,S,63500,3200,
600063.SH,600063,20251209,92243680,0,339497,A,S,61500,2000,
600063.SH,600063,20251209,92256070,0,343134,A,S,62200,10000,
600063.SH,600063,20251209,92256210,0,343183,A,S,61400,20000,
600063.SH,600063,20251209,92309150,0,347323,A,S,61400,1000,
600063.SH,600063,20251209,92314170,0,348934,A,S,61600,500,
600063.SH,600063,20251209,92317340,0,349944,A,S,66600,3000,
600063.SH,600063,20251209,92317560,0,350015,A,S,61800,9700,
600063.SH,600063,20251209,92318850,0,350446,A,S,66700,9300,
600063.SH,600063,20251209,92321360,0,351421,A,S,61800,200,
600063.SH,600063,20251209,92322830,0,351924,A,S,61400,5000,
600063.SH,600063,20251209,92326590,0,353136,A,S,62100,300,
600063.SH,600063,20251209,92329590,0,354106,A,B,54500,300,
600063.SH,600063,20251209,92337230,0,356785,A,S,65400,2000,
600063.SH,600063,20251209,92340470,0,357965,A,B,58500,500,
600063.SH,600063,20251209,92346470,0,360121,A,S,61300,2800,
600063.SH,600063,20251209,92347580,0,360569,A,B,59600,5000,
600063.SH,600063,20251209,92348450,0,360915,A,S,66700,500,
600063.SH,600063,20251209,92350500,0,361631,A,S,63200,100,
600063.SH,600063,20251209,92351660,0,362041,A,S,63500,2000,
600063.SH,600063,20251209,92354860,0,363224,A,S,66600,900,
600063.SH,600063,20251209,92357050,0,364093,A,S,66700,1000,
600063.SH,600063,20251209,92357620,0,364292,A,B,59800,500,
600063.SH,600063,20251209,92359770,0,365113,A,S,61500,500,
600063.SH,600063,20251209,92359770,0,365116,A,S,66700,100,
600063.SH,600063,20251209,92400900,0,365748,A,S,66500,200,
600063.SH,600063,20251209,92402730,0,366521,A,S,61800,700,
600063.SH,600063,20251209,92405010,0,367465,A,S,66500,1000,
600063.SH,600063,20251209,92406440,0,368118,A,S,61000,1000,
600063.SH,600063,20251209,92407400,0,368549,A,S,61500,20000,
600063.SH,600063,20251209,92407500,0,368591,A,S,61000,5000,
600063.SH,600063,20251209,92410420,0,369902,A,B,60200,1100,
600063.SH,600063,20251209,92410930,0,370123,A,S,62500,2000,
600063.SH,600063,20251209,92411930,0,370557,A,S,63500,400,
600063.SH,600063,20251209,92412030,0,370611,A,B,59800,20000,
600063.SH,600063,20251209,92413430,0,371256,A,B,60100,500,
600063.SH,600063,20251209,92415290,0,372188,A,S,62000,10000,
600063.SH,600063,20251209,92417520,0,373323,A,B,59100,100000,
600063.SH,600063,20251209,92418140,0,373636,A,S,66600,1000,
600063.SH,600063,20251209,92418570,0,373856,A,S,61800,1000,
600063.SH,600063,20251209,92421420,0,375362,A,S,66600,37100,
600063.SH,600063,20251209,92424390,0,376997,A,S,61500,700,
600063.SH,600063,20251209,92425370,0,377539,A,S,63600,1000,
600063.SH,600063,20251209,92426250,0,377977,A,B,59700,20000,
600063.SH,600063,20251209,92426750,0,378262,A,S,63800,2000,
600063.SH,600063,20251209,92431730,0,380943,A,B,60600,2000,
600063.SH,600063,20251209,92434520,0,382489,A,S,66600,38700,
600063.SH,600063,20251209,92437790,0,384387,A,B,60600,300,
600063.SH,600063,20251209,92441360,0,386800,A,S,61200,6400,
600063.SH,600063,20251209,92445080,0,389004,A,S,62000,10000,
600063.SH,600063,20251209,92445290,0,389150,A,S,61500,10000,
600063.SH,600063,20251209,92448840,0,391509,A,B,60000,5000,
600063.SH,600063,20251209,92451540,0,394204,A,S,62600,500,
600063.SH,600063,20251209,92451910,0,394496,A,S,60700,300,
600063.SH,600063,20251209,92452910,0,395393,A,S,60400,1200,
600063.SH,600063,20251209,92453980,0,396373,A,S,61900,2000,
600063.SH,600063,20251209,92454220,0,396543,A,S,62100,2000,
600063.SH,600063,20251209,92454280,0,396596,A,B,61200,200,
600063.SH,600063,20251209,92454480,0,396830,A,B,60800,2000,
600063.SH,600063,20251209,92455580,0,398169,A,B,61700,1300,
600063.SH,600063,20251209,92455580,0,398173,A,B,61200,200,
600063.SH,600063,20251209,92457120,0,400564,A,B,62400,4600,
600063.SH,600063,20251209,92458550,0,403623,A,S,60300,3300,
600063.SH,600063,20251209,92458860,0,404385,A,S,58800,2900,
600063.SH,600063,20251209,92501080,0,0,S,O,0,0,
600063.SH,600063,20251209,93000060,0,407784,A,S,60600,100,
600063.SH,600063,20251209,93000160,0,408354,A,S,66000,600,
600063.SH,600063,20251209,93000180,0,408485,A,S,60600,2000,
600063.SH,600063,20251209,93000300,0,409036,A,S,60600,100,
600063.SH,600063,20251209,93000340,0,409396,A,S,62700,300,
600063.SH,600063,20251209,93000340,0,409404,A,S,60600,1300,
600063.SH,600063,20251209,93000470,0,410286,A,S,60700,79100,
600063.SH,600063,20251209,93002100,0,411644,A,S,60600,300,
600063.SH,600063,20251209,93002340,0,412639,A,S,66700,300,
600063.SH,600063,20251209,93002540,0,414723,A,S,61500,1000,
600063.SH,600063,20251209,93002620,0,414819,A,S,60600,100,
600063.SH,600063,20251209,93002620,0,415424,A,S,60800,3000,
600063.SH,600063,20251209,93002750,0,416824,A,S,61200,1000,
600063.SH,600063,20251209,93002900,0,418386,A,S,63000,3000,
600063.SH,600063,20251209,93002900,0,419583,A,S,60700,2800,
600063.SH,600063,20251209,93003060,0,420845,A,S,60800,1000,
600063.SH,600063,20251209,93003060,0,420978,A,S,62100,500,
600063.SH,600063,20251209,93003060,0,421253,A,S,63900,500,
600063.SH,600063,20251209,93003060,0,421379,A,S,60700,1000,
600063.SH,600063,20251209,93003060,0,213994,D,S,65900,1800,
600063.SH,600063,20251209,93003220,0,421804,A,S,63700,5000,
600063.SH,600063,20251209,93003220,0,421881,A,S,61000,10000,
600063.SH,600063,20251209,93003220,0,422726,A,S,60600,400,
600063.SH,600063,20251209,93003370,0,423622,A,B,58600,10000,
600063.SH,600063,20251209,93003810,0,428906,A,S,60600,12100,
600063.SH,600063,20251209,93003810,0,429116,A,B,59500,600,
600063.SH,600063,20251209,93003960,0,430829,A,S,60500,800,
600063.SH,600063,20251209,93003960,0,431386,A,S,61100,400,
600063.SH,600063,20251209,93003960,0,431534,A,S,61400,400,
600063.SH,600063,20251209,93003960,0,431668,A,S,61800,400,
600063.SH,600063,20251209,93003960,0,431669,A,S,61900,8000,
600063.SH,600063,20251209,93003960,0,431823,A,S,62200,400,
600063.SH,600063,20251209,93003960,0,431949,A,S,62800,600,
600063.SH,600063,20251209,93003960,0,431979,A,S,63400,400,
600063.SH,600063,20251209,93004120,0,432876,A,B,60200,500,
600063.SH,600063,20251209,93004120,0,433253,A,S,63200,500,
600063.SH,600063,20251209,93004120,0,433475,A,S,63700,500,
600063.SH,600063,20251209,93004420,0,436467,A,B,59800,20000,
600063.SH,600063,20251209,93004420,0,436533,A,S,62200,10000,
600063.SH,600063,20251209,93004420,0,436723,A,B,58800,10000,
600063.SH,600063,20251209,93004420,0,436957,A,S,62800,1000,
600063.SH,600063,20251209,93004580,0,437853,A,S,66700,1700,
600063.SH,600063,20251209,93004580,0,438882,A,S,62000,50000,
600063.SH,600063,20251209,93004730,0,439580,A,S,62900,400,
600063.SH,600063,20251209,93004730,0,439886,A,S,61000,6000,
600063.SH,600063,20251209,93004890,0,442173,A,S,64000,1500,
600063.SH,600063,20251209,93004890,0,442671,A,S,60500,100,
600063.SH,600063,20251209,93005040,0,444208,A,B,60200,5000,
600063.SH,600063,20251209,93005040,0,444529,A,B,60100,1000,
600063.SH,600063,20251209,93005220,0,445273,A,B,60100,3000,
600063.SH,600063,20251209,93005220,0,445306,A,S,60700,2000,
600063.SH,600063,20251209,93005220,0,445938,A,B,60200,3000,
600063.SH,600063,20251209,93005370,0,446539,A,B,60000,1000,
600063.SH,600063,20251209,93005370,0,447041,A,S,60500,100,
600063.SH,600063,20251209,93005530,0,449183,A,S,60900,60700,
600063.SH,600063,20251209,93006010,0,453763,A,S,61800,1200,
600063.SH,600063,20251209,93006010,0,454461,A,S,60500,100,
600063.SH,600063,20251209,93006010,0,454944,A,S,66400,400,
600063.SH,600063,20251209,93006010,0,455058,A,B,55100,600,
600063.SH,600063,20251209,93006170,0,455711,A,S,63000,2000,
600063.SH,600063,20251209,93006170,0,456980,A,S,60400,3300,
600063.SH,600063,20251209,93006320,0,458791,A,B,59900,1000,
600063.SH,600063,20251209,93006490,0,458969,A,S,61000,3000,
600063.SH,600063,20251209,93006640,0,461466,A,S,60700,2000,
600063.SH,600063,20251209,93006790,0,462950,A,S,63100,3000,
600063.SH,600063,20251209,93006790,0,463317,A,S,60600,400,
600063.SH,600063,20251209,93006790,0,463545,A,S,61200,30000,
600063.SH,600063,20251209,93006930,0,464825,A,B,60500,4800,
600063.SH,600063,20251209,93007080,0,465927,A,B,60000,1000,
600063.SH,600063,20251209,93007080,0,466220,A,S,60800,600,
600063.SH,600063,20251209,93007240,0,467809,A,S,61800,3000,
600063.SH,600063,20251209,93007240,0,468711,A,S,62900,500,
600063.SH,600063,20251209,93007240,0,469399,A,S,60900,1000,
600063.SH,600063,20251209,93007240,0,469492,A,S,60900,2000,
600063.SH,600063,20251209,93007410,0,469538,A,S,62800,2000,
600063.SH,600063,20251209,93007410,0,469596,A,S,63800,1000,
600063.SH,600063,20251209,93007410,0,469621,A,S,64800,1000,
600063.SH,600063,20251209,93007410,0,469746,A,S,62300,1000,
600063.SH,600063,20251209,93007410,0,469829,A,B,59200,2000,
600063.SH,600063,20251209,93007410,0,469899,A,S,62800,1000,
600063.SH,600063,20251209,93007410,0,469949,A,S,63300,1000,
600063.SH,600063,20251209,93007410,0,470030,A,S,63700,1000,
600063.SH,600063,20251209,93007410,0,470075,A,B,59900,1000,
600063.SH,600063,20251209,93007590,0,472633,A,B,60300,5000,
600063.SH,600063,20251209,93007900,0,475726,A,S,62600,2000,
600063.SH,600063,20251209,93008210,0,478994,A,S,60800,30000,
600063.SH,600063,20251209,93008210,0,479138,A,B,60000,600,
600063.SH,600063,20251209,93008210,0,479186,A,S,61800,11000,
600063.SH,600063,20251209,93008530,0,249812,D,B,60200,500,
600063.SH,600063,20251209,93008680,0,484467,A,B,60100,10000,
600063.SH,600063,20251209,93008680,0,485122,A,S,66000,7000,
600063.SH,600063,20251209,93009190,0,488870,A,B,60100,500,
600063.SH,600063,20251209,93009190,0,489004,A,S,64000,1600,
600063.SH,600063,20251209,93009190,0,489051,A,S,60600,300,
600063.SH,600063,20251209,93009190,0,489058,A,S,60600,200,
600063.SH,600063,20251209,93009270,0,489655,A,B,59000,500,
600063.SH,600063,20251209,93009270,0,489851,A,S,62000,800,
600063.SH,600063,20251209,93009450,0,493068,A,B,60100,600,
600063.SH,600063,20251209,93009600,0,493626,A,S,61500,2500,
600063.SH,600063,20251209,93009600,0,493722,A,S,66600,2000,
600063.SH,600063,20251209,93009760,0,495423,A,B,59800,400,
600063.SH,600063,20251209,93009760,0,496464,A,S,63800,600,
600063.SH,600063,20251209,93010150,0,499404,A,S,61300,9000,
600063.SH,600063,20251209,93010270,0,501706,A,B,59800,500,
600063.SH,600063,20251209,93010270,0,501781,A,S,60500,3900,
600063.SH,600063,20251209,93010430,0,502256,A,S,61100,40000,
600063.SH,600063,20251209,93010430,0,502562,A,S,66700,400,
600063.SH,600063,20251209,93010600,0,503757,A,S,61000,2400,
600063.SH,600063,20251209,93010600,0,503907,A,S,60500,1500,
600063.SH,600063,20251209,93010600,0,504699,A,S,61000,1000,
600063.SH,600063,20251209,93010600,0,504984,A,S,60800,18500,
600063.SH,600063,20251209,93010600,0,505293,A,S,64100,400,
600063.SH,600063,20251209,93010600,0,505351,A,S,64400,400,
600063.SH,600063,20251209,93010750,0,506424,A,S,60700,300,
600063.SH,600063,20251209,93010750,0,506990,A,S,64200,500,
600063.SH,600063,20251209,93010890,0,507773,A,B,59800,3900,
600063.SH,600063,20251209,93010890,0,507807,A,S,60600,100,
600063.SH,600063,20251209,93010890,0,507860,A,S,61800,2000,
600063.SH,600063,20251209,93010890,0,507890,A,S,60900,7300,
600063.SH,600063,20251209,93011040,0,509952,A,S,62000,2000,
600063.SH,600063,20251209,93011040,0,511002,A,S,60500,600,
600063.SH,600063,20251209,93011190,0,511368,A,S,60500,100,
600063.SH,600063,20251209,93011190,0,511566,A,S,61000,5000,
600063.SH,600063,20251209,93011190,0,511926,A,S,60500,900,
600063.SH,600063,20251209,93011190,0,512265,A,S,61000,1000,
600063.SH,600063,20251209,93011360,0,512884,A,S,64900,600,
600063.SH,600063,20251209,93011360,0,513236,A,S,65400,600,
600063.SH,600063,20251209,93011360,0,513288,A,S,65800,600,
600063.SH,600063,20251209,93011360,0,513322,A,S,66100,600,
600063.SH,600063,20251209,93011360,0,513508,A,S,60400,300,
600063.SH,600063,20251209,93011360,0,513545,A,S,60400,300,
600063.SH,600063,20251209,93011360,0,513707,A,S,66700,10000,
600063.SH,600063,20251209,93011360,0,513947,A,S,61100,5000,
600063.SH,600063,20251209,93011360,0,514621,A,S,64700,1000,
600063.SH,600063,20251209,93011520,0,514863,A,S,61000,1100,
600063.SH,600063,20251209,93011520,0,515004,A,S,66500,600,
600063.SH,600063,20251209,93011520,0,515094,A,S,65700,2000,
600063.SH,600063,20251209,93011520,0,515402,A,S,66700,14000,
600063.SH,600063,20251209,93011520,0,515659,A,S,66700,800,
600063.SH,600063,20251209,93011520,0,515681,A,B,59800,500,
600063.SH,600063,20251209,93011520,0,516119,A,S,66700,600,
600063.SH,600063,20251209,93011680,0,517010,A,S,61500,8200,
600063.SH,600063,20251209,93011680,0,518103,A,S,66700,700,
600063.SH,600063,20251209,93011840,0,520073,A,S,60500,5500,
600063.SH,600063,20251209,93011840,0,520097,A,S,60500,1700,
600063.SH,600063,20251209,93012010,0,520509,A,S,60500,1100,
600063.SH,600063,20251209,93012060,0,521642,A,S,63000,5000,
600063.SH,600063,20251209,93012230,0,523768,A,S,60500,100,
600063.SH,600063,20251209,93012390,0,524827,A,S,61000,15500,
600063.SH,600063,20251209,93012390,0,525733,A,S,66500,500,
600063.SH,600063,20251209,93012560,0,527477,A,B,58800,300,
600063.SH,600063,20251209,93012700,0,528280,A,S,60700,4800,
600063.SH,600063,20251209,93012700,0,528365,A,S,61000,5000,
600063.SH,600063,20251209,93012750,0,529139,A,S,60700,18000,
600063.SH,600063,20251209,93012750,0,529892,A,B,59000,1000,
600063.SH,600063,20251209,93012750,0,530022,A,B,60300,100,
600063.SH,600063,20251209,93012900,0,531782,A,S,61300,10200,
600063.SH,600063,20251209,93012900,0,531969,A,B,60100,100,
600063.SH,600063,20251209,93013060,0,532684,A,S,61500,1000,
600063.SH,600063,20251209,93013060,0,532986,A,S,61500,20100,
600063.SH,600063,20251209,93013060,0,533239,A,S,66600,100,
600063.SH,600063,20251209,93013060,0,533392,A,B,59600,1000,
600063.SH,600063,20251209,93013060,0,533856,A,B,59800,1000,
600063.SH,600063,20251209,93013060,0,533873,A,S,62300,500,
600063.SH,600063,20251209,93013210,0,534942,A,S,60600,100,
600063.SH,600063,20251209,93013360,0,535847,A,B,60300,100,
600063.SH,600063,20251209,93013360,0,536117,A,S,61800,600,
600063.SH,600063,20251209,93013360,0,537099,A,S,60600,500,
600063.SH,600063,20251209,93013520,0,537866,A,S,66600,5000,
600063.SH,600063,20251209,93013520,0,538901,A,B,60000,800,
600063.SH,600063,20251209,93013520,0,539202,A,B,60100,1000,
600063.SH,600063,20251209,93013520,0,539296,A,B,60300,100,
600063.SH,600063,20251209,93013670,0,539331,A,S,60500,800,
600063.SH,600063,20251209,93013670,0,539410,A,B,60200,79600,
600063.SH,600063,20251209,93013670,0,539429,A,S,61500,1600,
600063.SH,600063,20251209,93013670,0,539617,A,B,59600,1000,
600063.SH,600063,20251209,93013670,0,540376,A,B,60100,100,
600063.SH,600063,20251209,93013670,0,540444,A,B,59900,6000,
600063.SH,600063,20251209,93013670,0,540763,A,B,60200,100,
600063.SH,600063,20251209,93013670,0,540918,A,S,61100,2000,
600063.SH,600063,20251209,93013840,0,541058,A,S,60600,1000,
600063.SH,600063,20251209,93013840,0,541527,A,S,66700,600,
600063.SH,600063,20251209,93013900,0,542549,A,B,60200,10000,
600063.SH,600063,20251209,93014050,0,543440,A,B,59000,1000,
600063.SH,600063,20251209,93014210,0,545585,A,S,61000,3000,
600063.SH,600063,20251209,93014370,0,547040,A,S,60500,200,
600063.SH,600063,20251209,93014370,0,547212,A,B,60300,5000,
600063.SH,600063,20251209,93014370,0,547767,A,S,62600,200,
600063.SH,600063,20251209,93014520,0,548842,A,S,60800,500,
600063.SH,600063,20251209,93014520,0,549667,A,S,61100,3500,
600063.SH,600063,20251209,93014520,0,550192,A,B,59500,100,
600063.SH,600063,20251209,93014680,0,551247,A,S,66600,2000,
600063.SH,600063,20251209,93014680,0,551345,A,S,64400,500,
600063.SH,600063,20251209,93014680,0,528280,D,S,60700,4800,
600063.SH,600063,20251209,93014840,0,552940,A,S,66700,300,
600063.SH,600063,20251209,93014840,0,553693,A,S,60500,500,
600063.SH,600063,20251209,93015150,0,556615,A,B,60100,6000,
600063.SH,600063,20251209,93015150,0,556700,A,S,61700,100,
600063.SH,600063,20251209,93015150,0,557229,A,B,60300,100,
600063.SH,600063,20251209,93015150,0,557267,A,B,59700,10000,
600063.SH,600063,20251209,93015320,0,557821,A,B,60100,5000,
600063.SH,600063,20251209,93015320,0,511002,D,S,60500,600,
600063.SH,600063,20251209,93015320,0,558786,A,S,60900,5000,
600063.SH,600063,20251209,93015320,0,559157,A,B,60300,100,
600063.SH,600063,20251209,93015470,0,561094,A,B,59700,1000,
600063.SH,600063,20251209,93015470,0,561110,A,B,59500,1000,
600063.SH,600063,20251209,93015610,0,561987,A,S,60800,2000,
600063.SH,600063,20251209,93015610,0,562425,A,S,61200,500,
600063.SH,600063,20251209,93015770,0,564001,A,S,61900,3200,
600063.SH,600063,20251209,93015770,0,564430,A,S,60700,1700,
600063.SH,600063,20251209,93015770,0,564465,A,S,60500,700,
600063.SH,600063,20251209,93015770,0,564466,A,S,60500,900,
600063.SH,600063,20251209,93015770,0,564467,A,S,60500,600,
600063.SH,600063,20251209,93015770,0,564468,A,S,60500,300,
600063.SH,600063,20251209,93015770,0,564469,A,S,60500,500,
600063.SH,600063,20251209,93015770,0,564478,A,S,60500,200,
600063.SH,600063,20251209,93015770,0,564491,A,S,60500,100,
600063.SH,600063,20251209,93015770,0,564532,A,S,60500,100,
600063.SH,600063,20251209,93015770,0,564675,A,B,58800,2000,
600063.SH,600063,20251209,93015930,0,564692,A,B,59900,2000,
600063.SH,600063,20251209,93015930,0,564696,A,S,60500,1000,
600063.SH,600063,20251209,93015930,0,564883,A,S,60500,4600,
600063.SH,600063,20251209,93015930,0,564887,A,S,60500,900,
600063.SH,600063,20251209,93015930,0,565017,A,B,60200,100,
600063.SH,600063,20251209,93015930,0,565502,A,B,60000,500,
600063.SH,600063,20251209,93015930,0,565765,A,S,62500,1200,
600063.SH,600063,20251209,93016060,0,566906,A,B,60100,7000,
600063.SH,600063,20251209,93016060,0,567219,A,S,61200,3000,
600063.SH,600063,20251209,93016060,0,567423,A,S,61400,2000,
600063.SH,600063,20251209,93016060,0,567795,A,S,61300,10000,
600063.SH,600063,20251209,93016060,0,567802,A,B,60100,2700,
600063.SH,600063,20251209,93016400,0,570489,A,S,62900,3200,
600063.SH,600063,20251209,93016400,0,570720,A,S,62500,1500,
600063.SH,600063,20251209,93016400,0,571371,A,S,61200,1400,
600063.SH,600063,20251209,93016400,0,571434,A,S,60500,4100,
600063.SH,600063,20251209,93016570,0,572326,A,S,64400,5000,
600063.SH,600063,20251209,93016570,0,572582,A,S,60500,1100,
600063.SH,600063,20251209,93016570,0,573015,A,S,60500,100,
600063.SH,600063,20251209,93016570,0,573069,A,B,59900,30000,
600063.SH,600063,20251209,93016730,0,573768,A,S,60500,4200,
600063.SH,600063,20251209,93016730,0,574381,A,S,61500,2000,
600063.SH,600063,20251209,93016730,0,574403,A,S,61800,2200,
600063.SH,600063,20251209,93016870,0,575789,A,S,60500,100,
600063.SH,600063,20251209,93016870,0,576363,A,S,60500,4600,
600063.SH,600063,20251209,93016870,0,576813,A,B,59900,34000,
600063.SH,600063,20251209,93017020,0,577724,A,B,60300,200,
600063.SH,600063,20251209,93017160,0,580235,A,B,60100,100,
600063.SH,600063,20251209,93017160,0,580277,A,S,60500,100,
600063.SH,600063,20251209,93017320,0,581048,A,S,60500,200,
600063.SH,600063,20251209,93017320,0,581961,A,B,54500,500,
600063.SH,600063,20251209,93017480,0,583572,A,B,60100,100,
600063.SH,600063,20251209,93017480,0,583591,A,S,60500,1000,
600063.SH,600063,20251209,93017700,0,584750,A,B,59900,1000,
600063.SH,600063,20251209,93017700,0,585061,A,S,60500,1900,
600063.SH,600063,20251209,93017700,0,585609,A,B,60300,100,
600063.SH,600063,20251209,93017700,0,585684,A,B,60000,2000,
600063.SH,600063,20251209,93017700,0,586331,A,S,60500,1200,
600063.SH,600063,20251209,93017860,0,586653,A,S,61000,2000,
600063.SH,600063,20251209,93017990,0,587905,A,S,60500,6900,
600063.SH,600063,20251209,93017990,0,587945,A,S,60500,11300,
600063.SH,600063,20251209,93017990,0,588056,A,S,60500,100,
600063.SH,600063,20251209,93018080,0,589399,A,S,60500,3000,
600063.SH,600063,20251209,93018080,0,589400,A,S,60500,300,
600063.SH,600063,20251209,93018080,0,589603,A,S,61500,2000,
600063.SH,600063,20251209,93018310,0,592865,A,B,60100,3000,
600063.SH,600063,20251209,93018520,0,594101,A,S,60500,200,
600063.SH,600063,20251209,93018690,0,595015,A,S,60500,100,
600063.SH,600063,20251209,93018690,0,595018,A,S,60500,100,
600063.SH,600063,20251209,93018690,0,595020,A,S,60500,300,
600063.SH,600063,20251209,93018690,0,595458,A,S,66700,190200,
600063.SH,600063,20251209,93018890,0,596822,A,B,60300,100,
600063.SH,600063,20251209,93018890,0,596830,A,B,60300,100,
600063.SH,600063,20251209,93018890,0,596963,A,S,61700,1000,
600063.SH,600063,20251209,93018970,0,597780,A,B,60300,200,
600063.SH,600063,20251209,93018970,0,597781,A,B,60300,100,
600063.SH,600063,20251209,93018970,0,598573,A,S,61000,6300,
600063.SH,600063,20251209,93018970,0,598595,A,B,59300,5000,
600063.SH,600063,20251209,93019120,0,599318,A,B,60100,100,
600063.SH,600063,20251209,93019120,0,599392,A,S,60900,200,
600063.SH,600063,20251209,93019120,0,599486,A,S,60500,1000,
600063.SH,600063,20251209,93019270,0,600772,A,B,60100,500,
600063.SH,600063,20251209,93019270,0,601453,A,S,61000,10000,
600063.SH,600063,20251209,93019610,0,604171,A,S,60500,13300,
600063.SH,600063,20251209,93019760,0,605662,A,S,60500,100,
600063.SH,600063,20251209,93019760,0,606217,A,S,61200,10000,
600063.SH,600063,20251209,93019900,0,608218,A,S,61000,1500,
600063.SH,600063,20251209,93020050,0,609143,A,S,60500,500,
600063.SH,600063,20251209,93020200,0,610771,A,B,60100,100,
600063.SH,600063,20251209,93020370,0,611924,A,S,61500,3000,
600063.SH,600063,20251209,93020470,0,612963,A,S,60700,5000,
600063.SH,600063,20251209,93020470,0,613761,A,S,60500,3400,
600063.SH,600063,20251209,93020790,0,616464,A,S,60300,2900,
600063.SH,600063,20251209,93020790,0,617150,A,B,60100,10000,
600063.SH,600063,20251209,93020980,0,618501,A,S,60300,100,
600063.SH,600063,20251209,93020980,0,618711,A,S,60400,100,
600063.SH,600063,20251209,93020980,0,619426,A,S,60500,3300,
600063.SH,600063,20251209,93021130,0,576363,D,S,60500,4600,
600063.SH,600063,20251209,93021130,0,564887,D,S,60500,900,
600063.SH,600063,20251209,93021130,0,564883,D,S,60500,1900,
600063.SH,600063,20251209,93021280,0,621511,A,B,60100,100,
600063.SH,600063,20251209,93021590,0,625692,A,S,60500,400,
600063.SH,600063,20251209,93021740,0,626354,A,S,60600,40000,
600063.SH,600063,20251209,93021850,0,628527,A,S,60500,100,
600063.SH,600063,20251209,93022000,0,628998,A,S,61200,2500,
600063.SH,600063,20251209,93022000,0,629178,A,S,60700,2000,
600063.SH,600063,20251209,93022160,0,410286,D,S,60700,79100,
600063.SH,600063,20251209,93022160,0,631872,A,B,59800,800,
600063.SH,600063,20251209,93022320,0,633338,A,S,60300,900,
600063.SH,600063,20251209,93022670,0,635795,A,S,62300,3000,
600063.SH,600063,20251209,93022750,0,636534,A,S,60600,100,
600063.SH,600063,20251209,93022750,0,636657,A,B,60000,2000,
600063.SH,600063,20251209,93022990,0,639353,A,B,60100,100,
600063.SH,600063,20251209,93022990,0,639849,A,S,61500,4000,
600063.SH,600063,20251209,93023130,0,640997,A,S,60500,100,
600063.SH,600063,20251209,93023130,0,641416,A,S,60500,100,
600063.SH,600063,20251209,93023310,0,642337,A,S,60500,200,
600063.SH,600063,20251209,93023310,0,643697,A,S,60500,3300,
600063.SH,600063,20251209,93023310,0,643699,A,S,60300,100,
600063.SH,600063,20251209,93023490,0,644791,A,B,60100,1000,
600063.SH,600063,20251209,93023490,0,645413,A,S,60300,1100,
600063.SH,600063,20251209,93023630,0,645873,A,S,60500,400,
600063.SH,600063,20251209,93023710,0,647375,A,B,60100,100,
600063.SH,600063,20251209,93023870,0,648036,A,B,59500,600,
600063.SH,600063,20251209,93023870,0,648382,A,S,60900,15000,
600063.SH,600063,20251209,93023870,0,7701,D,S,66700,600,
600063.SH,600063,20251209,93024010,0,649896,A,S,61000,2000,
600063.SH,600063,20251209,93024330,0,653065,A,S,66700,5100,
600063.SH,600063,20251209,93024480,0,655347,A,S,62600,600,
600063.SH,600063,20251209,93024640,0,655971,A,S,62100,1000,
600063.SH,600063,20251209,93024790,0,657432,A,S,61500,600,
600063.SH,600063,20251209,93024790,0,657883,A,S,63800,26700,
600063.SH,600063,20251209,93024790,0,658669,A,S,61400,10000,
600063.SH,600063,20251209,93024940,0,658898,A,S,60500,100,
600063.SH,600063,20251209,93024940,0,659464,A,S,66700,200,
600063.SH,600063,20251209,93024940,0,659556,A,S,61100,1000,
600063.SH,600063,20251209,93024940,0,659925,A,S,60500,200,
600063.SH,600063,20251209,93025360,0,663371,A,B,60100,20000,
600063.SH,600063,20251209,93025530,0,664411,A,S,60500,300,
600063.SH,600063,20251209,93025530,0,664752,A,S,63000,34000,
600063.SH,600063,20251209,93025880,0,667892,A,S,64500,300,
600063.SH,600063,20251209,93025880,0,595015,D,S,60500,100,
600063.SH,600063,20251209,93025880,0,595018,D,S,60500,100,
600063.SH,600063,20251209,93025880,0,595020,D,S,60500,300,
600063.SH,600063,20251209,93025880,0,668559,A,S,60400,200,
600063.SH,600063,20251209,93026020,0,669052,A,B,60100,400,
600063.SH,600063,20251209,93026220,0,671228,A,S,63600,1000,
600063.SH,600063,20251209,93026220,0,671264,A,S,60400,100,
600063.SH,600063,20251209,93026220,0,671651,A,S,60500,200,
600063.SH,600063,20251209,93026620,0,674889,A,B,59900,5000,
600063.SH,600063,20251209,93026620,0,675205,A,S,60400,200,
600063.SH,600063,20251209,93026620,0,675209,A,S,60400,100,
600063.SH,600063,20251209,93026620,0,675325,A,B,60100,20000,
600063.SH,600063,20251209,93026620,0,675534,A,S,60400,100,
600063.SH,600063,20251209,93026760,0,676776,A,S,66000,4000,
600063.SH,600063,20251209,93026870,0,677244,A,S,62700,1200,
600063.SH,600063,20251209,93026870,0,677471,A,S,66600,5000,
600063.SH,600063,20251209,93026870,0,678232,A,S,60500,200,
600063.SH,600063,20251209,93027030,0,679964,A,S,61800,5000,
600063.SH,600063,20251209,93027030,0,680062,A,B,60100,900,
600063.SH,600063,20251209,93027220,0,680625,A,B,60000,1000,
600063.SH,600063,20251209,93027380,0,682408,A,S,60900,1000,
600063.SH,600063,20251209,93027380,0,682943,A,S,60500,5000,
600063.SH,600063,20251209,93027380,0,683347,A,B,60000,5000,
600063.SH,600063,20251209,93027530,0,683939,A,S,61200,50000,
600063.SH,600063,20251209,93027530,0,684568,A,S,61400,1000,
600063.SH,600063,20251209,93027670,0,686152,A,B,59800,1000,
600063.SH,600063,20251209,93027820,0,686619,A,S,60300,200,
600063.SH,600063,20251209,93027820,0,687535,A,B,60000,800,
600063.SH,600063,20251209,93027820,0,688039,A,S,60600,9400,
600063.SH,600063,20251209,93027970,0,689039,A,S,60900,900,
600063.SH,600063,20251209,93028110,0,689791,A,B,60000,1000,
600063.SH,600063,20251209,93028110,0,422726,D,S,60600,400,
600063.SH,600063,20251209,93028110,0,408485,D,S,60600,2000,
600063.SH,600063,20251209,93028300,0,691358,A,B,59300,1000,
600063.SH,600063,20251209,93028420,0,534942,D,S,60600,100,
600063.SH,600063,20251209,93028580,0,489051,D,S,60600,300,
600063.SH,600063,20251209,93028580,0,489058,D,S,60600,200,
600063.SH,600063,20251209,93028720,0,696311,A,S,60700,8500,
600063.SH,600063,20251209,93028920,0,697830,A,B,60100,100,
600063.SH,600063,20251209,93028920,0,698595,A,S,60500,1600,
600063.SH,600063,20251209,93029080,0,222905,D,S,60900,500,
600063.SH,600063,20251209,93029080,0,699283,A,S,60300,4200,
600063.SH,600063,20251209,93029420,0,702161,A,B,60200,1800,
600063.SH,600063,20251209,93029700,0,705007,A,S,61000,30000,
600063.SH,600063,20251209,93029700,0,705714,A,B,60200,1000,
600063.SH,600063,20251209,93029870,0,706489,A,B,60000,2000,
600063.SH,600063,20251209,93029870,0,707181,A,B,59800,500,
600063.SH,600063,20251209,93030010,0,708605,A,B,60100,1000,
600063.SH,600063,20251209,93030150,0,709350,A,S,60500,100,
600063.SH,600063,20251209,93030300,0,710770,A,S,61100,20000,
600063.SH,600063,20251209,93030300,0,710847,A,S,60700,2000,
600063.SH,600063,20251209,93030470,0,712500,A,B,59700,500,
600063.SH,600063,20251209,93030470,0,712976,A,S,61500,6000,
600063.SH,600063,20251209,93030610,0,714645,A,B,59500,300,
600063.SH,600063,20251209,93030750,0,715488,A,S,61200,6900,
600063.SH,600063,20251209,93030750,0,699283,D,S,60300,200,
600063.SH,600063,20251209,93030890,0,716566,A,B,59600,3000,
600063.SH,600063,20251209,93031030,0,718802,A,B,60100,300,
600063.SH,600063,20251209,93031030,0,719183,A,B,60200,700,
600063.SH,600063,20251209,93031030,0,719224,A,S,60300,1900,
600063.SH,600063,20251209,93031220,0,409404,D,S,60600,1300,
600063.SH,600063,20251209,93031630,0,723861,A,S,60500,9200,
600063.SH,600063,20251209,93031630,0,724591,A,S,66700,200,
600063.SH,600063,20251209,93031630,0,724619,A,B,59500,5500,
600063.SH,600063,20251209,93031630,0,724817,A,B,60100,100,
600063.SH,600063,20251209,93031790,0,726524,A,S,60300,300,
600063.SH,600063,20251209,93031930,0,727502,A,B,58500,500,
600063.SH,600063,20251209,93032060,0,728701,A,S,60400,200,
600063.SH,600063,20251209,93032060,0,589400,D,S,60500,300,
600063.SH,600063,20251209,93032060,0,729211,A,B,60100,100,
600063.SH,600063,20251209,93032200,0,730269,A,S,61000,10000,
600063.SH,600063,20251209,93032200,0,589399,D,S,60500,3000,
600063.SH,600063,20251209,93032200,0,730807,A,S,66700,300,
600063.SH,600063,20251209,93032500,0,609143,D,S,60500,500,
600063.SH,600063,20251209,93032500,0,733301,A,S,60300,200,
600063.SH,600063,20251209,93032650,0,734219,A,B,60000,500,
600063.SH,600063,20251209,93032650,0,735056,A,S,60400,100,
600063.SH,600063,20251209,93032790,0,531782,D,S,61300,10200,
600063.SH,600063,20251209,93032790,0,736287,A,S,60300,3400,
600063.SH,600063,20251209,93032930,0,736962,A,B,60100,100,
600063.SH,600063,20251209,93032940,0,737444,A,S,60300,200,
600063.SH,600063,20251209,93032940,0,706489,D,B,60000,2000,
600063.SH,600063,20251209,93033250,0,741074,A,S,60700,500,
600063.SH,600063,20251209,93033250,0,741125,A,B,60300,200,
600063.SH,600063,20251209,93033400,0,625692,D,S,60500,400,
600063.SH,600063,20251209,93033530,0,743214,A,B,60300,1500,
600063.SH,600063,20251209,93033530,0,744049,A,S,60500,200,
600063.SH,600063,20251209,93033670,0,744850,A,B,60000,5000,
600063.SH,600063,20251209,93033670,0,339285,D,S,61400,1400,
600063.SH,600063,20251209,93033810,0,746376,A,S,60500,900,
600063.SH,600063,20251209,93033960,0,748497,A,B,59600,6000,
600063.SH,600063,20251209,93034090,0,749441,A,S,60400,3300,
600063.SH,600063,20251209,93034090,0,750020,A,S,60400,1300,
600063.SH,600063,20251209,93034090,0,750030,A,S,60400,700,
600063.SH,600063,20251209,93034090,0,750032,A,S,60400,400,
600063.SH,600063,20251209,93034220,0,750148,A,S,60400,1300,
600063.SH,600063,20251209,93034370,0,645873,D,S,60500,400,
600063.SH,600063,20251209,93034370,0,752794,A,S,60300,1500,
600063.SH,600063,20251209,93034520,0,753567,A,B,59900,1000,
600063.SH,600063,20251209,93034660,0,754784,A,S,62000,5000,
600063.SH,600063,20251209,93034660,0,755436,A,S,60500,9400,
600063.SH,600063,20251209,93034810,0,507807,D,S,60600,100,
600063.SH,600063,20251209,93034940,0,659925,D,S,60500,200,
600063.SH,600063,20251209,93035080,0,759088,A,S,60400,700,
600063.SH,600063,20251209,93035190,0,658898,D,S,60500,100,
600063.SH,600063,20251209,93035190,0,760955,A,S,60500,100,
600063.SH,600063,20251209,93035340,0,762389,A,S,60600,1500,
600063.SH,600063,20251209,93035490,0,762886,A,S,60600,100,
600063.SH,600063,20251209,93035490,0,741074,D,S,60700,500,
600063.SH,600063,20251209,93035630,0,764378,A,S,60300,1000,
600063.SH,600063,20251209,93035630,0,764393,A,S,60300,100,
600063.SH,600063,20251209,93035910,0,768039,A,S,61000,800,
600063.SH,600063,20251209,93035910,0,768292,A,B,59400,500,
600063.SH,600063,20251209,93036310,0,771505,A,B,60100,500,
600063.SH,600063,20251209,93036310,0,771506,A,S,60500,500,
600063.SH,600063,20251209,93036310,0,771526,A,B,58800,1100,
600063.SH,600063,20251209,93036470,0,636534,D,S,60600,100,
600063.SH,600063,20251209,93036470,0,773442,A,B,60200,3000,
600063.SH,600063,20251209,93036600,0,774668,A,S,60300,1700,
600063.SH,600063,20251209,93036840,0,106205,D,S,60900,30300,
600063.SH,600063,20251209,93036840,0,777161,A,S,60300,1700,
600063.SH,600063,20251209,93037000,0,778000,A,B,60000,1000,
600063.SH,600063,20251209,93037570,0,782780,A,S,60300,1300,
600063.SH,600063,20251209,93037660,0,783391,A,S,60300,100,
600063.SH,600063,20251209,93038100,0,782780,D,S,60300,1300,
600063.SH,600063,20251209,93038140,0,786373,A,S,60400,5100,
600063.SH,600063,20251209,93038360,0,787602,A,S,60400,200,
600063.SH,600063,20251209,93039020,0,641416,D,S,60500,100,
600063.SH,600063,20251209,93039210,0,793329,A,S,60300,100,
600063.SH,600063,20251209,93039250,0,793552,A,S,60300,100,
600063.SH,600063,20251209,93039600,0,407784,D,S,60600,100,
600063.SH,600063,20251209,93039750,0,642337,D,S,60500,200,
600063.SH,600063,20251209,93039780,0,461466,D,S,60700,2000,
600063.SH,600063,20251209,93039850,0,796914,A,S,60400,100,
600063.SH,600063,20251209,93039940,0,797762,A,S,61000,6000,
600063.SH,600063,20251209,93039970,0,797806,A,S,60400,100,
600063.SH,600063,20251209,93040030,0,798301,A,S,60300,100,
600063.SH,600063,20251209,93040730,0,802509,A,S,60300,200,
600063.SH,600063,20251209,93041720,0,807845,A,B,59100,1000,
600063.SH,600063,20251209,93042090,0,810473,A,S,60500,9400,
600063.SH,600063,20251209,93042180,0,811078,A,S,60500,100,
600063.SH,600063,20251209,93042200,0,811229,A,S,60300,2700,
600063.SH,600063,20251209,93042260,0,811536,A,S,60500,200,
600063.SH,600063,20251209,93042890,0,814990,A,B,60100,200,
600063.SH,600063,20251209,93044080,0,820955,A,S,60500,1000,
600063.SH,600063,20251209,93044080,0,821045,A,B,60200,300,
600063.SH,600063,20251209,93044100,0,821114,A,S,61000,7000,
600063.SH,600063,20251209,93044370,0,822449,A,S,60400,2100,
600063.SH,600063,20251209,93044450,0,822776,A,B,60200,20000,
600063.SH,600063,20251209,93044640,0,823746,A,S,60500,600,
600063.SH,600063,20251209,93045120,0,826462,A,S,60300,100,
600063.SH,600063,20251209,93045120,0,826501,A,S,60300,100,
600063.SH,600063,20251209,93045620,0,723861,D,S,60500,9200,
600063.SH,600063,20251209,93045800,0,829789,A,S,60500,1000,
600063.SH,600063,20251209,93046010,0,755436,D,S,60500,9400,
600063.SH,600063,20251209,93046100,0,746376,D,S,60500,900,
600063.SH,600063,20251209,93046100,0,831196,A,S,60400,11100,
600063.SH,600063,20251209,93046160,0,831645,A,B,60100,1100,
600063.SH,600063,20251209,93046920,0,810473,D,S,60500,9400,
600063.SH,600063,20251209,93047120,0,836893,A,S,60400,300,
600063.SH,600063,20251209,93047710,0,839324,A,S,60300,2300,
600063.SH,600063,20251209,93047710,0,839475,A,S,60300,300,
600063.SH,600063,20251209,93048230,0,842688,A,S,60300,100,
600063.SH,600063,20251209,93048360,0,843489,A,S,60300,3400,
600063.SH,600063,20251209,93048820,0,845749,A,B,60200,2600,
600063.SH,600063,20251209,93048820,0,845821,A,B,60200,1900,
600063.SH,600063,20251209,93048840,0,845927,A,B,60200,900,
600063.SH,600063,20251209,93048910,0,846191,A,B,60200,1400,
600063.SH,600063,20251209,93048940,0,846448,A,B,60200,800,
600063.SH,600063,20251209,93049040,0,846850,A,S,66600,200,
600063.SH,600063,20251209,93049060,0,846997,A,B,60200,2300,
600063.SH,600063,20251209,93049090,0,847203,A,S,60300,1000,
600063.SH,600063,20251209,93049250,0,847672,A,B,60200,1100,
600063.SH,600063,20251209,93049290,0,847948,A,B,59800,1100,
600063.SH,600063,20251209,93049320,0,848021,A,S,60300,7000,
600063.SH,600063,20251209,93049450,0,848593,A,B,60200,2600,
600063.SH,600063,20251209,93050790,0,854442,A,B,60400,1200,
600063.SH,600063,20251209,93050830,0,854554,A,B,60300,11300,
600063.SH,600063,20251209,93050950,0,855047,A,B,60400,3300,
600063.SH,600063,20251209,93050950,0,855105,A,B,60400,3400,
600063.SH,600063,20251209,93051260,0,856413,A,B,60400,11300,
600063.SH,600063,20251209,93051560,0,857687,A,B,59900,3300,
600063.SH,600063,20251209,93052510,0,445306,D,S,60700,2000,
600063.SH,600063,20251209,93052930,0,863460,A,B,60300,100,
600063.SH,600063,20251209,93053100,0,864257,A,B,59900,1500,
600063.SH,600063,20251209,93053610,0,866110,A,S,60400,600,
600063.SH,600063,20251209,93053610,0,866122,A,S,60400,800,
600063.SH,600063,20251209,93053610,0,866123,A,S,60400,1300,
600063.SH,600063,20251209,93053610,0,866124,A,S,60400,2400,
600063.SH,600063,20251209,93053610,0,866125,A,S,60400,3100,
600063.SH,600063,20251209,93053610,0,866132,A,S,60500,10200,
600063.SH,600063,20251209,93053640,0,866184,A,S,60400,1300,
600063.SH,600063,20251209,93053750,0,854554,D,B,60300,11300,
600063.SH,600063,20251209,93054110,0,868070,A,B,60500,13400,
600063.SH,600063,20251209,93054310,0,868782,A,B,60100,1000,
600063.SH,600063,20251209,93054310,0,771505,D,B,60100,500,
600063.SH,600063,20251209,93054500,0,869335,A,S,60700,500,
600063.SH,600063,20251209,93054500,0,869336,A,B,60300,500,
600063.SH,600063,20251209,93055610,0,873524,A,B,59900,4000,
600063.SH,600063,20251209,93055690,0,873898,A,S,60400,800,
600063.SH,600063,20251209,93055860,0,463317,D,S,60600,400,
600063.SH,600063,20251209,93056090,0,875606,A,S,60400,100,
600063.SH,600063,20251209,93056130,0,875619,A,S,60400,300,
600063.SH,600063,20251209,93056280,0,876212,A,B,60100,24000,
600063.SH,600063,20251209,93056480,0,877047,A,S,62500,1600,
600063.SH,600063,20251209,93056640,0,877645,A,B,59500,2500,
600063.SH,600063,20251209,93056950,0,869335,D,S,60700,500,
600063.SH,600063,20251209,93057160,0,879643,A,S,60500,500,
600063.SH,600063,20251209,93057160,0,879644,A,B,60100,500,
600063.SH,600063,20251209,93057840,0,680625,D,B,60000,1000,
600063.SH,600063,20251209,93058300,0,884153,A,B,60300,5300,
600063.SH,600063,20251209,93059960,0,890656,A,S,61000,48300,
600063.SH,600063,20251209,93101020,0,879644,D,B,60100,500,
600063.SH,600063,20251209,93101230,0,897713,A,S,60700,500,
600063.SH,600063,20251209,93101230,0,897715,A,B,60300,500,
600063.SH,600063,20251209,93101520,0,899423,A,B,60300,6200,
600063.SH,600063,20251209,93101710,0,900274,A,S,61700,1800,
600063.SH,600063,20251209,93101710,0,900299,A,B,59900,3000,
600063.SH,600063,20251209,93102660,0,904607,A,B,60400,100,
600063.SH,600063,20251209,93102680,0,904892,A,S,60500,4600,
600063.SH,600063,20251209,93102970,0,906148,A,B,60100,5000,
600063.SH,600063,20251209,93103200,0,907431,A,S,60500,500,
600063.SH,600063,20251209,93103220,0,907489,A,S,60500,400,
600063.SH,600063,20251209,93103360,0,908236,A,S,60500,2500,
600063.SH,600063,20251209,93103370,0,908276,A,S,60500,700,
600063.SH,600063,20251209,93103450,0,908557,A,B,60300,100,
600063.SH,600063,20251209,93103450,0,908561,A,B,60300,500,
600063.SH,600063,20251209,93103610,0,909191,A,B,60300,100,
600063.SH,600063,20251209,93104670,0,914228,A,B,60300,6300,
600063.SH,600063,20251209,93105660,0,918450,A,S,60400,100,
600063.SH,600063,20251209,93105660,0,918451,A,S,60400,200,
600063.SH,600063,20251209,93106460,0,922439,A,S,60400,5200,
600063.SH,600063,20251209,93106570,0,922844,A,B,59800,200,
600063.SH,600063,20251209,93107310,0,926419,A,B,60000,1000,
600063.SH,600063,20251209,93107660,0,927851,A,S,60400,5400,
600063.SH,600063,20251209,93108570,0,922439,D,S,60400,5200,
600063.SH,600063,20251209,93108640,0,932112,A,B,60400,5500,
600063.SH,600063,20251209,93108920,0,933461,A,S,60500,3700,
600063.SH,600063,20251209,93108920,0,933468,A,S,60500,4900,
600063.SH,600063,20251209,93109020,0,933461,D,S,60500,3700,
600063.SH,600063,20251209,93109130,0,934808,A,S,60500,1100,
600063.SH,600063,20251209,93109130,0,934885,A,B,60000,3400,
600063.SH,600063,20251209,93109320,0,934808,D,S,60500,1100,
600063.SH,600063,20251209,93109440,0,936278,A,S,60500,4900,
600063.SH,600063,20251209,93109960,0,938360,A,B,60100,100,
600063.SH,600063,20251209,93110050,0,938726,A,B,60400,100,
600063.SH,600063,20251209,93110050,0,938727,A,B,60400,300,
600063.SH,600063,20251209,93110050,0,938728,A,B,60400,100,
600063.SH,600063,20251209,93110070,0,938844,A,B,60400,100,
600063.SH,600063,20251209,93110070,0,938893,A,B,60400,100,
600063.SH,600063,20251209,93110070,0,938896,A,B,60400,100,
600063.SH,600063,20251209,93110890,0,897713,D,S,60700,500,
600063.SH,600063,20251209,93111120,0,943767,A,S,60500,500,
600063.SH,600063,20251209,93111120,0,943771,A,B,60100,500,
600063.SH,600063,20251209,93111420,0,914228,D,B,60300,5500,
600063.SH,600063,20251209,93111610,0,945993,A,B,60400,12200,
600063.SH,600063,20251209,93111690,0,946359,A,B,60400,100,
600063.SH,600063,20251209,93111760,0,946821,A,B,60300,3700,
600063.SH,600063,20251209,93112200,0,948685,A,B,60300,200,
600063.SH,600063,20251209,93112300,0,949158,A,B,59800,1400,
600063.SH,600063,20251209,93112980,0,951900,A,B,60300,1000,
600063.SH,600063,20251209,93113050,0,952181,A,B,60000,5000,
600063.SH,600063,20251209,93113180,0,952645,A,S,60700,500,
600063.SH,600063,20251209,93113570,0,954425,A,B,59900,5000,
600063.SH,600063,20251209,93113680,0,954731,A,S,60500,2000,
600063.SH,600063,20251209,93113680,0,954848,A,B,60300,1000,
600063.SH,600063,20251209,93113880,0,688039,D,S,60600,9400,
600063.SH,600063,20251209,93113940,0,846997,D,B,60200,2300,
600063.SH,600063,20251209,93114160,0,945993,D,B,60400,11300,
600063.SH,600063,20251209,93114160,0,956652,A,S,60500,100,
600063.SH,600063,20251209,93114390,0,687535,D,B,60000,800,
600063.SH,600063,20251209,93114470,0,958069,A,S,60500,100,
600063.SH,600063,20251209,93114570,0,958446,A,B,60000,500,
600063.SH,600063,20251209,93114570,0,958452,A,B,60300,3000,
600063.SH,600063,20251209,93115210,0,961021,A,S,60700,2400,
600063.SH,600063,20251209,93115660,0,962669,A,S,62000,3000,
600063.SH,600063,20251209,93115980,0,963926,A,B,60300,5000,
600063.SH,600063,20251209,93116020,0,964206,A,B,60100,1000,
600063.SH,600063,20251209,93116460,0,946821,D,B,60300,3700,
600063.SH,600063,20251209,93116460,0,845927,D,B,60200,900,
600063.SH,600063,20251209,93116460,0,845749,D,B,60200,2500,
600063.SH,600063,20251209,93116460,0,846191,D,B,60200,1400,
600063.SH,600063,20251209,93116700,0,966982,A,B,60400,7100,
600063.SH,600063,20251209,93116700,0,967027,A,B,60400,6500,
600063.SH,600063,20251209,93116920,0,845821,D,B,60200,1900,
600063.SH,600063,20251209,93116950,0,847672,D,B,60200,1100,
600063.SH,600063,20251209,93116950,0,846448,D,B,60200,800,
600063.SH,600063,20251209,93116950,0,848593,D,B,60200,2600,
600063.SH,600063,20251209,93117540,0,970544,A,S,61700,100000,
600063.SH,600063,20251209,93117840,0,971757,A,B,60100,10000,
600063.SH,600063,20251209,93117920,0,972060,A,B,60400,800,
600063.SH,600063,20251209,93118260,0,973480,A,B,60400,5500,
600063.SH,600063,20251209,93118260,0,973575,A,B,60000,800,
600063.SH,600063,20251209,93118750,0,975385,A,S,61500,10000,
600063.SH,600063,20251209,93118840,0,975856,A,B,60200,1000,
600063.SH,600063,20251209,93119240,0,977409,A,B,60400,5400,
600063.SH,600063,20251209,93119490,0,978526,A,B,60000,200,
600063.SH,600063,20251209,93119660,0,900274,D,S,61700,1800,
600063.SH,600063,20251209,93120140,0,980950,A,B,60100,5000,
600063.SH,600063,20251209,93120610,0,982990,A,B,60300,5000,
600063.SH,600063,20251209,93121180,0,985553,A,B,60100,1600,
600063.SH,600063,20251209,93121380,0,986316,A,B,60300,800,
600063.SH,600063,20251209,93121660,0,987586,A,B,60200,2400,
600063.SH,600063,20251209,93121740,0,987853,A,B,60200,5000,
600063.SH,600063,20251209,93121770,0,987899,A,B,59800,2700,
600063.SH,600063,20251209,93121950,0,988704,A,B,60400,500,
600063.SH,600063,20251209,93122470,0,990736,A,B,60000,1000,
600063.SH,600063,20251209,93122500,0,990863,A,B,60500,300,
600063.SH,600063,20251209,93122630,0,991298,A,B,60100,2500,
600063.SH,600063,20251209,93122690,0,943771,D,B,60100,500,
600063.SH,600063,20251209,93122920,0,992304,A,S,60700,500,
600063.SH,600063,20251209,93122920,0,992305,A,B,60300,500,
600063.SH,600063,20251209,93123250,0,973480,D,B,60400,5500,
600063.SH,600063,20251209,93123640,0,995325,A,B,60500,9100,
600063.SH,600063,20251209,93123680,0,995678,A,B,60500,1500,
600063.SH,600063,20251209,93123710,0,995779,A,S,60600,2200,
600063.SH,600063,20251209,93123710,0,967027,D,B,60400,6500,
600063.SH,600063,20251209,93123710,0,966982,D,B,60400,1000,
600063.SH,600063,20251209,93123980,0,990863,D,B,60500,300,
600063.SH,600063,20251209,93124000,0,996952,A,B,60000,8000,
600063.SH,600063,20251209,93124090,0,997294,A,B,60500,13000,
600063.SH,600063,20251209,93124230,0,977409,D,B,60400,5400,
600063.SH,600063,20251209,93125270,0,1002216,A,S,62000,4700,
600063.SH,600063,20251209,93125560,0,1003497,A,B,60300,1000,
600063.SH,600063,20251209,93126170,0,954848,D,B,60300,1000,
600063.SH,600063,20251209,93126400,0,995325,D,B,60500,9100,
600063.SH,600063,20251209,93127100,0,1009955,A,B,59100,10000,
600063.SH,600063,20251209,93127400,0,1011390,A,B,60100,3000,
600063.SH,600063,20251209,93128070,0,995779,D,S,60600,2200,
600063.SH,600063,20251209,93128590,0,1015781,A,B,60400,1200,
600063.SH,600063,20251209,93129470,0,1019234,A,S,60900,2000,
600063.SH,600063,20251209,93129760,0,1020294,A,B,60400,100,
600063.SH,600063,20251209,93130170,0,1022225,A,S,60600,800,
600063.SH,600063,20251209,93130830,0,1024904,A,B,60500,1400,
600063.SH,600063,20251209,93130930,0,1025213,A,S,60600,900,
600063.SH,600063,20251209,93131140,0,1026180,A,S,60600,200,
600063.SH,600063,20251209,93132650,0,1032156,A,B,60500,17600,
600063.SH,600063,20251209,93132720,0,1032514,A,S,60600,300,
600063.SH,600063,20251209,93133010,0,1033521,A,B,60100,100000,
600063.SH,600063,20251209,93133150,0,1034106,A,B,59900,2500,
600063.SH,600063,20251209,93133460,0,1035294,A,B,60000,1000,
600063.SH,600063,20251209,93134130,0,1037834,A,B,59000,2000,
600063.SH,600063,20251209,93134250,0,1038215,A,B,55800,400,
600063.SH,600063,20251209,93134730,0,1039862,A,B,60200,800,
600063.SH,600063,20251209,93134770,0,507860,D,S,61800,2000,
600063.SH,600063,20251209,93134930,0,1040644,A,B,60100,500,
600063.SH,600063,20251209,93135520,0,1032156,D,B,60500,17600,
600063.SH,600063,20251209,93135700,0,1043806,A,B,60100,5000,
600063.SH,600063,20251209,93135810,0,1044254,A,B,60000,1000,
600063.SH,600063,20251209,93135880,0,1044461,A,B,56600,10000,
600063.SH,600063,20251209,93135880,0,1044500,A,B,59500,2000,
600063.SH,600063,20251209,93136280,0,1046207,A,B,60500,100,
600063.SH,600063,20251209,93136390,0,1046643,A,B,60600,1000,
600063.SH,600063,20251209,93136530,0,1047248,A,B,60200,5000,
600063.SH,600063,20251209,93137050,0,1049194,A,B,60100,2000,
600063.SH,600063,20251209,93137350,0,1050451,A,B,60600,1500,
600063.SH,600063,20251209,93137570,0,1051328,A,B,60100,10000,
600063.SH,600063,20251209,93137990,0,1053020,A,B,60100,5000,
600063.SH,600063,20251209,93138070,0,1053413,A,S,61000,2100,
600063.SH,600063,20251209,93138510,0,241985,D,S,61200,5000,
600063.SH,600063,20251209,93138510,0,1055167,A,B,60400,2000,
600063.SH,600063,20251209,93138610,0,564430,D,S,60700,1700,
600063.SH,600063,20251209,93138610,0,1055617,A,B,60700,1700,
600063.SH,600063,20251209,93138680,0,997294,D,B,60500,13000,
600063.SH,600063,20251209,93138720,0,995678,D,B,60500,1500,
600063.SH,600063,20251209,93139030,0,1057326,A,B,60600,7900,
600063.SH,600063,20251209,93139070,0,1057388,A,B,60600,8200,
600063.SH,600063,20251209,93139300,0,1058339,A,S,60900,1000,
600063.SH,600063,20251209,93139510,0,992305,D,B,60300,500,
600063.SH,600063,20251209,93139550,0,1059410,A,B,60500,700,
600063.SH,600063,20251209,93139670,0,1059920,A,B,59100,2500,
600063.SH,600063,20251209,93139720,0,1055617,D,B,60700,1700,
600063.SH,600063,20251209,93139790,0,1060519,A,S,60900,500,
600063.SH,600063,20251209,93139820,0,1060764,A,B,60500,500,
600063.SH,600063,20251209,93140790,0,1065138,A,B,60700,3100,
600063.SH,600063,20251209,93141130,0,1066600,A,B,60600,200,
600063.SH,600063,20251209,93141640,0,1068859,A,B,60700,17100,
600063.SH,600063,20251209,93141740,0,1057326,D,B,60600,7900,
600063.SH,600063,20251209,93141740,0,1020294,D,B,60400,100,
600063.SH,600063,20251209,93141770,0,1057388,D,B,60600,8200,
600063.SH,600063,20251209,93142410,0,1072528,A,B,60600,100,
600063.SH,600063,20251209,93142490,0,1072958,A,B,60600,100,
600063.SH,600063,20251209,93142490,0,1072962,A,B,60700,100,
600063.SH,600063,20251209,93142490,0,1072964,A,B,60100,500,
600063.SH,600063,20251209,93142590,0,1015781,D,B,60400,1200,
600063.SH,600063,20251209,93142750,0,1074309,A,B,60600,100,
600063.SH,600063,20251209,93142870,0,1053020,D,B,60100,5000,
600063.SH,600063,20251209,93143430,0,1077658,A,B,60800,200,
600063.SH,600063,20251209,93143430,0,1077672,A,B,60800,100,
600063.SH,600063,20251209,93143430,0,1077688,A,B,60800,100,
600063.SH,600063,20251209,93143430,0,1077708,A,B,60000,8300,
600063.SH,600063,20251209,93143460,0,1077969,A,B,60800,700,
600063.SH,600063,20251209,93143580,0,1066600,D,B,60600,200,
600063.SH,600063,20251209,93143610,0,1078598,A,B,60600,1200,
600063.SH,600063,20251209,93144050,0,1081138,A,B,60600,16400,
600063.SH,600063,20251209,93144250,0,1068859,D,B,60700,17100,
600063.SH,600063,20251209,93145420,0,1065138,D,B,60700,3000,
600063.SH,600063,20251209,93145620,0,1089635,A,B,60500,1900,
600063.SH,600063,20251209,93145830,0,1090657,A,B,60600,100,
600063.SH,600063,20251209,93146110,0,1092119,A,B,60800,1900,
600063.SH,600063,20251209,93146840,0,1095341,A,B,60000,10000,
600063.SH,600063,20251209,93146890,0,1046643,D,B,60600,1000,
600063.SH,600063,20251209,93147020,0,1077969,D,B,60800,700,
600063.SH,600063,20251209,93147350,0,1097603,A,B,60100,3000,
600063.SH,600063,20251209,93147350,0,1097638,A,B,59400,1000,
600063.SH,600063,20251209,93147710,0,1035294,D,B,60000,1000,
600063.SH,600063,20251209,93148220,0,1101965,A,B,60800,6100,
600063.SH,600063,20251209,93148220,0,648382,D,S,60900,15000,
600063.SH,600063,20251209,93148300,0,1046207,D,B,60500,100,
600063.SH,600063,20251209,93148480,0,1103229,A,B,59600,5000,
600063.SH,600063,20251209,93148600,0,1103579,A,S,60800,70700,
600063.SH,600063,20251209,93148850,0,1104767,A,B,60700,1900,
600063.SH,600063,20251209,93149310,0,1106757,A,B,60700,100,
600063.SH,600063,20251209,93149510,0,1107838,A,B,60200,5000,
600063.SH,600063,20251209,93149710,0,1104767,D,B,60700,1900,
600063.SH,600063,20251209,93149820,0,964206,D,B,60100,1000,
600063.SH,600063,20251209,93149930,0,504699,D,S,61000,1000,
600063.SH,600063,20251209,93149970,0,1109750,A,B,59800,5600,
600063.SH,600063,20251209,93150070,0,1110171,A,S,60900,600,
600063.SH,600063,20251209,93150300,0,1111226,A,S,61100,5800,
600063.SH,600063,20251209,93150720,0,857687,D,B,59900,3300,
600063.SH,600063,20251209,93150890,0,1113726,A,S,60800,100,
600063.SH,600063,20251209,93151540,0,1116505,A,S,60900,5000,
600063.SH,600063,20251209,93151540,0,1055167,D,B,60400,2000,
600063.SH,600063,20251209,93151810,0,1117439,A,S,60800,1000,
600063.SH,600063,20251209,93151950,0,1118012,A,S,62000,10000,
600063.SH,600063,20251209,93152280,0,1119366,A,S,61900,500,
600063.SH,600063,20251209,93152420,0,1120107,A,S,61800,3000,
600063.SH,600063,20251209,93152450,0,1120232,A,S,60800,3000,
600063.SH,600063,20251209,93152520,0,1120476,A,B,60600,2000,
600063.SH,600063,20251209,93153160,0,1123131,A,S,63500,500,
600063.SH,600063,20251209,93153310,0,1123665,A,B,60700,1700,
600063.SH,600063,20251209,93153910,0,1126522,A,S,61100,1000,
600063.SH,600063,20251209,93154100,0,1127117,A,B,58000,7500,
600063.SH,600063,20251209,93154410,0,1128326,A,S,61000,200,
600063.SH,600063,20251209,93154450,0,1128534,A,B,60000,2000,
600063.SH,600063,20251209,93156060,0,1134682,A,B,58700,1000,
600063.SH,600063,20251209,93156200,0,1135216,A,S,60800,2900,
600063.SH,600063,20251209,93156520,0,1136540,A,S,62300,1500,
600063.SH,600063,20251209,93156520,0,1136614,A,B,60500,1000,
600063.SH,600063,20251209,93156660,0,1137216,A,B,60700,700,
600063.SH,600063,20251209,93157090,0,1138730,A,S,60900,10000,
600063.SH,600063,20251209,93157120,0,821114,D,S,61000,7000,
600063.SH,600063,20251209,93157230,0,1139349,A,B,60300,1000,
600063.SH,600063,20251209,93157480,0,1140377,A,S,60800,500,
600063.SH,600063,20251209,93157840,0,1141793,A,B,56600,200,
600063.SH,600063,20251209,93159070,0,973575,D,B,60000,800,
600063.SH,600063,20251209,93159830,0,1149385,A,S,61200,1000,
600063.SH,600063,20251209,93159900,0,768292,D,B,59400,500,
600063.SH,600063,20251209,93159980,0,1150003,A,S,60800,1700,
600063.SH,600063,20251209,93200080,0,1150421,A,S,60800,1000,
600063.SH,600063,20251209,93200640,0,1153403,A,B,60700,16500,
600063.SH,600063,20251209,93200810,0,1154382,A,S,60800,19000,
600063.SH,600063,20251209,93200860,0,1154838,A,B,60700,200,
600063.SH,600063,20251209,93201140,0,1156387,A,S,60700,15300,
600063.SH,600063,20251209,93201220,0,1156659,A,S,61200,3000,
600063.SH,600063,20251209,93201350,0,1157184,A,S,60700,1200,
600063.SH,600063,20251209,93201350,0,1157195,A,S,60700,3900,
600063.SH,600063,20251209,93201410,0,1157567,A,S,61200,1000,
600063.SH,600063,20251209,93201870,0,1159819,A,B,60200,40800,
600063.SH,600063,20251209,93202160,0,1161187,A,B,60000,5700,
600063.SH,600063,20251209,93202400,0,1162131,A,S,60700,1400,
600063.SH,600063,20251209,93202690,0,1163296,A,B,60400,5000,
600063.SH,600063,20251209,93202840,0,1164134,A,B,60700,5600,
600063.SH,600063,20251209,93203040,0,1164977,A,S,61300,2000,
600063.SH,600063,20251209,93203120,0,1165469,A,B,60700,100,
600063.SH,600063,20251209,93203470,0,1167232,A,S,60800,2000,
600063.SH,600063,20251209,93203540,0,1059410,D,B,60500,700,
600063.SH,600063,20251209,93203960,0,1169475,A,S,62200,500,
600063.SH,600063,20251209,93204260,0,1170773,A,S,61900,49200,
600063.SH,600063,20251209,93204610,0,1172054,A,S,60900,500,
600063.SH,600063,20251209,93205590,0,1176445,A,B,60500,1000,
600063.SH,600063,20251209,93205630,0,1176508,A,S,60700,600,
600063.SH,600063,20251209,93205630,0,1176509,A,S,60700,400,
600063.SH,600063,20251209,93205630,0,1176510,A,S,60700,100,
600063.SH,600063,20251209,93205630,0,1176512,A,S,60700,700,
600063.SH,600063,20251209,93205630,0,1176513,A,S,60700,200,
600063.SH,600063,20251209,93205630,0,1176514,A,S,60700,1300,
600063.SH,600063,20251209,93205630,0,1176515,A,S,60700,4500,
600063.SH,600063,20251209,93205630,0,1176516,A,S,60700,100,
600063.SH,600063,20251209,93205630,0,1176517,A,S,60700,100,
600063.SH,600063,20251209,93205630,0,1176519,A,S,60700,100,
600063.SH,600063,20251209,93205630,0,1176520,A,S,60700,100,
600063.SH,600063,20251209,93205630,0,1176521,A,S,60700,100,
600063.SH,600063,20251209,93205630,0,1176525,A,S,60700,100,
600063.SH,600063,20251209,93205630,0,1176526,A,S,60700,100,
600063.SH,600063,20251209,93205630,0,1176528,A,S,60700,100,
600063.SH,600063,20251209,93205630,0,1176529,A,S,60700,100,
600063.SH,600063,20251209,93205630,0,1176530,A,S,60700,600,
600063.SH,600063,20251209,93205630,0,1176531,A,S,60700,200,
600063.SH,600063,20251209,93205630,0,1176533,A,S,60700,1500,
600063.SH,600063,20251209,93205630,0,1176534,A,S,60700,1200,
600063.SH,600063,20251209,93205630,0,1176536,A,S,60700,100,
600063.SH,600063,20251209,93205630,0,1176537,A,S,60700,400,
600063.SH,600063,20251209,93205630,0,1176539,A,S,60700,100,
600063.SH,600063,20251209,93205630,0,1176540,A,S,60700,1000,
600063.SH,600063,20251209,93205630,0,1176541,A,S,60700,800,
600063.SH,600063,20251209,93205630,0,1176542,A,S,60700,800,
600063.SH,600063,20251209,93205630,0,1176544,A,S,60700,400,
600063.SH,600063,20251209,93205630,0,1176546,A,S,60700,100,
600063.SH,600063,20251209,93205630,0,1176549,A,S,60700,400,
600063.SH,600063,20251209,93205630,0,1176554,A,S,60700,1800,
600063.SH,600063,20251209,93205630,0,1176571,A,S,60700,100,
600063.SH,600063,20251209,93205630,0,1176622,A,S,60700,100,
600063.SH,600063,20251209,93205630,0,1176661,A,S,60700,100,
600063.SH,600063,20251209,93205630,0,1176662,A,S,60700,100,
600063.SH,600063,20251209,93205630,0,1176692,A,S,60700,800,
600063.SH,600063,20251209,93205630,0,1176723,A,S,60700,200,
600063.SH,600063,20251209,93205630,0,1176730,A,S,60700,300,
600063.SH,600063,20251209,93205630,0,1176733,A,S,60700,100,
600063.SH,600063,20251209,93205630,0,1176802,A,S,60700,400,
600063.SH,600063,20251209,93205660,0,1176862,A,S,60700,100,
600063.SH,600063,20251209,93205660,0,1176919,A,S,60700,200,
600063.SH,600063,20251209,93205660,0,1176921,A,S,60700,1500,
600063.SH,600063,20251209,93205660,0,1176940,A,S,60700,100,
600063.SH,600063,20251209,93205690,0,1177014,A,S,60700,100,
600063.SH,600063,20251209,93205720,0,1177256,A,S,60700,3500,
600063.SH,600063,20251209,93205720,0,1177294,A,S,60700,100,
600063.SH,600063,20251209,93205750,0,1177321,A,S,60700,100,
600063.SH,600063,20251209,93205750,0,1177332,A,S,60700,500,
600063.SH,600063,20251209,93205780,0,585684,D,B,60000,2000,
600063.SH,600063,20251209,93205930,0,1178031,A,S,60700,500,
600063.SH,600063,20251209,93206610,0,1135216,D,S,60800,2900,
600063.SH,600063,20251209,93206800,0,1181677,A,S,60800,2000,
600063.SH,600063,20251209,93206960,0,1182349,A,B,60100,600,
600063.SH,600063,20251209,93207570,0,281142,D,S,62200,2000,
600063.SH,600063,20251209,93207950,0,1186202,A,B,60100,1000,
600063.SH,600063,20251209,93208020,0,1186573,A,S,61500,800,
600063.SH,600063,20251209,93208110,0,562425,D,S,61200,500,
600063.SH,600063,20251209,93208520,0,982990,D,B,60300,5000,
600063.SH,600063,20251209,93208600,0,1188776,A,S,60700,500,
600063.SH,600063,20251209,93208790,0,1189576,A,S,66700,5000,
600063.SH,600063,20251209,93208920,0,1190201,A,S,61700,5000,
600063.SH,600063,20251209,93209230,0,1191386,A,B,60700,1000,
600063.SH,600063,20251209,93209560,0,1192677,A,S,60900,2000,
600063.SH,600063,20251209,93209680,0,1193355,A,S,60900,3200,
600063.SH,600063,20251209,93210160,0,1195104,A,B,55500,200,
600063.SH,600063,20251209,93210410,0,1196259,A,B,60300,1000,
600063.SH,600063,20251209,93210760,0,1197415,A,S,60700,9900,
600063.SH,600063,20251209,93210760,0,1197496,A,S,62500,2000,
600063.SH,600063,20251209,93210840,0,1197710,A,B,60600,3200,
600063.SH,600063,20251209,93211320,0,1199463,A,S,60700,2000,
600063.SH,600063,20251209,93211540,0,1200507,A,S,60900,13300,
600063.SH,600063,20251209,93211620,0,1200759,A,B,60700,100,
600063.SH,600063,20251209,93211620,0,1200760,A,B,60700,2000,
600063.SH,600063,20251209,93211620,0,1200761,A,B,60700,2000,
600063.SH,600063,20251209,93211620,0,1200940,A,B,60700,600,
600063.SH,600063,20251209,93211640,0,1200995,A,B,60700,1400,
600063.SH,600063,20251209,93211640,0,1201058,A,B,60700,11100,
600063.SH,600063,20251209,93211640,0,1201108,A,B,60700,2000,
600063.SH,600063,20251209,93211660,0,1150003,D,S,60800,1700,
600063.SH,600063,20251209,93211660,0,1201151,A,B,60700,6400,
600063.SH,600063,20251209,93211790,0,1201721,A,B,60600,500,
600063.SH,600063,20251209,93212420,0,1204347,A,B,60200,18000,
600063.SH,600063,20251209,93212560,0,1204962,A,S,62000,500,
600063.SH,600063,20251209,93212710,0,1205777,A,S,60900,600,
600063.SH,600063,20251209,93213270,0,1208593,A,S,60900,3000,
600063.SH,600063,20251209,93213360,0,8760,D,S,61200,2000,
600063.SH,600063,20251209,93213590,0,1210046,A,S,60900,200,
600063.SH,600063,20251209,93213660,0,1210971,A,B,60200,700,
600063.SH,600063,20251209,93213730,0,1211360,A,S,65200,1000,
600063.SH,600063,20251209,93214000,0,1212971,A,B,60700,500,
600063.SH,600063,20251209,93214360,0,1214923,A,S,61200,2000,
600063.SH,600063,20251209,93214690,0,1217328,A,S,61200,1000,
600063.SH,600063,20251209,93214730,0,724591,D,S,66700,200,
600063.SH,600063,20251209,93214770,0,1217723,A,S,60800,2900,
600063.SH,600063,20251209,93214770,0,1201058,D,B,60700,11100,
600063.SH,600063,20251209,93214820,0,1201151,D,B,60700,6400,
600063.SH,600063,20251209,93215010,0,1218924,A,S,61100,3000,
600063.SH,600063,20251209,93215590,0,1197710,D,B,60600,3200,
600063.SH,600063,20251209,93216710,0,1217723,D,S,60800,2900,
600063.SH,600063,20251209,93217070,0,1228228,A,S,62000,20400,
600063.SH,600063,20251209,93217580,0,1230591,A,S,66400,3000,
600063.SH,600063,20251209,93217680,0,1200940,D,B,60700,600,
600063.SH,600063,20251209,93217700,0,1201108,D,B,60700,2000,
600063.SH,600063,20251209,93217740,0,1200995,D,B,60700,1400,
600063.SH,600063,20251209,93217850,0,1231785,A,S,62000,1500,
600063.SH,600063,20251209,93218360,0,1233983,A,B,60700,1800,
600063.SH,600063,20251209,93218760,0,1235579,A,B,60700,1700,
600063.SH,600063,20251209,93218900,0,1236142,A,S,61100,9000,
600063.SH,600063,20251209,93219060,0,1236653,A,S,60800,200,
600063.SH,600063,20251209,93219090,0,1236696,A,S,60900,5000,
600063.SH,600063,20251209,93219210,0,1003497,D,B,60300,1000,
600063.SH,600063,20251209,93219580,0,1238737,A,B,60100,300,
600063.SH,600063,20251209,93219700,0,1239457,A,S,60900,700,
600063.SH,600063,20251209,93219790,0,1239714,A,B,60700,50000,
600063.SH,600063,20251209,93219820,0,1239827,A,S,60800,700,
600063.SH,600063,20251209,93219880,0,1240087,A,B,60700,100,
600063.SH,600063,20251209,93220480,0,1242448,A,S,61100,2300,
600063.SH,600063,20251209,93220540,0,1120476,D,B,60600,2000,
600063.SH,600063,20251209,93220560,0,1242725,A,B,60700,200,
600063.SH,600063,20251209,93220560,0,1242738,A,B,60800,600,
600063.SH,600063,20251209,93220590,0,1242761,A,B,60800,5500,
600063.SH,600063,20251209,93220620,0,1242991,A,B,60800,1400,
600063.SH,600063,20251209,93220620,0,1243067,A,B,60800,23200,
600063.SH,600063,20251209,93220620,0,1243078,A,B,60800,12600,
600063.SH,600063,20251209,93220700,0,598573,D,S,61000,6300,
600063.SH,600063,20251209,93220740,0,1243492,A,S,62000,6000,
600063.SH,600063,20251209,93220880,0,1243949,A,B,60800,4500,
600063.SH,600063,20251209,93220880,0,1243957,A,B,60900,9500,
600063.SH,600063,20251209,93220880,0,1243960,A,B,60900,2800,
600063.SH,600063,20251209,93220880,0,1243974,A,B,60900,700,
600063.SH,600063,20251209,93220880,0,1243980,A,B,60900,200,
600063.SH,600063,20251209,93220880,0,1243981,A,B,60900,9500,
600063.SH,600063,20251209,93220880,0,1243984,A,B,60900,700,
600063.SH,600063,20251209,93220880,0,1243996,A,B,60800,2300,
600063.SH,600063,20251209,93220880,0,1244003,A,B,60900,300,
600063.SH,600063,20251209,93220880,0,1244013,A,S,62000,10000,
600063.SH,600063,20251209,93220880,0,1244059,A,B,60900,100,
600063.SH,600063,20251209,93220880,0,1244061,A,B,60900,100,
600063.SH,600063,20251209,93220880,0,1244107,A,B,60900,400,
600063.SH,600063,20251209,93220880,0,1244118,A,B,60900,21300,
600063.SH,600063,20251209,93220920,0,1244276,A,B,60900,5400,
600063.SH,600063,20251209,93220960,0,1060764,D,B,60500,500,
600063.SH,600063,20251209,93220960,0,1244373,A,B,60100,10000,
600063.SH,600063,20251209,93220960,0,1244408,A,S,61500,100,
600063.SH,600063,20251209,93220990,0,1244482,A,S,66600,600,
600063.SH,600063,20251209,93221180,0,1245267,A,S,61100,500,
600063.SH,600063,20251209,93221180,0,1245268,A,B,60700,500,
600063.SH,600063,20251209,93221530,0,1246732,A,B,60800,2000,
600063.SH,600063,20251209,93221690,0,1243067,D,B,60800,23200,
600063.SH,600063,20251209,93221730,0,1247602,A,S,61100,4900,
