万得代码,交易所代码,自然日,时间,成交价,成交量,成交额,成交笔数,IOPV,成交标志,BS标志,当日累计成交量,当日成交额,最高价,最低价,开盘价,前收盘,申卖价1,申卖价2,申卖价3,申卖价4,申卖价5,申卖价6,申卖价7,申卖价8,申卖价9,申卖价10,申卖量1,申卖量2,申卖量3,申卖量4,申卖量5,申卖量6,申卖量7,申卖量8,申卖量9,申卖量10,申买价1,申买价2,申买价3,申买价4,申买价5,申买价6,申买价7,申买价8,申买价9,申买价10,申买量1,申买量2,申买量3,申买量4,申买量5,申买量6,申买量7,申买量8,申买量9,申买量10,加权平均叫卖价,加权平均叫买价,叫卖总量,叫买总量,不加权指数,品种总数,上涨品种数,下跌品种数,持平品种数,
000036.SZ,000036,20251209,81612000,0,0,0,0,0,,,0,0,0,0,0,47200,0,0,0,0,0,0,0,0,0,0,0,0,0,0,0,0,0,0,0,0,0,0,0,0,0,0,0,0,0,0,0,0,0,0,0,0,0,0,0,0,0,0,0,0,0,0,0,0,0,
000036.SZ,000036,20251209,91500000,0,0,0,0,0,,,0,0,0,0,0,47200,0,0,0,0,0,0,0,0,0,0,0,0,0,0,0,0,0,0,0,0,0,0,0,0,0,0,0,0,0,0,0,0,0,0,0,0,0,0,0,0,0,0,0,0,0,0,0,0,0,
000036.SZ,000036,20251209,91509000,0,0,0,0,0,,,0,0,0,0,0,47200,47100,0,0,0,0,0,0,0,0,0,9200,0,0,0,0,0,0,0,0,0,47100,0,0,0,0,0,0,0,0,0,9200,4800,0,0,0,0,0,0,0,0,0,0,0,0,0,0,0,0,0,
000036.SZ,000036,20251209,91518000,0,0,0,0,0,,,0,0,0,0,0,47200,47100,0,0,0,0,0,0,0,0,0,9600,0,0,0,0,0,0,0,0,0,47100,0,0,0,0,0,0,0,0,0,9600,4400,0,0,0,0,0,0,0,0,0,0,0,0,0,0,0,0,0,
000036.SZ,000036,20251209,91536000,0,0,0,0,0,,,0,0,0,0,0,47200,46600,0,0,0,0,0,0,0,0,0,94700,0,0,0,0,0,0,0,0,0,46600,0,0,0,0,0,0,0,0,0,94700,5500,0,0,0,0,0,0,0,0,0,0,0,0,0,0,0,0,0,
000036.SZ,000036,20251209,91554000,0,0,0,0,0,,,0,0,0,0,0,47200,46600,0,0,0,0,0,0,0,0,0,95100,0,0,0,0,0,0,0,0,0,46600,0,0,0,0,0,0,0,0,0,95100,5100,0,0,0,0,0,0,0,0,0,0,0,0,0,0,0,0,0,
000036.SZ,000036,20251209,91603000,0,0,0,0,0,,,0,0,0,0,0,47200,46600,0,0,0,0,0,0,0,0,0,95100,0,0,0,0,0,0,0,0,0,46600,0,0,0,0,0,0,0,0,0,95100,6500,0,0,0,0,0,0,0,0,0,0,0,0,0,0,0,0,0,
000036.SZ,000036,20251209,91657000,0,0,0,0,0,,,0,0,0,0,0,47200,46600,0,0,0,0,0,0,0,0,0,95100,0,0,0,0,0,0,0,0,0,46600,0,0,0,0,0,0,0,0,0,95100,11500,0,0,0,0,0,0,0,0,0,0,0,0,0,0,0,0,0,
000036.SZ,000036,20251209,91724000,0,0,0,0,0,,,0,0,0,0,0,47200,46600,0,0,0,0,0,0,0,0,0,95100,0,0,0,0,0,0,0,0,0,46600,0,0,0,0,0,0,0,0,0,95100,11600,0,0,0,0,0,0,0,0,0,0,0,0,0,0,0,0,0,
000036.SZ,000036,20251209,91751000,0,0,0,0,0,,,0,0,0,0,0,47200,46600,0,0,0,0,0,0,0,0,0,100800,0,0,0,0,0,0,0,0,0,46600,0,0,0,0,0,0,0,0,0,100800,5900,0,0,0,0,0,0,0,0,0,0,0,0,0,0,0,0,0,
000036.SZ,000036,20251209,91800000,0,0,0,0,0,,,0,0,0,0,0,47200,46600,0,0,0,0,0,0,0,0,0,100900,0,0,0,0,0,0,0,0,0,46600,0,0,0,0,0,0,0,0,0,100900,5800,0,0,0,0,0,0,0,0,0,0,0,0,0,0,0,0,0,
000036.SZ,000036,20251209,91827000,0,0,0,0,0,,,0,0,0,0,0,47200,46600,0,0,0,0,0,0,0,0,0,101400,0,0,0,0,0,0,0,0,0,46600,0,0,0,0,0,0,0,0,0,101400,5300,0,0,0,0,0,0,0,0,0,0,0,0,0,0,0,0,0,
000036.SZ,000036,20251209,91845000,0,0,0,0,0,,,0,0,0,0,0,47200,46600,0,0,0,0,0,0,0,0,0,101400,0,0,0,0,0,0,0,0,0,46600,0,0,0,0,0,0,0,0,0,101400,5200,0,0,0,0,0,0,0,0,0,0,0,0,0,0,0,0,0,
000036.SZ,000036,20251209,91854000,0,0,0,0,0,,,0,0,0,0,0,47200,46600,0,0,0,0,0,0,0,0,0,101400,0,0,0,0,0,0,0,0,0,46600,0,0,0,0,0,0,0,0,0,101400,6200,0,0,0,0,0,0,0,0,0,0,0,0,0,0,0,0,0,
000036.SZ,000036,20251209,91912000,0,0,0,0,0,,,0,0,0,0,0,47200,46600,0,0,0,0,0,0,0,0,0,102400,0,0,0,0,0,0,0,0,0,46600,0,0,0,0,0,0,0,0,0,102400,5200,0,0,0,0,0,0,0,0,0,0,0,0,0,0,0,0,0,
000036.SZ,000036,20251209,91930000,0,0,0,0,0,,,0,0,0,0,0,47200,46700,0,0,0,0,0,0,0,0,0,55400,0,0,0,0,0,0,0,0,0,46700,0,0,0,0,0,0,0,0,0,55400,8900,0,0,0,0,0,0,0,0,0,0,0,0,0,0,0,0,0,
000036.SZ,000036,20251209,91939000,0,0,0,0,0,,,0,0,0,0,0,47200,46700,0,0,0,0,0,0,0,0,0,55400,0,0,0,0,0,0,0,0,0,46700,0,0,0,0,0,0,0,0,0,55400,9600,0,0,0,0,0,0,0,0,0,0,0,0,0,0,0,0,0,
000036.SZ,000036,20251209,92009000,0,0,0,0,0,,,0,0,0,0,0,47200,46700,0,0,0,0,0,0,0,0,0,55500,0,0,0,0,0,0,0,0,0,46700,0,0,0,0,0,0,0,0,0,55500,15600,0,0,0,0,0,0,0,0,0,0,0,0,0,0,0,0,0,
000036.SZ,000036,20251209,92018000,0,0,0,0,0,,,0,0,0,0,0,47200,46700,0,0,0,0,0,0,0,0,0,55600,0,0,0,0,0,0,0,0,0,46700,0,0,0,0,0,0,0,0,0,55600,15500,0,0,0,0,0,0,0,0,0,0,0,0,0,0,0,0,0,
000036.SZ,000036,20251209,92027000,0,0,0,0,0,,,0,0,0,0,0,47200,46600,0,0,0,0,0,0,0,0,0,77400,0,0,0,0,0,0,0,0,0,46600,0,0,0,0,0,0,0,0,0,77400,35600,0,0,0,0,0,0,0,0,0,0,0,0,0,0,0,0,0,
000036.SZ,000036,20251209,92121000,0,0,0,0,0,,,0,0,0,0,0,47200,46600,0,0,0,0,0,0,0,0,0,77400,0,0,0,0,0,0,0,0,0,46600,0,0,0,0,0,0,0,0,0,77400,37900,0,0,0,0,0,0,0,0,0,0,0,0,0,0,0,0,0,
000036.SZ,000036,20251209,92139000,0,0,0,0,0,,,0,0,0,0,0,47200,46600,0,0,0,0,0,0,0,0,0,77400,0,0,0,0,0,0,0,0,0,46600,0,0,0,0,0,0,0,0,0,77400,40000,0,0,0,0,0,0,0,0,0,0,0,0,0,0,0,0,0,
000036.SZ,000036,20251209,92148000,0,0,0,0,0,,,0,0,0,0,0,47200,46600,0,0,0,0,0,0,0,0,0,79900,0,0,0,0,0,0,0,0,0,46600,0,0,0,0,0,0,0,0,0,79900,38000,0,0,0,0,0,0,0,0,0,0,0,0,0,0,0,0,0,
000036.SZ,000036,20251209,92157000,0,0,0,0,0,,,0,0,0,0,0,47200,46600,0,0,0,0,0,0,0,0,0,79900,0,0,0,0,0,0,0,0,0,46600,0,0,0,0,0,0,0,0,0,79900,40000,0,0,0,0,0,0,0,0,0,0,0,0,0,0,0,0,0,
000036.SZ,000036,20251209,92215000,0,0,0,0,0,,,0,0,0,0,0,47200,46600,0,0,0,0,0,0,0,0,0,79900,0,0,0,0,0,0,0,0,0,46600,0,0,0,0,0,0,0,0,0,79900,40400,0,0,0,0,0,0,0,0,0,0,0,0,0,0,0,0,0,
000036.SZ,000036,20251209,92233000,0,0,0,0,0,,,0,0,0,0,0,47200,46600,0,0,0,0,0,0,0,0,0,80700,0,0,0,0,0,0,0,0,0,46600,0,0,0,0,0,0,0,0,0,80700,39600,0,0,0,0,0,0,0,0,0,0,0,0,0,0,0,0,0,
000036.SZ,000036,20251209,92242000,0,0,0,0,0,,,0,0,0,0,0,47200,46600,0,0,0,0,0,0,0,0,0,80700,0,0,0,0,0,0,0,0,0,46600,0,0,0,0,0,0,0,0,0,80700,39900,0,0,0,0,0,0,0,0,0,0,0,0,0,0,0,0,0,
000036.SZ,000036,20251209,92251000,0,0,0,0,0,,,0,0,0,0,0,47200,46600,0,0,0,0,0,0,0,0,0,81100,0,0,0,0,0,0,0,0,0,46600,0,0,0,0,0,0,0,0,0,81100,89700,0,0,0,0,0,0,0,0,0,0,0,0,0,0,0,0,0,
000036.SZ,000036,20251209,92309000,0,0,0,0,0,,,0,0,0,0,0,47200,46600,0,0,0,0,0,0,0,0,0,82100,0,0,0,0,0,0,0,0,0,46600,0,0,0,0,0,0,0,0,0,82100,88700,0,0,0,0,0,0,0,0,0,0,0,0,0,0,0,0,0,
000036.SZ,000036,20251209,92318000,0,0,0,0,0,,,0,0,0,0,0,47200,46600,0,0,0,0,0,0,0,0,0,83100,0,0,0,0,0,0,0,0,0,46600,0,0,0,0,0,0,0,0,0,83100,87700,0,0,0,0,0,0,0,0,0,0,0,0,0,0,0,0,0,
000036.SZ,000036,20251209,92336000,0,0,0,0,0,,,0,0,0,0,0,47200,46600,0,0,0,0,0,0,0,0,0,83100,0,0,0,0,0,0,0,0,0,46600,0,0,0,0,0,0,0,0,0,83100,87900,0,0,0,0,0,0,0,0,0,0,0,0,0,0,0,0,0,
000036.SZ,000036,20251209,92345000,0,0,0,0,0,,,0,0,0,0,0,47200,46600,0,0,0,0,0,0,0,0,0,105600,0,0,0,0,0,0,0,0,0,46600,0,0,0,0,0,0,0,0,0,105600,67400,0,0,0,0,0,0,0,0,0,0,0,0,0,0,0,0,0,
000036.SZ,000036,20251209,92354000,0,0,0,0,0,,,0,0,0,0,0,47200,46600,0,0,0,0,0,0,0,0,0,105600,0,0,0,0,0,0,0,0,0,46600,0,0,0,0,0,0,0,0,0,105600,92400,0,0,0,0,0,0,0,0,0,0,0,0,0,0,0,0,0,
000036.SZ,000036,20251209,92403000,0,0,0,0,0,,,0,0,0,0,0,47200,46600,0,0,0,0,0,0,0,0,0,105600,0,0,0,0,0,0,0,0,0,46600,0,0,0,0,0,0,0,0,0,105600,93800,0,0,0,0,0,0,0,0,0,0,0,0,0,0,0,0,0,
000036.SZ,000036,20251209,92412000,0,0,0,0,0,,,0,0,0,0,0,47200,46600,0,0,0,0,0,0,0,0,0,150200,0,0,0,0,0,0,0,0,0,46600,0,0,0,0,0,0,0,0,0,150200,56300,0,0,0,0,0,0,0,0,0,0,0,0,0,0,0,0,0,
000036.SZ,000036,20251209,92421000,0,0,0,0,0,,,0,0,0,0,0,47200,46600,0,0,0,0,0,0,0,0,0,159300,0,0,0,0,0,0,0,0,0,46600,0,0,0,0,0,0,0,0,0,159300,53200,0,0,0,0,0,0,0,0,0,0,0,0,0,0,0,0,0,
000036.SZ,000036,20251209,92439000,0,0,0,0,0,,,0,0,0,0,0,47200,46600,0,0,0,0,0,0,0,0,0,160700,0,0,0,0,0,0,0,0,0,46600,0,0,0,0,0,0,0,0,0,160700,53000,0,0,0,0,0,0,0,0,0,0,0,0,0,0,0,0,0,
000036.SZ,000036,20251209,92448000,0,0,0,0,0,,,0,0,0,0,0,47200,46600,0,0,0,0,0,0,0,0,0,160700,0,0,0,0,0,0,0,0,0,46600,0,0,0,0,0,0,0,0,0,160700,59400,0,0,0,0,0,0,0,0,0,0,0,0,0,0,0,0,0,
000036.SZ,000036,20251209,92457000,0,0,0,0,0,,,0,0,0,0,0,47200,46700,0,0,0,0,0,0,0,0,0,170400,0,0,0,0,0,0,0,0,0,46700,0,0,0,0,0,0,0,0,0,170400,18100,0,0,0,0,0,0,0,0,0,0,0,0,0,0,0,0,0,
000036.SZ,000036,20251209,92500000,47000,183000,860100,70,0,,,183000,860100,47000,47000,47000,47200,47000,47100,47200,47300,47400,47500,47600,47700,47800,47900,1800,38700,82300,113900,21300,27800,12800,96000,25700,43300,46900,46800,46700,46600,46500,46400,46300,46200,46100,46000,5000,33500,39100,127400,64700,20500,355200,41300,74200,39300,50100,46000,2490500,1355800,0,0,0,0,0,
000036.SZ,000036,20251209,93000000,47000,9500,44553,79,0,,,192500,904653,47000,46800,47000,47200,47100,47200,47300,47400,47500,47600,47700,47800,47900,48000,38700,85900,117500,26600,31900,19000,96000,27700,43300,65900,47000,46800,46700,46600,46500,46400,46300,46200,46100,46000,32300,32000,39100,127400,54100,20500,355200,41300,73200,41300,50000,46000,2367600,1372000,0,0,0,0,0,
000036.SZ,000036,20251209,93003000,46900,218200,1023155,201,0,,,410700,1927808,47100,46700,47000,47200,46900,47000,47100,47200,47300,47400,47500,47600,47700,47800,6900,225000,52100,104200,122500,26600,38300,26900,182900,42600,46800,46700,46600,46500,46400,46300,46200,46100,46000,45900,700,50000,134100,76300,21100,407800,46300,83100,113000,236100,49800,46000,3562200,1548000,0,0,0,0,0,
000036.SZ,000036,20251209,93006000,46900,22400,104992,238,0,,,433100,2032800,47100,46700,47000,47200,46800,46900,47000,47100,47200,47300,47400,47500,47600,47700,300,65700,146300,44400,101500,122500,33800,43700,27500,183900,46700,46600,46500,46400,46300,46200,46100,46000,45900,45800,50100,137300,76300,21100,407800,46300,83100,126000,236100,44000,49800,46000,3705600,1564600,0,0,0,0,0,
000036.SZ,000036,20251209,93009000,46700,5600,26159,243,0,,,438700,2058959,47100,46700,47000,47200,46800,46900,47000,47100,47200,47300,47400,47500,47600,47700,13400,65800,144000,44400,101500,122500,33800,43700,27500,184200,46700,46600,46500,46400,46300,46200,46100,46000,45900,45800,45200,137300,152600,21100,407800,46300,83100,128000,236100,44000,49800,46000,3738500,1638000,0,0,0,0,0,
000036.SZ,000036,20251209,93012000,46800,9300,43435,249,0,,,448000,2102394,47100,46700,47000,47200,46800,46900,47000,47100,47200,47300,47400,47500,47600,47700,81200,65800,133100,44400,101500,122500,34100,42600,27500,184200,46700,46600,46500,46400,46300,46200,46100,46000,45900,45800,38700,137300,152900,21100,407800,46300,83100,128000,236100,44000,49700,46000,3798100,1631800,0,0,0,0,0,
000036.SZ,000036,20251209,93015000,46700,53700,250690,316,0,,,501700,2353084,47100,46600,47000,47200,46700,46800,46900,47000,47100,47200,47300,47400,47500,47600,101600,155900,63900,95900,43000,101500,122500,34100,42600,27500,46600,46500,46400,46300,46200,46100,46000,45900,45800,45700,128400,153000,21100,407800,46300,83100,128000,237400,44000,197000,49600,46000,3933900,1585600,0,0,0,0,0,
000036.SZ,000036,20251209,93018000,46700,53200,247936,373,0,,,554900,2601020,47100,46600,47000,47200,46700,46800,46900,47000,47100,47200,47300,47400,47500,47600,124000,20800,59000,57800,48400,101500,122500,34100,42600,27500,46600,46500,46400,46300,46200,46100,46000,45900,45800,45700,78900,153000,21100,407800,46300,83100,128000,237400,44900,197000,49700,46000,3783600,1538000,0,0,0,0,0,
000036.SZ,000036,20251209,93021000,46600,78800,367208,393,0,,,633700,2968228,47100,46600,47000,47200,46600,46700,46800,46900,47000,47100,47200,47300,47400,47500,21800,162800,20400,59200,57600,47900,101500,122500,34100,42600,46500,46400,46300,46200,46100,46000,45900,45800,45700,45600,153000,26500,407800,46300,83100,128000,238900,45800,197000,11000,49700,45900,3843700,1466900,0,0,0,0,0,
000036.SZ,000036,20251209,93024000,46600,8800,40972,404,0,,,642500,3009200,47100,46500,47000,47200,46600,46700,46800,46900,47000,47100,47200,47300,47400,47500,46800,154000,13600,43300,55800,47900,101500,122500,34100,42600,46500,46400,46300,46200,46100,46000,45900,45800,45700,45600,151600,26500,407800,46300,83100,128000,238900,45800,197000,11000,49700,45900,3883900,1465500,0,0,0,0,0,
000036.SZ,000036,20251209,93027000,46500,26800,124670,419,0,,,669300,3133870,47100,46500,47000,47200,46600,46700,46800,46900,47000,47100,47200,47300,47400,47500,54700,150200,9600,43300,39100,47900,101500,122500,34100,42600,46500,46400,46300,46200,46100,46000,45900,45800,45700,45600,128100,26500,417800,46300,83100,128000,238900,45800,197000,11000,49600,45900,4124400,1452000,0,0,0,0,0,
000036.SZ,000036,20251209,93030000,46400,154800,719553,459,0,,,824100,3853423,47100,46400,47000,47200,46400,46500,46600,46700,46800,46900,47000,47100,47200,47300,50300,2900,56600,111800,5200,43300,39100,52900,101500,122500,46300,46200,46100,46000,45900,45800,45700,45600,45500,45400,417800,46300,83100,128000,240200,45800,197000,11000,7600,5800,49600,45900,4151100,1298700,0,0,0,0,0,
000036.SZ,000036,20251209,93033000,46400,49400,229216,469,0,,,873500,4082639,47100,46400,47000,47200,46400,46500,46600,46700,46800,46900,47000,47100,47200,47300,11600,22200,51800,67300,5100,43300,36800,52900,101500,122500,46300,46200,46100,46000,45900,45800,45700,45600,45500,45400,441800,46300,83100,138000,240200,45800,197000,11000,7600,5800,49700,45900,4102800,1332700,0,0,0,0,0,
000036.SZ,000036,20251209,93036000,46400,3000,13920,472,0,,,876500,4096559,47100,46400,47000,47200,46400,46500,46600,46700,46800,46900,47000,47100,47200,47300,21700,23900,42900,40700,5100,42100,36800,52900,101500,122500,46300,46200,46100,46000,45900,45800,45700,45600,45500,45400,434200,48900,83100,138000,240200,45800,197000,11000,7600,5800,49700,45900,4087300,1327700,0,0,0,0,0,
000036.SZ,000036,20251209,93039000,46500,32800,152157,568,0,,,909300,4248716,47100,46300,47000,47200,46500,46600,46700,46800,46900,47000,47100,47200,47300,47400,4200,43800,40700,4700,42100,41800,52900,101500,122500,27800,46400,46300,46200,46100,46000,45900,45800,45700,45600,45500,4900,428700,48900,83100,138000,240200,45800,197000,11000,7600,49700,45900,4048900,1327100,0,0,0,0,0,
000036.SZ,000036,20251209,93042000,46400,5400,25100,582,0,,,914700,4273816,47100,46300,47000,47200,46500,46600,46700,46800,46900,47000,47100,47200,47300,47400,3300,48700,37200,4700,40000,40800,52900,101500,122500,27800,46400,46300,46200,46100,46000,45900,45800,45700,45600,45500,6500,409000,48900,81200,138000,240200,45800,197000,11000,7600,49700,45900,4046300,1307100,0,0,0,0,0,
000036.SZ,000036,20251209,93045000,46500,7400,34372,593,0,,,922100,4308188,47100,46300,47000,47200,46600,46700,46800,46900,47000,47100,47200,47300,47400,47500,48700,37200,4700,40000,40800,52900,101500,122500,27800,52600,46500,46400,46300,46200,46100,46000,45900,45800,45700,45600,1100,20000,410800,48900,83100,138000,240200,45800,197000,11000,49700,45900,4024600,1325400,0,0,0,0,0,
000036.SZ,000036,20251209,93048000,46400,5900,27395,603,0,,,928000,4335583,47100,46300,47000,47200,46500,46600,46700,46800,46900,47000,47100,47200,47300,47400,2000,64000,36100,4700,45000,40800,52900,101500,122500,27800,46400,46300,46200,46100,46000,45900,45800,45700,45600,45500,19800,407100,48900,83100,146100,240200,47800,197000,11000,7600,49700,45900,4065800,1330500,0,0,0,0,0,
000036.SZ,000036,20251209,93051000,46400,200,928,604,0,,,928200,4336511,47100,46300,47000,47200,46500,46600,46700,46800,46900,47000,47100,47200,47300,47400,13700,64000,36100,4700,45000,40800,52900,101500,122500,27800,46400,46300,46200,46100,46000,45900,45800,45700,45600,45500,27300,404700,58900,83100,146100,240200,47800,197000,11000,7600,49700,45900,4077500,1345600,0,0,0,0,0,
000036.SZ,000036,20251209,93054000,46400,15300,70993,614,0,,,943500,4407504,47100,46300,47000,47200,46500,46600,46700,46800,46900,47000,47100,47200,47300,47400,48000,64000,36100,9700,45000,40800,52900,101500,122500,27800,46400,46300,46200,46100,46000,45900,45800,45700,45600,45500,24600,404700,142400,86400,146100,240200,47800,197000,11000,7600,49600,45900,4116800,1429700,0,0,0,0,0,
000036.SZ,000036,20251209,93057000,46400,328400,1521155,656,0,,,1271900,5928659,47100,46300,47000,47200,46500,46600,46700,46800,46900,47000,47100,47200,47300,47400,91500,63500,36100,9700,45000,40700,52900,101500,123500,27800,46300,46200,46100,46000,45900,45800,45700,45600,45500,45400,142900,142400,86400,146100,240200,47800,197000,11000,7600,5800,49600,45800,4242800,1143300,0,0,0,0,0,
000036.SZ,000036,20251209,93100000,46400,36500,169095,669,0,,,1308400,6097754,47100,46300,47000,47200,46400,46500,46600,46700,46800,46900,47000,47100,47200,47300,3700,92100,63500,36100,9700,45000,45900,52900,101500,123500,46300,46200,46100,46000,45900,45800,45700,45600,45500,45400,116400,142400,86400,146100,240200,47800,197000,11000,7600,5800,49600,45800,4266300,1116800,0,0,0,0,0,
000036.SZ,000036,20251209,93103000,46400,23500,108929,688,0,,,1331900,6206683,47100,46300,47000,47200,46400,46500,46600,46700,46800,46900,47000,47100,47200,47300,316100,81400,46600,41100,9700,45000,45200,52900,101500,123500,46300,46200,46100,46000,45900,45800,45700,45600,45500,45400,109300,142400,86400,147100,240200,47800,197000,11000,7600,5800,49400,45800,4555400,1110700,0,0,0,0,0,
000036.SZ,000036,20251209,93106000,46300,117000,541711,716,0,,,1448900,6748394,47100,46300,47000,47200,46400,46500,46600,46700,46800,46900,47000,47100,47200,47300,325800,74100,45400,40400,13700,45000,45200,52900,101500,123500,46200,46100,46000,45900,45800,45700,45600,45500,45400,45300,142400,86400,153100,244100,55800,197000,11000,7600,5800,28300,49400,45700,4560200,1022400,0,0,0,0,0,
000036.SZ,000036,20251209,93109000,46300,19700,91373,723,0,,,1468600,6839767,47100,46300,47000,47200,46400,46500,46600,46700,46800,46900,47000,47100,47200,47300,310300,73600,41800,40400,13600,45000,44100,52900,101500,123500,46300,46200,46100,46000,45900,45800,45700,45600,45500,45400,51600,142400,86400,153100,244100,55800,197000,14400,7600,5800,49400,45800,4539400,1077400,0,0,0,0,0,
000036.SZ,000036,20251209,93112000,46300,23500,108814,727,0,,,1492100,6948581,47100,46300,47000,47200,46400,46500,46600,46700,46800,46900,47000,47100,47200,47300,310600,71200,46800,40400,12900,45000,43800,52900,101500,123500,46300,46200,46100,46000,45900,45800,45700,45600,45500,45400,29700,142400,86600,153100,244100,55800,197000,14400,7600,5800,49400,45700,4541300,1055700,0,0,0,0,0,
000036.SZ,000036,20251209,93115000,46300,20600,95511,733,0,,,1512700,7044092,47100,46300,47000,47200,46400,46500,46600,46700,46800,46900,47000,47100,47200,47300,297300,71200,46400,40400,12900,45000,43800,52900,101500,123500,46300,46200,46100,46000,45900,45800,45700,45600,45500,45400,26400,145300,86600,153100,245500,55800,197000,14400,7600,5800,49400,45700,4533700,1056700,0,0,0,0,0,
000036.SZ,000036,20251209,93118000,46300,8100,37509,735,0,,,1520800,7081601,47100,46300,47000,47200,46400,46500,46600,46700,46800,46900,47000,47100,47200,47300,35800,51200,45600,40400,12900,45000,43800,52900,101500,123500,46300,46200,46100,46000,45900,45800,45700,45600,45500,45400,29900,150400,86600,153600,245500,55800,197000,14400,7600,5800,49600,45700,4267500,1065800,0,0,0,0,0,
000036.SZ,000036,20251209,93121000,46300,9900,45837,741,0,,,1530700,7127438,47100,46300,47000,47200,46400,46500,46600,46700,46800,46900,47000,47100,47200,47300,36600,51200,45600,40400,12900,45000,43800,52900,101500,123500,46300,46200,46100,46000,45900,45800,45700,45600,45500,45400,26400,150400,86600,153600,245500,55800,197000,14400,7600,5800,49600,45700,4265700,1062300,0,0,0,0,0,
000036.SZ,000036,20251209,93124000,46300,51600,238958,780,0,,,1582300,7366396,47100,46300,47000,47200,46300,46400,46500,46600,46700,46800,46900,47000,47100,47200,29700,31700,51200,44900,40400,12900,45000,43800,52900,101500,46200,46100,46000,45900,45800,45700,45600,45500,45400,45300,155700,168900,159600,245500,55800,197000,14400,7800,5800,28300,49600,45800,4289200,1129700,0,0,0,0,0,
000036.SZ,000036,20251209,93127000,46300,5300,24503,785,0,,,1587600,7390899,47100,46200,47000,47200,46300,46400,46500,46600,46700,46800,46900,47000,47100,47200,30300,30600,51200,48400,39800,12900,5000,43800,52900,101500,46200,46100,46000,45900,45800,45700,45600,45500,45400,45300,153700,168900,162100,245500,63800,197000,14400,7800,5800,28300,49600,45800,4251600,1138200,0,0,0,0,0,
000036.SZ,000036,20251209,93130000,46300,4200,19425,792,0,,,1591800,7410324,47100,46200,47000,47200,46300,46400,46500,46600,46700,46800,46900,47000,47100,47200,48600,30600,77000,48300,39800,12900,5000,43800,52900,102000,46200,46100,46000,45900,45800,45700,45600,45500,45400,45300,180100,169000,169100,245500,63800,197000,14400,7800,5800,28300,49600,45800,4296100,1171700,0,0,0,0,0,
000036.SZ,000036,20251209,93133000,46200,22200,102627,802,0,,,1614000,7512951,47100,46200,47000,47200,46300,46400,46500,46600,46700,46800,46900,47000,47100,47200,44000,36100,79900,48100,39800,12900,5000,43800,52900,112000,46200,46100,46000,45900,45800,45700,45600,45500,45400,45300,166000,170100,169100,245500,63800,197000,14400,7800,5800,28300,49600,45800,4309200,1158700,0,0,0,0,0,
000036.SZ,000036,20251209,93136000,46200,11400,52678,810,0,,,1625400,7565629,47100,46200,47000,47200,46300,46400,46500,46600,46700,46800,46900,47000,47100,47200,68800,36100,79900,37600,39800,12900,5000,43800,52900,112000,46200,46100,46000,45900,45800,45700,45600,45500,45400,45300,156200,170100,161200,245500,63800,197000,14400,7800,5800,28300,49600,45800,4324500,1141000,0,0,0,0,0,
000036.SZ,000036,20251209,93139000,46200,8900,41173,818,0,,,1634300,7606802,47100,46200,47000,47200,46300,46400,46500,46600,46700,46800,46900,47000,47100,47200,63300,23600,79900,37600,39800,12900,5000,43800,52900,112000,46200,46100,46000,45900,45800,45700,45600,45500,45400,45300,169500,169300,155400,245500,63800,197000,14400,7800,5800,28300,49600,45800,4302600,1152700,0,0,0,0,0,
000036.SZ,000036,20251209,93142000,46300,378400,1751835,847,0,,,2012700,9358637,47100,46200,47000,47200,46400,46500,46600,46700,46800,46900,47000,47100,47200,47300,23600,79900,37600,39800,12900,5000,43800,52900,112000,123500,46300,46200,46100,46000,45900,45800,45700,45600,45500,45400,25800,171500,169300,155400,245500,65000,197000,14400,7800,5800,49600,45800,4238000,1181700,0,0,0,0,0,
000036.SZ,000036,20251209,93145000,46400,36700,169941,872,0,,,2049400,9528578,47100,46200,47000,47200,46400,46500,46600,46700,46800,46900,47000,47100,47200,47300,46200,79900,37600,35200,12900,5000,43800,52900,112000,123500,46200,46100,46000,45900,45800,45700,45600,45500,45400,45300,153800,169300,155400,245500,65000,197000,13900,7800,5800,28300,49600,45800,4257500,1137700,0,0,0,0,0,
000036.SZ,000036,20251209,93148000,46200,32800,151620,878,0,,,2082200,9680198,47100,46200,47000,47200,46400,46500,46600,46700,46800,46900,47000,47100,47200,47300,57400,80300,24900,35200,12900,5000,43800,52900,112000,123500,46300,46200,46100,46000,45900,45800,45700,45600,45500,45400,1000,126000,179300,156900,245500,65000,197000,13900,12800,5800,49600,45700,4266400,1127400,0,0,0,0,0,
000036.SZ,000036,20251209,93151000,46300,1600,7409,884,0,,,2083800,9687607,47100,46200,47000,47200,46400,46500,46600,46700,46800,46900,47000,47100,47200,47300,68000,80300,24900,35200,12900,5000,43800,52900,112000,123500,46300,46200,46100,46000,45900,45800,45700,45600,45500,45400,3800,125900,182600,276900,245500,65000,197000,13900,12800,5800,49600,45800,4277000,1253400,0,0,0,0,0,
000036.SZ,000036,20251209,93154000,46300,29900,138329,896,0,,,2113700,9825936,47100,46200,47000,47200,46400,46500,46600,46700,46800,46900,47000,47100,47200,47300,73200,80300,24900,35200,12900,5000,43800,52900,112000,123500,46200,46100,46000,45900,45800,45700,45600,45500,45400,45300,119500,182600,279900,245500,70800,197000,13900,12800,5800,28300,49600,45800,4285500,1252000,0,0,0,0,0,
000036.SZ,000036,20251209,93157000,46300,40500,187493,912,0,,,2154200,10013429,47100,46200,47000,47200,46300,46400,46500,46600,46700,46800,46900,47000,47100,47200,3100,71900,80300,22100,35200,12900,5000,43800,52900,112000,46200,46100,46000,45900,45800,45700,45600,45500,45400,45300,128600,182600,282300,245500,70800,197000,13900,12800,5800,28300,49600,45800,4285200,1263500,0,0,0,0,0,
000036.SZ,000036,20251209,93200000,46200,20300,93929,923,0,,,2174500,10107358,47100,46200,47000,47200,46300,46400,46500,46600,46700,46800,46900,47000,47100,47200,8200,71600,80300,13300,35200,12900,5000,43800,52900,112000,46200,46100,46000,45900,45800,45700,45600,45500,45400,45300,123000,182600,282800,245500,70800,197000,18900,12800,5800,28300,49600,45800,4281200,1263400,0,0,0,0,0,
000036.SZ,000036,20251209,93203000,46200,28400,131219,932,0,,,2202900,10238577,47100,46200,47000,47200,46300,46400,46500,46600,46700,46800,46900,47000,47100,47200,10400,71600,80300,13300,35200,12900,5000,46200,52900,112000,46200,46100,46000,45900,45800,45700,45600,45500,45400,45300,120000,182600,282800,245500,70800,197000,18900,12800,5800,28300,49600,45800,4285800,1260400,0,0,0,0,0,
000036.SZ,000036,20251209,93206000,46200,117700,544375,979,0,,,2320600,10782952,47100,46200,47000,47200,46300,46400,46500,46600,46700,46800,46900,47000,47100,47200,2550,70800,80300,13300,35200,12900,5000,46200,52900,112000,46200,46100,46000,45900,45800,45700,45600,45500,45400,45300,63800,182600,287500,245500,70800,202000,18900,12800,5800,28300,49600,45700,4277650,1213900,0,0,0,0,0,
000036.SZ,000036,20251209,93209000,46200,77100,356302,1020,0,,,2397700,11139254,47100,46200,47000,47200,46200,46300,46400,46500,46600,46700,46800,46900,47000,47100,58200,36350,71400,79700,13200,35200,12900,5000,46200,52900,46100,46000,45900,45800,45700,45600,45500,45400,45300,45200,191100,287500,245500,70800,202000,18900,12800,5800,28300,7700,49500,45700,4369550,1158600,0,0,0,0,0,
000036.SZ,000036,20251209,93212000,46100,171500,792299,1040,0,,,2569200,11931553,47100,46100,47000,47200,46200,46300,46400,46500,46600,46700,46800,46900,47000,47100,100,9700,43100,79700,13200,35200,12900,5000,46200,52900,46100,46000,45900,45800,45700,45600,45500,45400,45300,45200,186600,287500,248300,70800,202000,18900,22800,5800,28300,7700,49600,45700,4253500,1166900,0,0,0,0,0,
000036.SZ,000036,20251209,93215000,46200,13900,64163,1051,0,,,2583100,11995716,47100,46100,47000,47200,46200,46300,46400,46500,46600,46700,46800,46900,47000,47100,22200,9700,43100,79700,13200,35200,12900,5000,46200,52900,46100,46000,45900,45800,45700,45600,45500,45400,45300,45200,181400,290000,248300,115800,202500,18900,22800,5800,28300,7700,49600,45700,4273000,1210500,0,0,0,0,0,
000036.SZ,000036,20251209,93218000,46100,26500,122173,1059,0,,,2609600,12117889,47100,46100,47000,47200,46200,46300,46400,46500,46600,46700,46800,46900,47000,47100,88500,9700,43000,79700,13200,35200,12900,5000,46200,52900,46100,46000,45900,45800,45700,45600,45500,45400,45300,45200,162400,309200,248300,117900,202500,18900,22800,5800,28300,7700,49600,45700,4339200,1212800,0,0,0,0,0,
000036.SZ,000036,20251209,93221000,46200,31000,142916,1082,0,,,2640600,12260805,47100,46100,47000,47200,46200,46300,46400,46500,46600,46700,46800,46900,47000,47100,91800,9700,41900,49400,13200,35200,12900,5000,46200,52500,46100,46000,45900,45800,45700,45600,45500,45400,45300,45200,132900,309200,253300,117900,202500,18900,22800,5800,28300,7700,49600,45700,4310200,1188300,0,0,0,0,0,
000036.SZ,000036,20251209,93224000,46100,26000,119983,1100,0,,,2666600,12380788,47100,46100,47000,47200,46200,46300,46400,46500,46600,46700,46800,46900,47000,47100,79100,11200,36300,49400,13200,35200,12900,5000,46200,52500,46100,46000,45900,45800,45700,45600,45500,45400,45300,45200,119500,313200,253300,116600,202500,19400,22800,5800,28300,9700,49600,45700,4299500,1180100,0,0,0,0,0,
000036.SZ,000036,20251209,93227000,46200,59800,276209,1121,0,,,2726400,12656997,47100,46100,47000,47200,46200,46300,46400,46500,46600,46700,46800,46900,47000,47100,32000,11200,36300,49400,13200,35200,12900,5000,46200,52500,46100,46000,45900,45800,45700,45600,45500,45400,45300,45200,116100,315700,253300,136800,202500,21600,22800,5800,28300,9700,49600,45700,4253400,1201600,0,0,0,0,0,
000036.SZ,000036,20251209,93230000,46200,24600,113468,1128,0,,,2751000,12770465,47100,46100,47000,47200,46200,46300,46400,46500,46600,46700,46800,46900,47000,47100,32800,11200,36300,49400,13200,35200,12900,5000,46200,52500,46100,46000,45900,45800,45700,45600,45500,45400,45300,45200,101200,316000,253300,143800,207300,21600,22800,5800,28300,9700,49600,45700,4256200,1198800,0,0,0,0,0,
000036.SZ,000036,20251209,93233000,46100,35800,165038,1134,0,,,2786800,12935503,47100,46100,47000,47200,46200,46300,46400,46500,46600,46700,46800,46900,47000,47100,33500,14200,36300,49400,13200,35200,12900,5000,46200,52500,46100,46000,45900,45800,45700,45600,45500,45400,45300,45200,67400,316000,253300,143800,207300,21600,22800,5800,28300,9700,49600,45700,4259900,1167400,0,0,0,0,0,
000036.SZ,000036,20251209,93236000,46300,50400,232806,1184,0,,,2837200,13168309,47100,46100,47000,47200,46300,46400,46500,46600,46700,46800,46900,47000,47100,47200,14300,36400,49400,26000,35200,12900,5000,46200,52500,112000,46200,46100,46000,45900,45800,45700,45600,45500,45400,45300,47000,64100,318500,253300,144800,207300,21600,22800,5800,28300,49600,45700,4235700,1214600,0,0,0,0,0,
000036.SZ,000036,20251209,93239000,46100,159300,735057,1223,0,,,2996500,13903366,47100,46100,47000,47200,46100,46200,46300,46400,46500,46600,46700,46800,46900,47000,50100,3300,63700,36400,49400,26000,35200,12900,5000,46200,46000,45900,45800,45700,45600,45500,45400,45300,45200,45100,319000,253300,154800,207300,22100,22800,5800,28300,9700,11800,49600,45700,4333500,1114500,0,0,0,0,0,
000036.SZ,000036,20251209,93242000,46100,31000,142865,1229,0,,,3027500,14046231,47100,46000,47000,47200,46100,46200,46300,46400,46500,46600,46700,46800,46900,47000,1600,3300,32100,32100,49400,26000,35200,13900,5000,46200,46000,45900,45800,45700,45600,45500,45400,45300,45200,45100,316500,253300,152300,209300,22100,22800,5800,28300,9700,11800,49600,45700,4245100,1111500,0,0,0,0,0,
000036.SZ,000036,20251209,93245000,46100,1100,5062,1232,0,,,3028600,14051293,47100,46000,47000,47200,46100,46200,46300,46400,46500,46600,46700,46800,46900,47000,1400,16900,32200,19500,49400,25000,35200,13900,5000,46200,46000,45900,45800,45700,45600,45500,45400,45300,45200,45100,315600,253300,152300,209300,22600,23800,5800,28300,9700,11800,49600,45700,4249600,1112100,0,0,0,0,0,
000036.SZ,000036,20251209,93248000,46100,21600,99576,1244,0,,,3050200,14150869,47100,46000,47000,47200,46200,46300,46400,46500,46600,46700,46800,46900,47000,47100,21400,31000,19100,49400,25000,35200,13900,5000,46200,52500,46100,46000,45900,45800,45700,45600,45500,45400,45300,45200,114700,325600,253300,152800,209300,22600,23800,5800,28300,9700,49600,45700,4251100,1237300,0,0,0,0,0,
000036.SZ,000036,20251209,93251000,46100,7900,36426,1251,0,,,3058100,14187295,47100,46000,47000,47200,46200,46300,46400,46500,46600,46700,46800,46900,47000,47100,46700,28300,19100,49400,25000,34900,13900,5000,46200,52500,46100,46000,45900,45800,45700,45600,45500,45400,45300,45200,172500,325900,253600,165400,209300,22600,23800,10800,28300,9700,49600,45700,4273400,1313300,0,0,0,0,0,
000036.SZ,000036,20251209,93254000,46100,4000,18475,1255,0,,,3062100,14205770,47100,46000,47000,47200,46200,46300,46400,46500,46600,46700,46800,46900,47000,47100,45000,28300,19100,49400,25000,34900,13900,5000,46200,54700,46100,46000,45900,45800,45700,45600,45500,45400,45300,45200,192100,341400,253600,165400,209300,32600,23800,10800,28300,9700,49600,45700,4283700,1358400,0,0,0,0,0,
000036.SZ,000036,20251209,93257000,46100,24800,114348,1258,0,,,3086900,14320118,47100,46000,47000,47200,46200,46300,46400,46500,46600,46700,46800,46900,47000,47100,43200,28300,28300,49400,25000,34900,13900,5000,46200,54700,46100,46000,45900,45800,45700,45600,45500,45400,45300,45200,173400,349500,253600,168400,209300,32600,23800,10800,28300,9700,49600,45700,4286100,1350800,0,0,0,0,0,
000036.SZ,000036,20251209,93300000,46100,72000,331920,1283,0,,,3158900,14652038,47100,46000,47000,47200,46200,46300,46400,46500,46600,46700,46800,46900,47000,47100,45900,28900,28300,49400,25000,34900,21200,15000,46200,54700,46100,46000,45900,45800,45700,45600,45500,45400,45300,45200,102000,349500,253600,181700,209300,32600,23800,10800,28300,9700,49600,45700,4306700,1292700,0,0,0,0,0,
000036.SZ,000036,20251209,93303000,46100,58600,270146,1310,0,,,3217500,14922184,47100,46000,47000,47200,46200,46300,46400,46500,46600,46700,46800,46900,47000,47100,123300,29000,28200,49400,25000,34900,17300,15000,50100,54700,46100,46000,45900,45800,45700,45600,45500,45400,45300,45200,53800,351500,251800,181700,209300,32600,23800,10800,28300,9700,49500,45700,4386100,1244700,0,0,0,0,0,
000036.SZ,000036,20251209,93306000,46100,94900,437528,1356,0,,,3312400,15359712,47100,46000,47000,47200,46200,46300,46400,46500,46600,46700,46800,46900,47000,47100,161100,35100,28200,49300,25000,25900,17300,15000,50100,54700,46100,46000,45900,45800,45700,45600,45500,45400,45300,45200,36600,349800,254400,181700,209300,32600,23800,10800,28300,9700,49500,45700,4421200,1228400,0,0,0,0,0,
000036.SZ,000036,20251209,93309000,46100,168200,776587,1418,0,,,3480600,16136299,47100,46000,47000,47200,46200,46300,46400,46500,46600,46700,46800,46900,47000,47100,41530,35200,28200,49300,22600,25900,17300,15000,50100,54700,46100,46000,45900,45800,45700,45600,45500,45400,45300,45200,600,375300,254400,181700,209300,32600,23800,10800,28300,9700,49600,45700,4311730,1217900,0,0,0,0,0,
000036.SZ,000036,20251209,93312000,46100,35000,161350,1424,0,,,3515600,16297649,47100,46000,47000,47200,46200,46300,46400,46500,46600,46700,46800,46900,47000,47100,42130,35200,28200,49300,22600,25900,17300,15000,50100,54700,46100,46000,45900,45800,45700,45600,45500,45400,45300,45200,33800,391400,254400,181200,209300,32600,23800,10800,28300,9700,49600,45700,4314530,1266700,0,0,0,0,0,
000036.SZ,000036,20251209,93315000,46200,18100,83478,1437,0,,,3533700,16381127,47100,46000,47000,47200,46200,46300,46400,46500,46600,46700,46800,46900,47000,47100,38430,35200,28200,49300,22600,25900,17300,15000,50100,54700,46100,46000,45900,45800,45700,45600,45500,45400,45300,45200,22800,394900,254400,140800,209300,32600,23800,10800,28300,9700,49600,45700,4310030,1218800,0,0,0,0,0,
000036.SZ,000036,20251209,93318000,46200,10800,49891,1445,0,,,3544500,16431018,47100,46000,47000,47200,46200,46300,46400,46500,46600,46700,46800,46900,47000,47100,28330,35200,26200,49300,22600,25900,17300,15000,50100,54700,46100,46000,45900,45800,45700,45600,45500,45400,45300,45200,44600,397400,234500,140800,209300,32600,22800,10800,33300,9700,49600,45700,4296930,1227200,0,0,0,0,0,
000036.SZ,000036,20251209,93321000,46200,800,3696,1447,0,,,3545300,16434714,47100,46000,47000,47200,46200,46300,46400,46500,46600,46700,46800,46900,47000,47100,33330,35200,26200,51800,22600,25900,17300,15000,50100,54700,46100,46000,45900,45800,45700,45600,45500,45400,45300,45200,58400,400300,235700,140800,209300,32600,22800,10800,33300,9700,49600,45700,4305530,1245100,0,0,0,0,0,
000036.SZ,000036,20251209,93324000,46200,0,0,1447,0,,,3545300,16434714,47100,46000,47000,47200,46200,46300,46400,46500,46600,46700,46800,46900,47000,47100,40730,35200,21200,51800,9800,26900,17300,15000,50100,54700,46100,46000,45900,45800,45700,45600,45500,45400,45300,45200,78300,400300,235900,135900,209300,38100,22900,10800,33300,9700,49600,45700,4297030,1265900,0,0,0,0,0,
000036.SZ,000036,20251209,93327000,46100,76600,353165,1484,0,,,3621900,16787879,47100,46000,47000,47200,46200,46300,46400,46500,46600,46700,46800,46900,47000,47100,85530,25000,21200,51800,12300,26900,17300,15000,50100,54700,46100,46000,45900,45800,45700,45600,45500,45400,45300,45200,6200,439400,236100,135900,217700,38100,22900,10800,33300,9700,49600,45700,4336130,1241500,0,0,0,0,0,
000036.SZ,000036,20251209,93330000,46100,35900,165474,1497,0,,,3657800,16953353,47100,46000,47000,47200,46100,46200,46300,46400,46500,46600,46700,46800,46900,47000,54800,92930,25000,21200,51800,12300,26900,17300,15000,50100,46000,45900,45800,45700,45600,45500,45400,45300,45200,45100,437000,237700,135900,217700,38100,22900,10800,33300,9700,11800,49500,45700,4402130,1236500,0,0,0,0,0,
000036.SZ,000036,20251209,93333000,46000,13200,60800,1510,0,,,3671000,17014153,47100,46000,47000,47200,46100,46200,46300,46400,46500,46600,46700,46800,46900,47000,87900,92030,11100,21200,51800,12300,26900,17300,15000,50100,46000,45900,45800,45700,45600,45500,45400,45300,45200,45100,435800,238000,135900,217700,38100,22900,10800,33300,9700,11800,49500,45700,4420730,1235600,0,0,0,0,0,
000036.SZ,000036,20251209,93336000,46100,7900,36410,1517,0,,,3678900,17050563,47100,46000,47000,47200,46100,46200,46300,46400,46500,46600,46700,46800,46900,47000,98600,92030,11100,21200,51800,12300,26900,17300,16000,50100,46000,45900,45800,45700,45600,45500,45400,45300,45200,45100,436500,238000,138000,217700,38100,27900,10800,33300,9700,11800,49500,45700,4432430,1243400,0,0,0,0,0,
000036.SZ,000036,20251209,93339000,46100,29400,135528,1522,0,,,3708300,17186091,47100,46000,47000,47200,46100,46200,46300,46400,46500,46600,46700,46800,46900,47000,70600,92030,11000,21200,51800,12300,26900,17300,16000,50100,46000,45900,45800,45700,45600,45500,45400,45300,45200,45100,438300,238000,138000,217700,38100,27900,10800,33300,9700,11800,49500,45700,4404330,1245200,0,0,0,0,0,
000036.SZ,000036,20251209,93342000,46100,25300,116603,1535,0,,,3733600,17302694,47100,46000,47000,47200,46100,46200,46300,46400,46500,46600,46700,46800,46900,47000,48300,93530,11000,21200,43700,12300,26900,17300,16000,50100,46000,45900,45800,45700,45600,45500,45400,45300,45200,45100,436400,240100,138000,217700,38100,27900,10800,33300,9700,11800,49600,45700,4373430,1245400,0,0,0,0,0,
000036.SZ,000036,20251209,93345000,46100,29200,134605,1548,0,,,3762800,17437299,47100,46000,47000,47200,46100,46200,46300,46400,46500,46600,46700,46800,46900,47000,32600,100130,11000,21200,43700,12300,36900,17300,16000,50100,46000,45900,45800,45700,45600,45500,45400,45300,45200,45100,433300,240100,138300,217700,38400,27900,10800,33300,9700,11800,49600,45700,4374330,1242900,0,0,0,0,0,
000036.SZ,000036,20251209,93348000,46100,28600,131837,1570,0,,,3791400,17569136,47100,46000,47000,47200,46100,46200,46300,46400,46500,46600,46700,46800,46900,47000,7100,100130,11000,21200,43700,12300,36900,17300,16000,50100,46000,45900,45800,45700,45600,45500,45400,45300,45200,45100,439100,240100,138300,218200,38400,27900,10800,33300,9700,11800,49600,45700,4348830,1249200,0,0,0,0,0,
000036.SZ,000036,20251209,93351000,46100,8300,38263,1575,0,,,3799700,17607399,47100,46000,47000,47200,46200,46300,46400,46500,46600,46700,46800,46900,47000,47100,100130,11000,21200,43700,12300,36900,17300,16000,50100,54700,46100,46000,45900,45800,45700,45600,45500,45400,45300,45200,27600,447900,240100,142300,218200,38500,28400,10800,33300,9700,49600,45700,4349530,1291200,0,0,0,0,0,
000036.SZ,000036,20251209,93354000,46100,21600,99576,1581,0,,,3821300,17706975,47100,46000,47000,47200,46200,46300,46400,46500,46600,46700,46800,46900,47000,47100,105830,11000,21200,43700,12300,36900,17300,16000,50300,54700,46100,46000,45900,45800,45700,45600,45500,45400,45300,45200,13800,448300,240100,143800,218200,38500,28400,10800,33300,9700,49600,45700,4361430,1279300,0,0,0,0,0,
000036.SZ,000036,20251209,93357000,46100,800,3688,1582,0,,,3822100,17710663,47100,46000,47000,47200,46200,46300,46400,46500,46600,46700,46800,46900,47000,47100,109430,11000,21200,43700,12300,36900,17300,16000,50300,54700,46100,46000,45900,45800,45700,45600,45500,45400,45300,45200,13000,448300,240100,143800,218200,38500,28400,10800,33300,9700,49600,45700,4366530,1278500,0,0,0,0,0,
000036.SZ,000036,20251209,93400000,46100,18000,82981,1593,0,,,3840100,17793644,47100,46000,47000,47200,46200,46300,46400,46500,46600,46700,46800,46900,47000,47100,112630,11000,19100,43700,12300,36900,17300,16000,50300,54700,46100,46000,45900,45800,45700,45600,45500,45400,45300,45200,60500,548400,240100,143800,218200,38500,28400,10800,33300,9700,49600,45700,4367630,1426100,0,0,0,0,0,
000036.SZ,000036,20251209,93403000,46200,42600,196807,1625,0,,,3882700,17990451,47100,46000,47000,47200,46200,46300,46400,46500,46600,46700,46800,46900,47000,47100,69030,11000,19100,43700,12300,36900,17300,16000,50300,54700,46100,46000,45900,45800,45700,45600,45500,45400,45300,45200,173600,549700,240100,145800,220300,38500,28400,10800,33300,9700,49600,45800,4324030,1544600,0,0,0,0,0,
000036.SZ,000036,20251209,93406000,46100,31700,146218,1637,0,,,3914400,18136669,47100,46000,47000,47200,46200,46300,46400,46500,46600,46700,46800,46900,47000,47100,64230,11000,19100,43700,12300,36900,17300,16000,50300,54700,46100,46000,45900,45800,45700,45600,45500,45400,45300,45200,166000,553300,240100,145800,220300,38500,28400,10800,33300,9700,49600,45800,4319230,1540600,0,0,0,0,0,
000036.SZ,000036,20251209,93409000,46200,70830,327226,1664,0,,,3985230,18463895,47100,46000,47000,47200,46300,46400,46500,46600,46700,46800,46900,47000,47100,47200,10500,19100,43700,12300,36900,17300,16000,50300,54700,115600,46200,46100,46000,45900,45800,45700,45600,45500,45400,45300,1970,165700,553600,240100,145800,233300,38500,28400,10800,33300,49700,45800,4255000,1555570,0,0,0,0,0,
000036.SZ,000036,20251209,93412000,46200,2100,9702,1667,0,,,3987330,18473597,47100,46000,47000,47200,46300,46400,46500,46600,46700,46800,46900,47000,47100,47200,9300,19100,43700,12300,36900,17300,16000,54300,54700,115600,46200,46100,46000,45900,45800,45700,45600,45500,45400,45300,20770,166700,556400,240300,146000,233300,38500,33400,15800,35900,49700,45800,4257800,1591170,0,0,0,0,0,
000036.SZ,000036,20251209,93415000,46200,18200,84229,1682,0,,,4005530,18557826,47100,46000,47000,47200,46400,46500,46600,46700,46800,46900,47000,47100,47200,47300,17400,43700,12600,36900,17300,16000,54300,54700,115600,118500,46200,46100,46000,45900,45800,45700,45600,45500,45400,45300,314970,166700,559100,240300,146000,233300,38500,33400,15800,35900,49700,45800,4247100,1888070,0,0,0,0,0,
000036.SZ,000036,20251209,93418000,46400,4900,22651,1691,0,,,4010430,18580477,47100,46000,47000,47200,46400,46500,46600,46700,46800,46900,47000,47100,47200,47300,56300,43700,12900,36900,17300,16000,55300,54700,115600,118500,46200,46100,46000,45900,45800,45700,45600,45500,45400,45300,312970,171700,609100,241300,146000,233500,39500,33400,15800,35900,49600,45800,4294000,1943270,0,0,0,0,0,
000036.SZ,000036,20251209,93421000,46400,7700,35728,1699,0,,,4018130,18616205,47100,46000,47000,47200,46400,46500,46600,46700,46800,46900,47000,47100,47200,47300,52100,43700,12900,36900,17300,16000,52900,54700,115600,118500,46300,46200,46100,46000,45900,45800,45700,45600,45500,45400,17500,312970,181200,610400,241300,146000,235500,39500,33400,15800,49600,45800,4298400,1978570,0,0,0,0,0,
000036.SZ,000036,20251209,93424000,46400,100,464,1700,0,,,4018230,18616669,47100,46000,47000,47200,46400,46500,46600,46700,46800,46900,47000,47100,47200,47300,83200,13700,13100,36900,17300,16500,52900,54700,115600,118500,46300,46200,46100,46000,45900,45800,45700,45600,45500,45400,24900,316870,184200,610400,241300,143600,235500,39500,33400,15800,49600,45800,4300200,1990470,0,0,0,0,0,
000036.SZ,000036,20251209,93427000,46400,2500,11600,1703,0,,,4020730,18628269,47100,46000,47000,47200,46400,46500,46600,46700,46800,46900,47000,47100,47200,47300,83600,13700,13100,36900,17300,16500,52900,54700,115600,118500,46300,46200,46100,46000,45900,45800,45700,45600,45500,45400,82300,316870,195400,608100,241300,231300,235500,39500,33400,15800,49600,45900,4300600,2144470,0,0,0,0,0,
000036.SZ,000036,20251209,93430000,46300,140500,650515,1715,0,,,4161230,19278784,47100,46000,47000,47200,46400,46500,46600,46700,46800,46900,47000,47100,47200,47300,87800,13700,13100,36900,17300,16500,52900,54700,115600,118500,46200,46100,46000,45900,45800,45700,45600,45500,45400,45300,318070,196300,608100,241300,235300,233400,39500,33400,15800,40900,49600,45800,4304800,2071170,0,0,0,0,0,
000036.SZ,000036,20251209,93433000,46200,31000,143746,1732,0,,,4192230,19422530,47100,46000,47000,47200,46400,46500,46600,46700,46800,46900,47000,47100,47200,47300,65000,14100,12800,36900,17300,16500,61400,54700,115600,118500,46200,46100,46000,45900,45800,45700,45600,45500,45400,45300,318670,196500,605400,241300,235300,233400,41500,33400,15800,40900,49700,45800,4290600,2072270,0,0,0,0,0,
000036.SZ,000036,20251209,93436000,46400,4500,20862,1735,0,,,4196730,19443392,47100,46000,47000,47200,46400,46500,46600,46700,46800,46900,47000,47100,47200,47300,69100,14100,12800,36900,17300,16500,61400,54700,115600,118500,46200,46100,46000,45900,45800,45700,45600,45500,45400,45300,361270,202700,603900,241300,235300,233400,41500,33400,15800,40900,49600,45800,4298700,2119570,0,0,0,0,0,
000036.SZ,000036,20251209,93439000,46400,4700,21808,1736,0,,,4201430,19465200,47100,46000,47000,47200,46400,46500,46600,46700,46800,46900,47000,47100,47200,47300,67600,14100,12800,36900,17300,16500,61400,54700,115600,118500,46300,46200,46100,46000,45900,45800,45700,45600,45500,45400,1500,364370,204700,614300,241300,235300,233400,41500,33400,15800,49600,45800,4302900,2133470,0,0,0,0,0,
000036.SZ,000036,20251209,93442000,46200,198300,916888,1757,0,,,4399730,20382088,47100,46000,47000,47200,46400,46500,46600,46700,46800,46900,47000,47100,47200,47300,38300,14100,12800,36900,17300,16500,61400,56800,115600,118500,46200,46100,46000,45900,45800,45700,45600,45500,45400,45300,208470,218200,614300,262300,235300,233400,41500,33400,15800,40900,49700,45800,4285700,2010570,0,0,0,0,0,
000036.SZ,000036,20251209,93445000,46400,20600,95466,1761,0,,,4420330,20477554,47100,46000,47000,47200,46400,46500,46600,46700,46800,46900,47000,47100,47200,47300,26100,14100,12800,36900,17300,16500,61400,56800,115600,118500,46200,46100,46000,45900,45800,45700,45600,45500,45400,45300,203770,226200,615500,262300,235300,233400,41500,33400,15800,40900,49700,45800,4273500,2016070,0,0,0,0,0,
000036.SZ,000036,20251209,93448000,46300,52800,244495,1790,0,,,4473130,20722049,47100,46000,47000,47200,46300,46400,46500,46600,46700,46800,46900,47000,47100,47200,11100,9300,14100,10300,36900,17300,16500,61400,56800,115600,46200,46100,46000,45900,45800,45700,45600,45500,45400,45300,205170,234200,639800,262300,235600,233400,41500,33400,15800,40900,49700,45800,4265300,2050070,0,0,0,0,0,
000036.SZ,000036,20251209,93451000,46300,13200,61101,1796,0,,,4486330,20783150,47100,46000,47000,47200,46400,46500,46600,46700,46800,46900,47000,47100,47200,47300,9600,14100,10300,36900,27300,16500,61400,56800,115600,118500,46300,46200,46100,46000,45900,45800,45700,45600,45500,45400,51900,202170,234300,639800,262300,232600,233400,41500,38400,15800,49700,45800,4266100,2101070,0,0,0,0,0,
000036.SZ,000036,20251209,93454000,46300,5700,26441,1803,0,,,4492030,20809591,47100,46000,47000,47200,46400,46500,46600,46700,46800,46900,47000,47100,47200,47300,10400,14100,10300,36900,27300,16500,70300,56800,115600,118500,46300,46200,46100,46000,45900,45800,45700,45600,45500,45400,55300,202170,237800,639800,262300,227600,233400,71500,38400,15800,49700,45800,4275800,2136470,0,0,0,0,0,
000036.SZ,000036,20251209,93457000,46300,12400,57412,1808,0,,,4504430,20867003,47100,46000,47000,47200,46400,46500,46600,46700,46800,46900,47000,47100,47200,47300,15600,14100,10300,37000,27300,16500,70300,56800,115700,118500,46300,46200,46100,46000,45900,45800,45700,45600,45500,45400,48500,259070,237800,639800,262300,226600,233400,71500,38400,15800,49700,45800,4281400,2185570,0,0,0,0,0,
000036.SZ,000036,20251209,93500000,46300,5200,24076,1811,0,,,4509630,20891079,47100,46000,47000,47200,46400,46500,46600,46700,46800,46900,47000,47100,47200,47300,16400,14100,20300,37000,40400,16500,76200,56800,115700,118800,46300,46200,46100,46000,45900,45800,45700,45600,45500,45400,44300,274170,237800,565900,262300,226600,233400,72100,38400,15800,49700,45800,4311500,2123170,0,0,0,0,0,
000036.SZ,000036,20251209,93503000,46300,6450,29863,1815,0,,,4516080,20920942,47100,46000,47000,47200,46400,46500,46600,46700,46800,46900,47000,47100,47200,47300,27700,14100,20300,37000,40400,16500,75800,56800,115700,118800,46300,46200,46100,46000,45900,45800,45700,45600,45500,45400,44150,275670,268200,565500,263300,228600,233400,72100,38400,16500,49600,45800,4322400,2158220,0,0,0,0,0,
000036.SZ,000036,20251209,93506000,46300,7000,32415,1822,0,,,4523080,20953357,47100,46000,47000,47200,46400,46500,46600,46700,46800,46900,47000,47100,47200,47300,28000,14100,20300,37000,40400,16500,75800,56800,115700,118800,46300,46200,46100,46000,45900,45800,45700,45600,45500,45400,41650,275670,268200,564200,263300,228600,233400,72100,38400,16500,49600,45800,4322900,2154420,0,0,0,0,0,
000036.SZ,000036,20251209,93509000,46400,45600,211153,1847,0,,,4568680,21164510,47100,46000,47000,47200,46400,46500,46600,46700,46800,46900,47000,47100,47200,47300,35400,14100,20300,37000,40400,16500,75800,66800,115700,118800,46300,46200,46100,46000,45900,45800,45700,45600,45500,45400,17950,275670,268200,564200,263300,228600,233400,72100,38400,16500,49600,45800,4345300,2130720,0,0,0,0,0,
000036.SZ,000036,20251209,93512000,46300,22700,105114,1871,0,,,4591380,21269624,47100,46000,47000,47200,46400,46500,46600,46700,46800,46900,47000,47100,47200,47300,40600,13700,20300,37000,40400,16500,75800,66800,115700,118800,46300,46200,46100,46000,45900,45800,45700,45600,45500,45400,9250,274170,268200,564200,263300,228600,233400,72100,38400,16500,49600,45800,4358000,2120520,0,0,0,0,0,
000036.SZ,000036,20251209,93515000,46300,82200,380586,1888,0,,,4673580,21650210,47100,46000,47000,47200,46400,46500,46600,46700,46800,46900,47000,47100,47200,47300,58400,13700,20300,40500,40400,16500,75800,66800,115700,118800,46300,46200,46100,46000,45900,45800,45700,45600,45500,45400,3050,274170,273700,564200,263300,228600,232400,72100,38400,16500,49600,45800,4379300,2118820,0,0,0,0,0,
000036.SZ,000036,20251209,93518000,46300,68600,317207,1905,0,,,4742180,21967417,47100,46000,47000,47200,46300,46400,46500,46600,46700,46800,46900,47000,47100,47200,27600,101800,13700,20300,40500,40400,16500,75800,66800,115700,46200,46100,46000,45900,45800,45700,45600,45500,45400,45300,233020,275300,566200,263300,230600,232400,72100,38400,16500,44900,49600,45800,4433800,2080220,0,0,0,0,0,
000036.SZ,000036,20251209,93521000,46200,92200,426123,1915,0,,,4834380,22393540,47100,46000,47000,47200,46300,46400,46500,46600,46700,46800,46900,47000,47100,47200,15600,98800,13700,20300,43700,40400,16500,75800,66800,115700,46200,46100,46000,45900,45800,45700,45600,45500,45400,45300,158220,275300,566200,263300,230100,232400,76100,38400,16500,44900,49600,45800,4422000,2008920,0,0,0,0,0,
000036.SZ,000036,20251209,93524000,46200,51200,236878,1930,0,,,4885580,22630418,47100,46000,47000,47200,46300,46400,46500,46600,46700,46800,46900,47000,47100,47200,15600,110800,13700,20300,43700,40400,16500,77300,66800,115700,46200,46100,46000,45900,45800,45700,45600,45500,45400,45300,140520,275400,566200,263300,230100,232400,76100,38400,16500,44900,49600,45800,4434000,1991320,0,0,0,0,0,
000036.SZ,000036,20251209,93527000,46200,110600,511245,1976,0,,,4996180,23141663,47100,46000,47000,47200,46300,46400,46500,46600,46700,46800,46900,47000,47100,47200,20300,110300,13800,20300,43700,40400,16500,77300,66800,115700,46200,46100,46000,45900,45800,45700,45600,45500,45400,45300,57220,276400,566100,263300,230100,232400,76100,38400,16500,44900,49600,45800,4435900,1908920,0,0,0,0,0,
000036.SZ,000036,20251209,93530000,46100,80520,371887,2003,0,,,5076700,23513550,47100,46000,47000,47200,46200,46300,46400,46500,46600,46700,46800,46900,47000,47100,161780,46200,150300,13800,20300,43700,40400,16500,77300,66800,46100,46000,45900,45800,45700,45600,45500,45400,45300,45200,265000,568900,262300,230100,232400,76700,39400,16500,44900,14700,49400,45800,4664980,1843700,0,0,0,0,0,
000036.SZ,000036,20251209,93533000,46100,37900,175085,2010,0,,,5114600,23688635,47100,46000,47000,47200,46200,46300,46400,46500,46600,46700,46800,46900,47000,47100,125880,86200,146400,13800,20300,43700,74400,16500,77300,66800,46100,46000,45900,45800,45700,45600,45500,45400,45300,45200,263800,572000,262300,230100,232400,76700,39400,16500,44900,14700,49400,45800,4708880,1845600,0,0,0,0,0,
000036.SZ,000036,20251209,93536000,46100,22600,104273,2015,0,,,5137200,23792908,47100,46000,47000,47200,46200,46300,46400,46500,46600,46700,46800,46900,47000,47100,147380,86100,145700,13800,20100,43700,74400,16500,77300,66800,46100,46000,45900,45800,45700,45600,45500,45400,45300,45200,264800,574200,262300,231100,232400,76700,39400,16500,44900,14700,49400,45800,4731380,1849800,0,0,0,0,0,
000036.SZ,000036,20251209,93539000,46100,107000,493408,2032,0,,,5244200,24286316,47100,46000,47000,47200,46200,46300,46400,46500,46600,46700,46800,46900,47000,47100,132380,82700,104700,13800,20100,43700,74400,16500,77300,66800,46100,46000,45900,45800,45700,45600,45500,45400,45300,45200,174800,578700,262300,300800,232400,76700,39400,16500,44900,14700,49400,45800,4672980,1834000,0,0,0,0,0,
000036.SZ,000036,20251209,93542000,46000,193500,892007,2126,0,,,5437700,25178323,47100,46000,47000,47200,46100,46200,46300,46400,46500,46600,46700,46800,46900,47000,371900,123780,85800,104600,13800,20100,43700,74400,16500,77300,46000,45900,45800,45700,45600,45500,45400,45300,45200,45100,574700,262300,301800,232400,76700,39400,16500,19900,14700,11800,49200,45700,5039280,1631200,0,0,0,0,0,
000036.SZ,000036,20251209,93545000,46000,3900,17950,2132,0,,,5441600,25196273,47100,46000,47000,47200,46100,46200,46300,46400,46500,46600,46700,46800,46900,47000,378700,123780,82100,104600,63800,10100,43700,74400,16500,87300,46000,45900,45800,45700,45600,45500,45400,45300,45200,45100,579100,262500,301800,232400,76700,39400,16500,19900,14700,11800,49100,45700,5092380,1635800,0,0,0,0,0,
000036.SZ,000036,20251209,93548000,46000,61000,280660,2164,0,,,5502600,25476933,47100,46000,47000,47200,46100,46200,46300,46400,46500,46600,46700,46800,46900,47000,97000,120180,81900,107000,63800,10100,43700,64400,16500,88300,46000,45900,45800,45700,45600,45500,45400,45300,45200,45100,524100,262500,298800,232400,76700,39400,16500,19900,28700,11800,49300,45700,4800280,1591800,0,0,0,0,0,
000036.SZ,000036,20251209,93551000,46100,135800,625271,2190,0,,,5638400,26102204,47100,46000,47000,47200,46100,46200,46300,46400,46500,46600,46700,46800,46900,47000,52600,113480,81400,101800,63800,10100,43700,64400,16500,88300,46000,45900,45800,45700,45600,45500,45400,45300,45200,45100,463200,262500,298800,232400,76700,39400,16500,19900,28700,11800,49400,45700,4743480,1530900,0,0,0,0,0,
000036.SZ,000036,20251209,93554000,46000,76800,353584,2224,0,,,5715200,26455788,47100,46000,47000,47200,46100,46200,46300,46400,46500,46600,46700,46800,46900,47000,23900,113080,81900,101800,63800,10100,43700,64400,16500,96300,46000,45900,45800,45700,45600,45500,45400,45300,45200,45100,421600,263500,299100,232400,76700,44400,16500,19900,28700,11800,49400,45700,4723880,1495600,0,0,0,0,0,
000036.SZ,000036,20251209,93557000,46100,391600,1802518,2303,0,,,6106800,28258306,47100,46000,47000,47200,46100,46200,46300,46400,46500,46600,46700,46800,46900,47000,23300,113780,81100,94700,65300,10100,43700,64400,22400,96300,46000,45900,45800,45700,45600,45500,45400,45300,45200,45100,146100,263500,299100,253400,77700,44400,16500,19900,28700,11800,49400,45600,4729280,1245200,0,0,0,0,0,
000036.SZ,000036,20251209,93600000,46000,92200,424135,2364,0,,,6199000,28682441,47100,46000,47000,47200,46100,46200,46300,46400,46500,46600,46700,46800,46900,47000,42000,112180,61400,94700,65300,10100,43700,64400,22400,96300,46000,45900,45800,45700,45600,45500,45400,45300,45200,45100,55900,263500,299600,253400,77700,44400,16500,19900,14700,11800,49400,45600,4729180,1139300,0,0,0,0,0,
000036.SZ,000036,20251209,93603000,46000,80200,368843,2426,0,,,6279200,29051284,47100,45900,47000,47200,46000,46100,46200,46300,46400,46500,46600,46700,46800,46900,71700,45400,112180,59300,94700,65300,10100,43700,64400,22400,45900,45800,45700,45600,45500,45400,45300,45200,45100,45000,258200,299600,253400,77700,44400,16500,19900,14700,11800,24600,49300,45600,4807180,1078100,0,0,0,0,0,
000036.SZ,000036,20251209,93606000,45900,53200,244669,2434,0,,,6332400,29295953,47100,45900,47000,47200,46000,46100,46200,46300,46400,46500,46600,46700,46800,46900,54600,59800,106680,66800,94700,65500,6600,43700,64400,22400,45900,45800,45700,45600,45500,45400,45300,45200,45100,45000,258200,299800,253400,77700,44400,16500,19900,14700,11800,24600,49300,45600,4803180,1078300,0,0,0,0,0,
000036.SZ,000036,20251209,93609000,45900,94200,432718,2457,0,,,6426600,29728671,47100,45900,47000,47200,46000,46100,46200,46300,46400,46500,46600,46700,46800,46900,49800,59800,83680,66800,99700,65500,6200,43700,64400,22400,45900,45800,45700,45600,45500,45400,45300,45200,45100,45000,203700,299800,253400,77700,44400,16500,19900,14700,11800,24600,49400,45600,4748780,1023800,0,0,0,0,0,
000036.SZ,000036,20251209,93612000,45900,73600,338167,2474,0,,,6500200,30066838,47100,45900,47000,47200,46000,46100,46200,46300,46400,46500,46600,46700,46800,46900,29400,91200,83680,152100,99700,65500,6200,43700,64400,22400,45900,45800,45700,45600,45500,45400,45300,45200,45100,45000,164600,299800,253400,77700,44400,16500,19900,14700,11800,38600,49300,45500,4845680,998700,0,0,0,0,0,
000036.SZ,000036,20251209,93615000,45900,99700,457630,2487,0,,,6599900,30524468,47100,45900,47000,47200,46000,46100,46200,46300,46400,46500,46600,46700,46800,46900,48500,86600,83980,151700,106900,65500,6200,43700,64400,22400,45900,45800,45700,45600,45500,45400,45300,45200,45100,45000,65100,299800,255500,77700,44400,16500,19900,14700,11800,38600,49300,45500,4871380,901300,0,0,0,0,0,
000036.SZ,000036,20251209,93618000,45900,51200,235067,2539,0,,,6651100,30759535,47100,45900,47000,47200,46000,46100,46200,46300,46400,46500,46600,46700,46800,46900,213700,81900,84380,156700,106900,65500,6200,43700,64400,22400,45900,45800,45700,45600,45500,45400,45300,45200,45100,45000,33400,299800,255500,91000,44400,16500,19900,14700,11800,38600,49200,45500,5037280,882900,0,0,0,0,0,
000036.SZ,000036,20251209,93621000,45900,140300,643577,2598,0,,,6791400,31403112,47100,45800,47000,47200,45900,46000,46100,46200,46300,46400,46500,46600,46700,46800,31600,228200,74800,83680,158200,73100,65500,6200,43700,64400,45800,45700,45600,45500,45400,45300,45200,45100,45000,44600,261000,302300,91000,49400,16500,19900,14700,11800,24600,800,49200,45500,5043280,848500,0,0,0,0,0,
000036.SZ,000036,20251209,93624000,45800,21900,100397,2609,0,,,6813300,31503509,47100,45800,47000,47200,45900,46000,46100,46200,46300,46400,46500,46600,46700,46800,69900,230400,66500,84080,157800,73100,65500,6200,43700,64400,45800,45700,45600,45500,45400,45300,45200,45100,45000,44600,249500,302300,91000,53200,16500,19900,14700,11800,24600,800,49100,45500,5080480,840800,0,0,0,0,0,
000036.SZ,000036,20251209,93627000,45900,43300,198382,2629,0,,,6856600,31701891,47100,45800,47000,47200,45900,46000,46100,46200,46300,46400,46500,46600,46700,46800,187900,230900,66500,7800,158200,73100,65500,6200,43700,64400,45800,45700,45600,45500,45400,45300,45200,45100,45000,44600,213400,302300,91000,53200,16500,19900,14700,11800,24600,800,49100,45500,5123100,804700,0,0,0,0,0,
000036.SZ,000036,20251209,93630000,45900,756300,3465904,2812,0,,,7612900,35167795,47100,45700,47000,47200,45900,46000,46100,46200,46300,46400,46500,46600,46700,46800,86200,220900,66500,8200,156600,73100,65500,6200,40200,64400,45800,45700,45600,45500,45400,45300,45200,45100,45000,44600,8000,175800,91000,53200,16500,19900,14700,11800,24600,800,49200,45200,5006700,472800,0,0,0,0,0,
000036.SZ,000036,20251209,93633000,45900,136400,625556,2855,0,,,7749300,35793351,47100,45700,47000,47200,45900,46000,46100,46200,46300,46400,46500,46600,46700,46800,41500,221500,66500,8200,156300,73100,65500,6200,40200,64400,45800,45700,45600,45500,45400,45300,45200,45100,45000,44600,35800,187500,93100,63700,16500,19900,14700,11800,24600,800,49200,45300,4959000,524900,0,0,0,0,0,
000036.SZ,000036,20251209,93636000,45900,121200,555370,2914,0,,,7870500,36348721,47100,45700,47000,47200,45900,46000,46100,46200,46300,46400,46500,46600,46700,46800,104000,219700,60800,8200,156300,73100,65500,6200,40200,64400,45800,45700,45600,45500,45400,45300,45200,45100,45000,44600,66800,187500,93100,66200,19000,19900,14700,11800,24600,800,49200,45300,5011800,560900,0,0,0,0,0,
000036.SZ,000036,20251209,93639000,45900,39700,181969,2932,0,,,7910200,36530690,47100,45700,47000,47200,45900,46000,46100,46200,46300,46400,46500,46600,46700,46800,89800,219700,60800,9000,158500,63900,65500,6200,40200,64400,45800,45700,45600,45500,45400,45300,45200,45100,45000,44600,65000,187500,93100,66200,19000,19900,14700,11800,25100,800,49200,45300,4990600,559600,0,0,0,0,0,
000036.SZ,000036,20251209,93642000,45800,258400,1183535,2985,0,,,8168600,37714225,47100,45700,47000,47200,45900,46000,46100,46200,46300,46400,46500,46600,46700,46800,85800,219700,60800,9000,151000,59700,65500,6200,40200,64400,45800,45700,45600,45500,45400,45300,45200,45100,45000,44600,11600,190600,93100,66200,19000,19900,14700,11800,25600,800,49200,45300,4965800,509800,0,0,0,0,0,
000036.SZ,000036,20251209,93645000,45800,57100,261819,3001,0,,,8225700,37976044,47100,45700,47000,47200,45900,46000,46100,46200,46300,46400,46500,46600,46700,46800,55700,220200,60800,9000,151000,59700,65500,7200,40200,64400,45800,45700,45600,45500,45400,45300,45200,45100,45000,44600,63000,187500,94100,66200,19600,19900,14700,11900,25600,800,49200,45300,4937200,559800,0,0,0,0,0,
000036.SZ,000036,20251209,93648000,45800,43700,200248,3010,0,,,8269400,38176292,47100,45700,47000,47200,45900,46000,46100,46200,46300,46400,46500,46600,46700,46800,47100,240200,60800,9000,151000,59700,65500,7200,40200,64400,45800,45700,45600,45500,45400,45300,45200,45100,45000,44600,50500,289600,94100,67200,19600,29900,16600,11900,25600,800,49200,45400,4938200,662300,0,0,0,0,0,
000036.SZ,000036,20251209,93651000,45800,73400,336263,3037,0,,,8342800,38512555,47100,45700,47000,47200,45900,46000,46100,46200,46300,46400,46500,46600,46700,46800,68000,231100,60800,9000,151000,59700,65500,7200,40200,64400,45800,45700,45600,45500,45400,45300,45200,45100,45000,44600,38600,291800,64100,67200,19600,29900,16600,11900,25600,800,49200,45300,4951000,622900,0,0,0,0,0,
000036.SZ,000036,20251209,93654000,45800,296100,1356679,3082,0,,,8638900,39869234,47100,45700,47000,47200,45900,46000,46100,46200,46300,46400,46500,46600,46700,46800,18100,242600,60800,9000,151000,59700,65500,7200,40200,64400,45800,45700,45600,45500,45400,45300,45200,45100,45000,44600,253500,272500,64100,70200,20600,39800,16600,11900,26600,800,49200,45500,4908100,833400,0,0,0,0,0,
000036.SZ,000036,20251209,93657000,45900,45700,209614,3091,0,,,8684600,40078848,47100,45700,47000,47200,45900,46000,46100,46200,46300,46400,46500,46600,46700,46800,4600,242600,61600,9000,151000,59700,69300,7200,40200,64400,45800,45700,45600,45500,45400,45300,45200,45100,45000,44600,145100,281300,64100,70200,20600,39800,16600,11900,26600,800,49200,45400,4893100,733800,0,0,0,0,0,
000036.SZ,000036,20251209,93700000,45800,28900,132498,3109,0,,,8713500,40211346,47100,45700,47000,47200,45900,46000,46100,46200,46300,46400,46500,46600,46700,46800,38900,242600,61600,9000,151000,59700,69800,7200,40200,64400,45800,45700,45600,45500,45400,45300,45200,45100,45000,44600,130300,284300,65100,70200,20600,39800,16600,11900,26800,800,49200,45400,4923700,723200,0,0,0,0,0,
000036.SZ,000036,20251209,93703000,45800,17700,81202,3119,0,,,8731200,40292548,47100,45700,47000,47200,45900,46000,46100,46200,46300,46400,46500,46600,46700,46800,8900,251800,72000,9000,151000,59700,69800,7200,40200,64400,45800,45700,45600,45500,45400,45300,45200,45100,45000,44600,151900,284300,75300,70200,20600,41000,17100,11900,26800,800,49200,45400,4923300,756700,0,0,0,0,0,
000036.SZ,000036,20251209,93706000,45800,89500,410385,3152,0,,,8820700,40702933,47100,45700,47000,47200,45900,46000,46100,46200,46300,46400,46500,46600,46700,46800,33700,233700,72000,8900,157000,56200,69800,7200,40200,64400,45800,45700,45600,45500,45400,45300,45200,45100,45000,44600,13600,284700,80300,71700,20600,41000,17100,11900,26800,800,49200,45300,4933400,625300,0,0,0,0,0,
000036.SZ,000036,20251209,93709000,45800,64900,297343,3182,0,,,8885600,41000276,47100,45700,47000,47200,45900,46000,46100,46200,46300,46400,46500,46600,46700,46800,92500,233700,72000,8900,157000,56200,19800,7200,40200,64400,45800,45700,45600,45500,45400,45300,45200,45100,45000,44600,34800,305600,81800,70700,20600,41000,17100,11900,26800,800,49200,45400,4941200,667900,0,0,0,0,0,
000036.SZ,000036,20251209,93712000,45800,58400,267512,3210,0,,,8944000,41267788,47100,45700,47000,47200,45800,45900,46000,46100,46200,46300,46400,46500,46600,46700,3100,116800,235800,71600,8900,157000,56200,20800,7200,40200,45700,45600,45500,45400,45300,45200,45100,45000,44600,44300,305600,87800,60900,20600,41000,27100,11900,26800,800,1800,49200,45300,4972300,639300,0,0,0,0,0,
000036.SZ,000036,20251209,93715000,45800,28100,128702,3241,0,,,8972100,41396490,47100,45700,47000,47200,45900,46000,46100,46200,46300,46400,46500,46600,46700,46800,64300,233000,71600,8900,157000,56200,20800,7200,40200,64400,45800,45700,45600,45500,45400,45300,45200,45100,45000,44600,11500,310700,111800,60900,20600,41000,27100,11900,26800,800,49200,45400,4916500,679900,0,0,0,0,0,
000036.SZ,000036,20251209,93718000,45800,62400,285814,3250,0,,,9034500,41682304,47100,45700,47000,47200,45900,46000,46100,46200,46300,46400,46500,46600,46700,46800,126700,238800,71600,8900,157000,56200,22300,7200,40200,64400,45800,45700,45600,45500,45400,45300,45200,45100,45000,44600,125900,313300,111800,62900,20600,41000,27100,11900,26800,800,49200,45400,4952400,798900,0,0,0,0,0,
000036.SZ,000036,20251209,93721000,45800,152200,697119,3299,0,,,9186700,42379423,47100,45700,47000,47200,45800,45900,46000,46100,46200,46300,46400,46500,46600,46700,14500,126450,238800,71600,8900,157000,56200,22300,7200,40200,45700,45600,45500,45400,45300,45200,45100,45000,44600,44300,321100,145200,62900,20600,41000,27100,14900,26800,800,1800,49200,45400,4981650,717200,0,0,0,0,0,
000036.SZ,000036,20251209,93724000,45800,30700,140606,3315,0,,,9217400,42520029,47100,45700,47000,47200,45800,45900,46000,46100,46200,46300,46400,46500,46600,46700,11500,49050,238800,40200,8900,154800,56200,22300,7200,40200,45700,45600,45500,45400,45300,45200,45100,45000,44600,44300,321100,145200,62900,30500,41000,27100,14900,26800,800,1800,49200,45400,4875250,727100,0,0,0,0,0,
000036.SZ,000036,20251209,93727000,45800,40100,183636,3334,0,,,9257500,42703665,47100,45700,47000,47200,45900,46000,46100,46200,46300,46400,46500,46600,46700,46800,49650,238800,29800,8900,154800,56200,22300,7200,40200,64400,45800,45700,45600,45500,45400,45300,45200,45100,45000,44600,14200,324000,146000,63700,30500,51100,27100,14900,26800,800,49200,45400,4857850,755900,0,0,0,0,0,
000036.SZ,000036,20251209,93730000,45800,178500,817569,3360,0,,,9436000,43521234,47100,45700,47000,47200,45900,46000,46100,46200,46300,46400,46500,46600,46700,46800,46850,238800,29800,8900,154800,56200,22300,7200,40200,64400,45800,45700,45600,45500,45400,45300,45200,45100,45000,44600,60000,324600,146000,63700,30500,51100,27100,14900,26800,800,49200,45400,4855050,802300,0,0,0,0,0,
000036.SZ,000036,20251209,93733000,45800,52100,238799,3380,0,,,9488100,43760033,47100,45700,47000,47200,45800,45900,46000,46100,46200,46300,46400,46500,46600,46700,7100,62550,238800,29800,8900,154800,56200,22300,7200,40200,45700,45600,45500,45400,45300,45200,45100,45000,44600,44300,326900,147800,63700,30500,51100,27100,14900,27100,800,1800,49200,45400,4878850,746700,0,0,0,0,0,
000036.SZ,000036,20251209,93736000,45800,20900,95722,3389,0,,,9509000,43855755,47100,45700,47000,47200,45800,45900,46000,46100,46200,46300,46400,46500,46600,46700,13100,65550,263800,29800,8900,154800,56200,22300,7200,40200,45700,45600,45500,45400,45300,45200,45100,45000,44600,44300,329900,147800,63700,38400,54100,27100,14900,28000,800,1800,49200,45400,4908650,761500,0,0,0,0,0,
000036.SZ,000036,20251209,93739000,45800,13300,60914,3399,0,,,9522300,43916669,47100,45700,47000,47200,45800,45900,46000,46100,46200,46300,46400,46500,46600,46700,32000,65550,266800,29800,8900,154800,56200,22100,7200,40200,45700,45600,45500,45400,45300,45200,45100,45000,44600,44300,340900,148000,63700,38400,55100,27100,14900,28000,800,1800,49200,45400,4962550,773700,0,0,0,0,0,
000036.SZ,000036,20251209,93742000,45700,2200,10066,3402,0,,,9524500,43926735,47100,45700,47000,47200,45800,45900,46000,46100,46200,46300,46400,46500,46600,46700,35100,65550,266800,29800,8900,154800,56200,22100,7200,40200,45700,45600,45500,45400,45300,45200,45100,45000,44600,44300,342200,146100,63700,38400,55100,27100,14900,28000,800,1800,49200,45400,4930150,773100,0,0,0,0,0,
000036.SZ,000036,20251209,93745000,45800,16400,75045,3408,0,,,9540900,44001780,47100,45700,47000,47200,45800,45900,46000,46100,46200,46300,46400,46500,46600,46700,25500,65450,225800,29800,8900,154800,40800,22100,7200,40200,45700,45600,45500,45400,45300,45200,45100,45000,44600,44300,337100,146300,63700,38400,55100,28100,14900,28000,800,1800,49200,45400,4860050,769200,0,0,0,0,0,
000036.SZ,000036,20251209,93748000,45800,74100,338891,3437,0,,,9615000,44340671,47100,45700,47000,47200,45800,45900,46000,46100,46200,46300,46400,46500,46600,46700,4300,65450,225800,29800,8900,154800,40800,22100,7200,40200,45700,45600,45500,45400,45300,45200,45100,45000,44600,44300,290400,146300,63700,38400,55100,28100,14900,28000,800,1800,49200,45300,4836550,722500,0,0,0,0,0,
000036.SZ,000036,20251209,93751000,45800,18200,83275,3452,0,,,9633200,44423946,47100,45700,47000,47200,45800,45900,46000,46100,46200,46300,46400,46500,46600,46700,30900,65450,225800,29800,8900,154800,40800,22500,7200,40200,45700,45600,45500,45400,45300,45200,45100,45000,44600,44300,289200,139300,66700,39400,55100,28100,14900,28000,800,1800,49200,45300,4852050,718300,0,0,0,0,0,
000036.SZ,000036,20251209,93754000,45800,123200,563164,3479,0,,,9756400,44987110,47100,45700,47000,47200,45800,45900,46000,46100,46200,46300,46400,46500,46600,46700,30900,65250,225800,29800,8900,154800,40800,22500,7200,40200,45700,45600,45500,45400,45300,45200,45100,45000,44600,44300,181200,143300,69700,39400,55100,28100,14900,28000,800,1800,49200,45300,4842050,617300,0,0,0,0,0,
000036.SZ,000036,20251209,93757000,45800,81600,373570,3504,0,,,9838000,45360680,47100,45700,47000,47200,45900,46000,46100,46200,46300,46400,46500,46600,46700,46800,65250,225800,34800,8900,154800,40800,22500,7200,40200,64400,45800,45700,45600,45500,45400,45300,45200,45100,45000,44600,248400,167300,143300,82700,39400,55100,28100,14900,28000,800,49300,45400,4816150,864800,0,0,0,0,0,
000036.SZ,000036,20251209,93800000,45800,19300,88469,3511,0,,,9857300,45449149,47100,45700,47000,47200,45900,46000,46100,46200,46300,46400,46500,46600,46700,46800,70550,225800,34800,8900,154800,40800,22500,7200,40200,64400,45800,45700,45600,45500,45400,45300,45200,45100,45000,44600,250300,175300,144300,84700,39400,55100,28600,14900,28000,800,49300,45400,4822450,878200,0,0,0,0,0,
000036.SZ,000036,20251209,93803000,45800,136700,626201,3530,0,,,9994000,46075350,47100,45700,47000,47200,45900,46000,46100,46200,46300,46400,46500,46600,46700,46800,90650,225800,34800,8900,154800,40800,22500,7200,41200,64400,45800,45700,45600,45500,45400,45300,45200,45100,45000,44600,138000,171800,144300,84700,39400,55100,28600,14900,28000,800,49200,45400,4844250,762400,0,0,0,0,0,
000036.SZ,000036,20251209,93806000,45800,30200,138448,3552,0,,,10024200,46213798,47100,45700,47000,47200,45900,46000,46100,46200,46300,46400,46500,46600,46700,46800,101850,225800,34800,8900,154800,40800,22500,7200,41200,64400,45800,45700,45600,45500,45400,45300,45200,45100,45000,44600,149400,171700,155600,84700,39400,55100,28600,14900,28000,800,49200,45400,4855450,785000,0,0,0,0,0,
000036.SZ,000036,20251209,93809000,45800,15200,69664,3556,0,,,10039400,46283462,47100,45700,47000,47200,45900,46000,46100,46200,46300,46400,46500,46600,46700,46800,98850,232800,34800,8900,154800,40800,22500,7200,41200,64400,45800,45700,45600,45500,45400,45300,45200,45100,45000,44600,156500,179000,155600,105700,39400,55100,28600,14900,28000,800,49200,45400,4872450,825400,0,0,0,0,0,
000036.SZ,000036,20251209,93812000,45900,95400,437206,3574,0,,,10134800,46720668,47100,45700,47000,47200,45900,46000,46100,46200,46300,46400,46500,46600,46700,46800,62950,238900,34800,8900,154800,39400,22500,7200,41200,64400,45800,45700,45600,45500,45400,45300,45200,45100,45000,44600,96200,181000,176600,109900,39400,55100,28600,14900,24900,800,49200,45400,4841250,789200,0,0,0,0,0,
000036.SZ,000036,20251209,93815000,45900,49100,225147,3596,0,,,10183900,46945815,47100,45700,47000,47200,45900,46000,46100,46200,46300,46400,46500,46600,46700,46800,39050,238900,34800,8900,154800,39400,19500,7200,41200,64400,45800,45700,45600,45500,45400,45300,45200,45100,45000,44600,79300,183100,174800,109900,690900,55100,28600,14900,24900,800,49300,45400,4812250,1425100,0,0,0,0,0,
000036.SZ,000036,20251209,93818000,45800,24000,109967,3608,0,,,10207900,47055782,47100,45700,47000,47200,45900,46000,46100,46200,46300,46400,46500,46600,46700,46800,42250,237800,34800,8900,154800,39400,19500,7200,41200,64400,45800,45700,45600,45500,45400,45300,45200,45100,45000,44600,65300,183700,174800,110800,690900,55100,28600,14900,33900,800,49300,45400,4809350,1421600,0,0,0,0,0,
000036.SZ,000036,20251209,93821000,45800,60600,277570,3636,0,,,10268500,47333352,47100,45700,47000,47200,45900,46000,46100,46200,46300,46400,46500,46600,46700,46800,48850,237800,34800,8900,154800,39400,19500,7200,41200,64400,45800,45700,45600,45500,45400,45300,45200,45100,45000,44600,16000,183700,174800,110800,691900,55100,28600,14900,33900,800,49300,45400,4811450,1373300,0,0,0,0,0,
000036.SZ,000036,20251209,93824000,45900,166749,765110,3688,0,,,10435249,48098462,47100,45700,47000,47200,46000,46100,46200,46300,46400,46500,46600,46700,46800,46900,241600,34800,8900,154800,39400,19500,7200,41200,64400,22400,45900,45800,45700,45600,45500,45400,45300,45200,45100,45000,507651,10400,184300,175100,110800,691900,55100,28600,14900,34200,49300,45500,4764700,1876551,0,0,0,0,0,
000036.SZ,000036,20251209,93827000,45900,88300,405450,3699,0,,,10523549,48503912,47100,45700,47000,47200,46000,46100,46200,46300,46400,46500,46600,46700,46800,46900,227500,34800,8900,154800,39400,19500,7200,41200,64400,22400,45900,45800,45700,45600,45500,45400,45300,45200,45100,45000,444851,35200,204300,175100,114800,691900,60100,28600,14900,34200,49300,45500,4745600,1867551,0,0,0,0,0,
000036.SZ,000036,20251209,93830000,46000,14200,65259,3705,0,,,10537749,48569171,47100,45700,47000,47200,46000,46100,46200,46300,46400,46500,46600,46700,46800,46900,231300,34800,17000,154800,39400,19500,7200,41200,64400,22400,45900,45800,45700,45600,45500,45400,45300,45200,45100,45000,443851,64600,204300,172100,115800,691900,60100,28600,14900,34200,49300,45500,4775700,1893951,0,0,0,0,0,
000036.SZ,000036,20251209,93833000,46000,14900,68410,3710,0,,,10552649,48637581,47100,45700,47000,47200,46000,46100,46200,46300,46400,46500,46600,46700,46800,46900,210100,34800,28500,154800,39400,19500,7200,41200,64400,22400,45900,45800,45700,45600,45500,45400,45300,45200,45100,45000,431051,74600,204400,171000,117100,691900,60100,28600,14900,34400,49300,45500,4767000,1891651,0,0,0,0,0,
000036.SZ,000036,20251209,93836000,46000,44000,202036,3716,0,,,10596649,48839617,47100,45700,47000,47200,46000,46100,46200,46300,46400,46500,46600,46700,46800,46900,208300,34800,28500,154800,39400,19500,7200,41200,64400,22400,45900,45800,45700,45600,45500,45400,45300,45200,45100,45000,452451,75300,204400,163700,117100,694100,60100,28600,14900,34400,49300,45500,4763000,1908651,0,0,0,0,0,
000036.SZ,000036,20251209,93839000,46000,6200,28520,3720,0,,,10602849,48868137,47100,45700,47000,47200,46000,46100,46200,46300,46400,46500,46600,46700,46800,46900,205400,34800,28500,154800,39400,19500,7200,41200,64400,22400,45900,45800,45700,45600,45500,45400,45300,45200,45100,45000,461651,87900,202800,163700,121100,694100,60100,28600,14900,34400,49300,45500,4761900,1932851,0,0,0,0,0,
000036.SZ,000036,20251209,93842000,45900,18700,86009,3725,0,,,10621549,48954146,47100,45700,47000,47200,46000,46100,46200,46300,46400,46500,46600,46700,46800,46900,189100,34800,28600,154800,41500,19500,7200,38000,64400,22400,45900,45800,45700,45600,45500,45400,45300,45200,45100,45000,462751,97000,203300,164100,117100,694100,60100,30500,14900,34400,49300,45500,4749600,1941851,0,0,0,0,0,
000036.SZ,000036,20251209,93845000,46000,58300,267665,3730,0,,,10679849,49221811,47100,45700,47000,47200,46000,46100,46200,46300,46400,46500,46600,46700,46800,46900,194200,33200,28600,154800,41500,19500,7200,38000,64400,22400,45900,45800,45700,45600,45500,45400,45300,45200,45100,45000,411051,98200,203300,165100,117100,694100,60100,30500,14900,35400,49300,45500,4759000,1893951,0,0,0,0,0,
000036.SZ,000036,20251209,93848000,46000,20100,92460,3734,0,,,10699949,49314271,47100,45700,47000,47200,46000,46100,46200,46300,46400,46500,46600,46700,46800,46900,208100,33200,33100,154800,41500,19100,7200,37900,64400,22400,45900,45800,45700,45600,45500,45400,45300,45200,45100,45000,416851,103400,203700,169700,117100,694100,60100,30500,14900,34400,49300,45500,4778900,1908951,0,0,0,0,0,
000036.SZ,000036,20251209,93851000,45800,433151,1988063,3782,0,,,11133100,51302334,47100,45700,47000,47200,45900,46000,46100,46200,46300,46400,46500,46600,46700,46800,32849,207600,33200,33100,154800,41500,20100,7200,37900,64400,45800,45700,45600,45500,45400,45300,45200,45100,45000,44900,90600,203700,170200,115100,694100,60100,30500,14900,41600,600,49300,45400,4827249,1485000,0,0,0,0,0,
000036.SZ,000036,20251209,93854000,45800,54000,247889,3803,0,,,11187100,51550223,47100,45700,47000,47200,45900,46000,46100,46200,46300,46400,46500,46600,46700,46800,17800,197200,33200,33100,154800,41500,20100,7200,37900,64400,45800,45700,45600,45500,45400,45300,45200,45100,45000,44900,93400,205800,170200,115100,694100,60100,30500,14900,41600,600,49300,45400,4799000,1489900,0,0,0,0,0,
000036.SZ,000036,20251209,93857000,45800,18000,82591,3809,0,,,11205100,51632814,47100,45700,47000,47200,45900,46000,46100,46200,46300,46400,46500,46600,46700,46800,14500,215200,33200,33100,154800,41500,20100,7200,37900,64400,45800,45700,45600,45500,45400,45300,45200,45100,45000,44900,90500,205800,170200,112100,694100,58900,30500,15900,41600,600,49300,45400,4820100,1483800,0,0,0,0,0,
000036.SZ,000036,20251209,93900000,45800,13200,60529,3823,0,,,11218300,51693343,47100,45700,47000,47200,45900,46000,46100,46200,46300,46400,46500,46600,46700,46800,57700,215200,33200,33100,139800,41500,20100,7200,37900,64400,45800,45700,45600,45500,45400,45300,45200,45100,45000,44900,84200,217700,175200,117300,694100,58900,30500,15900,41600,600,49300,45400,4846800,1499600,0,0,0,0,0,
000036.SZ,000036,20251209,93903000,45800,14700,67407,3836,0,,,11233000,51760750,47100,45700,47000,47200,45900,46000,46100,46200,46300,46400,46500,46600,46700,46800,60900,195200,33200,33100,139800,41500,20100,7200,37900,64400,45800,45700,45600,45500,45400,45300,45200,45100,45000,44900,92000,219600,175200,117300,694100,58900,30500,15900,41600,600,49300,45400,4830000,1509300,0,0,0,0,0,
000036.SZ,000036,20251209,93906000,45800,11600,53141,3839,0,,,11244600,51813891,47100,45700,47000,47200,45900,46000,46100,46200,46300,46400,46500,46600,46700,46800,66400,199900,33200,33100,139800,41500,20100,7200,37900,64400,45800,45700,45600,45500,45400,45300,45200,45100,45000,44900,92500,211600,175200,115400,694100,61900,30500,15900,41600,600,49300,45400,4839200,1502900,0,0,0,0,0,
000036.SZ,000036,20251209,93909000,45800,100600,460759,3878,0,,,11345200,52274650,47100,45700,47000,47200,45800,45900,46000,46100,46200,46300,46400,46500,46600,46700,199800,84200,199000,33200,34600,141800,41500,20100,7200,37900,45700,45600,45500,45400,45300,45200,45100,45000,44900,44800,214100,177200,117500,694100,61900,30500,15900,41600,600,4800,49100,45400,5062700,1421800,0,0,0,0,0,
000036.SZ,000036,20251209,93912000,45800,49600,227081,3888,0,,,11394800,52501731,47100,45700,47000,47200,45800,45900,46000,46100,46200,46300,46400,46500,46600,46700,163100,85300,211800,33200,35100,141800,41500,20100,17200,37900,45700,45600,45500,45400,45300,45200,45100,45000,44900,44800,210600,177200,116600,694100,61900,30500,15900,41600,600,4800,49100,45400,5050400,1417400,0,0,0,0,0,
000036.SZ,000036,20251209,93915000,45800,35200,161010,3895,0,,,11430000,52662741,47100,45700,47000,47200,45800,45900,46000,46100,46200,46300,46400,46500,46600,46700,190300,64900,214300,33200,35100,141800,41500,22100,17200,37900,45700,45600,45500,45400,45300,45200,45100,45000,44900,44800,186400,177200,116600,694100,61900,30500,15900,41600,600,4800,49100,45300,5078300,1393200,0,0,0,0,0,
000036.SZ,000036,20251209,93918000,45700,29200,133626,3904,0,,,11459200,52796367,47100,45700,47000,47200,45800,45900,46000,46100,46200,46300,46400,46500,46600,46700,206800,77500,214300,33200,35100,141800,41500,22100,17200,37900,45700,45600,45500,45400,45300,45200,45100,45000,44900,44800,175400,178800,118600,694100,61900,30500,20900,41600,600,4800,49100,45300,5107400,1390800,0,0,0,0,0,
000036.SZ,000036,20251209,93921000,45700,33300,152270,3914,0,,,11492500,52948637,47100,45700,47000,47200,45800,45900,46000,46100,46200,46300,46400,46500,46600,46700,199900,77500,216300,33200,35100,141800,41500,22100,17200,37900,45700,45600,45500,45400,45300,45200,45100,45000,44900,44800,158900,178800,123600,694100,61900,30500,20900,41600,600,4800,49100,45300,5102500,1379300,0,0,0,0,0,
000036.SZ,000036,20251209,93924000,45700,22000,100578,3931,0,,,11514500,53049215,47100,45700,47000,47200,45800,45900,46000,46100,46200,46300,46400,46500,46600,46700,198500,67400,224800,33200,30600,141800,41500,22100,17200,37900,45700,45600,45500,45400,45300,45200,45100,45000,44900,44800,146000,178800,128600,694100,64600,30500,20900,44100,600,4800,49100,45300,5095000,1376600,0,0,0,0,0,
000036.SZ,000036,20251209,93927000,45700,20100,91876,3941,0,,,11534600,53141091,47100,45700,47000,47200,45800,45900,46000,46100,46200,46300,46400,46500,46600,46700,179200,67400,232800,33200,30600,141800,41500,22100,17200,37900,45700,45600,45500,45400,45300,45200,45100,45000,44900,44800,167300,179000,130600,694100,64800,30500,20900,44100,600,4800,49100,45300,5080400,1400300,0,0,0,0,0,
000036.SZ,000036,20251209,93930000,45700,17700,80909,3954,0,,,11552300,53222000,47100,45700,47000,47200,45800,45900,46000,46100,46200,46300,46400,46500,46600,46700,180600,65400,257800,33200,30600,135800,41500,22100,17200,37900,45700,45600,45500,45400,45300,45200,45100,45000,44900,44800,155800,179000,131200,42600,64800,30500,20900,44100,600,4800,49100,45300,5098800,737900,0,0,0,0,0,
000036.SZ,000036,20251209,93933000,45700,77000,351907,4025,0,,,11629300,53573907,47100,45700,47000,47200,45800,45900,46000,46100,46200,46300,46400,46500,46600,46700,187300,65400,255300,33200,30600,135800,41500,22100,17200,37900,45700,45600,45500,45400,45300,45200,45100,45000,44900,44800,83600,179000,131200,42600,64800,30500,20900,44100,600,4800,49100,45200,5112100,665700,0,0,0,0,0,
000036.SZ,000036,20251209,93936000,45600,117700,537869,4070,0,,,11747000,54111776,47100,45600,47000,47200,45700,45800,45900,46000,46100,46200,46300,46400,46500,46600,113000,192600,65100,260900,33200,28600,135800,41500,22100,17200,45600,45500,45400,45300,45200,45100,45000,44900,44800,44600,186900,131200,42600,64800,30500,20900,54100,600,4800,800,49000,45200,5251300,600000,0,0,0,0,0,
000036.SZ,000036,20251209,93939000,45600,34200,156205,4104,0,,,11781200,54267981,47100,45600,47000,47200,45700,45800,45900,46000,46100,46200,46300,46400,46500,46600,127300,187800,65100,265100,33200,28600,135800,41400,22000,17200,45600,45500,45400,45300,45200,45100,45000,44900,44800,44600,187200,131300,42600,64800,30500,20900,54100,600,4800,800,49000,45200,5308700,600400,0,0,0,0,0,
000036.SZ,000036,20251209,93942000,45600,76500,349110,4135,0,,,11857700,54617091,47100,45600,47000,47200,45700,45800,45900,46000,46100,46200,46300,46400,46500,46600,99500,195300,65100,251400,33200,28600,135800,41400,22000,17200,45600,45500,45400,45300,45200,45100,45000,44900,44800,44600,152500,132800,40400,65000,30500,20900,54100,600,4800,800,49000,45100,5278700,565200,0,0,0,0,0,
000036.SZ,000036,20251209,93945000,45600,37000,168720,4147,0,,,11894700,54785811,47100,45600,47000,47200,45700,45800,45900,46000,46100,46200,46300,46400,46500,46600,104900,191300,65100,242700,33200,28600,135800,41400,22000,17200,45600,45500,45400,45300,45200,45100,45000,44900,44800,44600,116900,131800,40400,55000,30500,20900,59100,600,4800,800,49000,45100,5270400,523600,0,0,0,0,0,
000036.SZ,000036,20251209,93948000,45600,49700,226640,4164,0,,,11944400,55012451,47100,45600,47000,47200,45700,45800,45900,46000,46100,46200,46300,46400,46500,46600,105900,195200,65100,242700,33200,28600,135800,41400,22000,17200,45600,45500,45400,45300,45200,45100,45000,44900,44800,44600,102000,131900,40400,54800,30500,20900,59100,600,4800,800,49000,45100,5275300,508600,0,0,0,0,0,
000036.SZ,000036,20251209,93951000,45600,83800,382133,4204,0,,,12028200,55394584,47100,45600,47000,47200,45700,45800,45900,46000,46100,46200,46300,46400,46500,46600,113900,186700,85100,244700,33200,28600,135800,41400,22000,17200,45600,45500,45400,45300,45200,45100,45000,44900,44800,44600,27500,129900,42800,51800,30500,23900,59100,3700,4800,800,49000,45000,5296800,437600,0,0,0,0,0,
000036.SZ,000036,20251209,93954000,45600,49500,225729,4232,0,,,12077700,55620313,47100,45600,47000,47200,45600,45700,45800,45900,46000,46100,46200,46300,46400,46500,32200,113000,176400,82300,233200,33200,28600,135800,41400,22000,45500,45400,45300,45200,45100,45000,44900,44800,44600,44300,130200,43800,51800,30500,23900,59100,3700,4800,800,1800,49000,45000,5303500,411400,0,0,0,0,0,
000036.SZ,000036,20251209,93957000,45600,38500,175538,4251,0,,,12116200,55795851,47100,45500,47000,47200,45600,45700,45800,45900,46000,46100,46200,46300,46400,46500,23400,83800,175000,87300,233200,32500,17100,135800,41400,22000,45500,45400,45300,45200,45100,45000,44900,44800,44600,44300,128500,43800,51800,30500,23900,59100,3700,4800,800,1800,49000,45000,5256900,409700,0,0,0,0,0,
000036.SZ,000036,20251209,94000000,45500,32700,148871,4271,0,,,12148900,55944722,47100,45500,47000,47200,45600,45700,45800,45900,46000,46100,46200,46300,46400,46500,69900,66200,171000,87300,233200,32500,17100,135800,41400,22000,45500,45400,45300,45200,45100,45000,44900,44800,44600,44300,104700,43800,51800,30500,23900,159200,3700,4800,800,1800,49000,44900,5272900,486000,0,0,0,0,0,
000036.SZ,000036,20251209,94003000,45500,67600,308019,4301,0,,,12216500,56252741,47100,45500,47000,47200,45600,45700,45800,45900,46000,46100,46200,46300,46400,46500,41700,66200,164700,87300,228700,32500,17100,135800,41400,22000,45500,45400,45300,45200,45100,45000,44900,44800,44600,44300,111400,43800,51800,32300,23900,160200,3700,4800,800,1800,49100,45000,5207400,495500,0,0,0,0,0,
000036.SZ,000036,20251209,94006000,45500,114500,521014,4361,0,,,12331000,56773755,47100,45500,47000,47200,45600,45700,45800,45900,46000,46100,46200,46300,46400,46500,58400,66200,164700,87500,228700,32500,17100,135800,41400,22000,45500,45400,45300,45200,45100,45000,44900,44800,44600,44300,1900,46500,41900,32300,23900,160200,3700,4800,800,1800,49100,44800,5224600,378800,0,0,0,0,0,
000036.SZ,000036,20251209,94009000,45500,40800,185640,4379,0,,,12371800,56959395,47100,45500,47000,47200,45500,45600,45700,45800,45900,46000,46100,46200,46300,46400,7500,87500,65100,164700,87500,222400,32500,17100,135800,41400,45400,45300,45200,45100,45000,44900,44800,44600,44300,44100,57900,41900,32300,24000,160200,3700,4800,800,1800,1200,49000,44800,5253800,395400,0,0,0,0,0,
000036.SZ,000036,20251209,94012000,45500,24500,111475,4394,0,,,12396300,57070870,47100,45500,47000,47200,45500,45600,45700,45800,45900,46000,46100,46200,46300,46400,60500,81400,67300,175100,87500,222400,32500,17100,135800,41400,45400,45300,45200,45100,45000,44900,44800,44600,44300,44100,61900,42200,35300,34000,162000,3700,4800,800,1800,1200,49000,44800,5313300,414500,0,0,0,0,0,
000036.SZ,000036,20251209,94015000,45500,47600,216429,4405,0,,,12443900,57287299,47100,45400,47000,47200,45500,45600,45700,45800,45900,46000,46100,46200,46300,46400,33400,71400,67200,180100,85900,222400,32500,17100,135800,40700,45400,45300,45200,45100,45000,44900,44800,44600,44300,44100,68400,42300,35300,37000,162200,3700,4800,800,1800,1200,49000,44800,5240900,424300,0,0,0,0,0,
000036.SZ,000036,20251209,94018000,45500,8900,40492,4410,0,,,12452800,57327791,47100,45400,47000,47200,45500,45600,45700,45800,45900,46000,46100,46200,46300,46400,13200,46400,67200,180100,85900,222400,38300,17100,135800,40700,45400,45300,45200,45100,45000,44900,44800,44600,44300,44100,76100,42300,35300,37000,162200,103700,4800,800,1800,1200,49100,44800,5198500,532000,0,0,0,0,0,
000036.SZ,000036,20251209,94021000,45500,36700,166703,4431,0,,,12489500,57494494,47100,45400,47000,47200,45500,45600,45700,45800,45900,46000,46100,46200,46300,46400,5400,29600,87200,165400,85900,222400,38300,17100,135800,30300,45400,45300,45200,45100,45000,44900,44800,44600,44300,44100,51700,42300,33400,38000,162200,103700,5800,800,1800,1200,49100,44800,5170200,507700,0,0,0,0,0,
000036.SZ,000036,20251209,94024000,45400,86300,391848,4493,0,,,12575800,57886342,47100,45400,47000,47200,45500,45600,45700,45800,45900,46000,46100,46200,46300,46400,20200,29400,84700,165400,85900,223200,38300,17100,135800,30300,45400,45300,45200,45100,45000,44900,44800,44600,44300,44100,3400,42300,55800,38000,162200,103700,5900,800,1800,1200,49100,44800,5183100,482400,0,0,0,0,0,
000036.SZ,000036,20251209,94027000,45500,42600,193574,4527,0,,,12618400,58079916,47100,45400,47000,47200,45500,45600,45700,45800,45900,46000,46100,46200,46300,46400,6500,29400,84700,165000,85900,223200,38300,17100,135800,30300,45400,45300,45200,45100,45000,44900,44800,44600,44300,44100,14700,42500,56900,38600,162200,103700,5900,800,1800,1200,49100,44800,5177800,495600,0,0,0,0,0,
000036.SZ,000036,20251209,94030000,45400,62500,283730,4579,0,,,12680900,58363646,47100,45300,47000,47200,45400,45500,45600,45700,45800,45900,46000,46100,46200,46300,82700,9100,29400,84700,150200,85900,238200,38300,17100,135800,45300,45200,45100,45000,44900,44800,44600,44300,44100,44000,51200,56900,43200,161800,103700,1100,800,1800,1200,15300,49000,44800,5262700,489000,0,0,0,0,0,
000036.SZ,000036,20251209,94033000,45400,23700,107595,4586,0,,,12704600,58471241,47100,45300,47000,47200,45400,45500,45600,45700,45800,45900,46000,46100,46200,46300,84400,12500,29400,84700,150200,86700,236400,38300,17100,135800,45300,45200,45100,45000,44900,44800,44600,44300,44100,44000,58800,58200,48200,162100,103700,1100,800,1800,1200,15300,49000,44800,5268700,503200,0,0,0,0,0,
000036.SZ,000036,20251209,94036000,45300,6800,30821,4595,0,,,12711400,58502062,47100,45300,47000,47200,45400,45500,45600,45700,45800,45900,46000,46100,46200,46300,100900,22200,34900,84700,144800,86700,236400,38300,17100,135800,45300,45200,45100,45000,44900,44800,44600,44300,44100,44000,64600,59300,48200,166000,103700,1100,800,1800,1200,18300,49000,44800,5295600,517000,0,0,0,0,0,
000036.SZ,000036,20251209,94039000,45300,57000,258333,4615,0,,,12768400,58760395,47100,45300,47000,47200,45400,45500,45600,45700,45800,45900,46000,46100,46200,46300,177300,22200,34900,79300,144800,96700,236400,38300,17100,135800,45300,45200,45100,45000,44900,44800,44600,44500,44300,44100,39000,61300,48700,166000,109200,1100,800,900,1800,1200,48900,44800,5376600,500300,0,0,0,0,0,
000036.SZ,000036,20251209,94042000,45400,197500,896424,4645,0,,,12965900,59656819,47100,45300,47000,47200,45500,45600,45700,45800,45900,46000,46100,46200,46300,46400,27900,34900,79300,144800,96700,236400,38300,17100,135800,30300,45300,45200,45100,45000,44900,44800,44600,44500,44300,44100,21000,63600,49700,168300,109200,1100,800,900,1800,1200,49100,44800,5204600,488500,0,0,0,0,0,
000036.SZ,000036,20251209,94045000,45400,103600,470402,4707,0,,,13069500,60127221,47100,45200,47000,47200,45600,45700,45800,45900,46000,46100,46200,46300,46400,46500,34900,79300,144800,99200,226400,38300,17100,136800,30300,22000,45500,45400,45300,45200,45100,45000,44900,44800,44600,44500,700,38600,13100,56700,99700,164600,109200,1100,800,900,49100,44800,5176500,562700,0,0,0,0,0,
000036.SZ,000036,20251209,94048000,45400,54400,247300,4725,0,,,13123900,60374521,47100,45200,47000,47200,45600,45700,45800,45900,46000,46100,46200,46300,46400,46500,33900,80100,144800,100200,206400,38300,17100,136800,30300,22000,45400,45300,45200,45100,45000,44900,44800,44600,44500,44400,58000,13100,59400,113700,165600,117300,1100,800,900,3300,49100,44800,5141700,609000,0,0,0,0,0,
000036.SZ,000036,20251209,94051000,45500,6700,30480,4731,0,,,13130600,60405001,47100,45200,47000,47200,45600,45700,45800,45900,46000,46100,46200,46300,46400,46500,28800,80100,141900,100200,206400,38300,17100,136800,30300,17700,45500,45400,45300,45200,45100,45000,44900,44800,44600,44500,1000,64500,13100,64900,118700,165600,117300,1100,800,900,49100,44800,5129400,637000,0,0,0,0,0,
000036.SZ,000036,20251209,94054000,45400,59300,269250,4751,0,,,13189900,60674251,47100,45200,47000,47200,45500,45600,45700,45800,45900,46000,46100,46200,46300,46400,4000,33300,80100,141900,100200,206400,38300,17100,116800,30300,45400,45300,45200,45100,45000,44900,44800,44600,44500,44400,9500,14000,68800,118700,175100,117300,1100,800,900,13300,49100,44800,5117900,595300,0,0,0,0,0,
000036.SZ,000036,20251209,94057000,45500,41900,190530,4768,0,,,13231800,60864781,47100,45200,47000,47200,45500,45600,45700,45800,45900,46000,46100,46200,46300,46400,1100,33300,96400,141900,100200,201100,38300,17100,116800,30300,45400,45300,45200,45100,45000,44900,44800,44600,44500,44400,33600,23900,68800,118700,277600,117300,1100,800,900,13300,49100,44900,5128000,731800,0,0,0,0,0,
000036.SZ,000036,20251209,94100000,45400,28200,128033,4784,0,,,13260000,60992814,47100,45200,47000,47200,45500,45600,45700,45800,45900,46000,46100,46200,46300,46400,207900,33300,104300,141400,100200,206100,38300,17100,116800,30300,45400,45300,45200,45100,45000,44900,44800,44600,44500,44400,6100,24500,73700,118700,285400,118000,7300,800,900,13300,49000,44800,5347200,724500,0,0,0,0,0,
000036.SZ,000036,20251209,94103000,45400,24800,112621,4799,0,,,13284800,61105435,47100,45200,47000,47200,45500,45600,45700,45800,45900,46000,46100,46200,46300,46400,219500,33300,104300,141400,100200,206100,38300,17100,116800,30300,45400,45300,45200,45100,45000,44900,44800,44600,44500,44400,13000,34800,83700,119700,296400,118000,7300,800,900,13700,48900,44900,5358800,764100,0,0,0,0,0,
000036.SZ,000036,20251209,94106000,45400,32600,147997,4821,0,,,13317400,61253432,47100,45200,47000,47200,45400,45500,45600,45700,45800,45900,46000,46100,46200,46300,10800,217000,35300,104300,141400,100200,206100,38300,17100,116800,45300,45200,45100,45000,44900,44800,44600,44500,44400,44300,30200,93700,126300,301400,118200,8800,800,900,13700,1800,48900,44900,5369100,768800,0,0,0,0,0,
000036.SZ,000036,20251209,94109000,45400,10700,48531,4826,0,,,13328100,61301963,47100,45200,47000,47200,45400,45500,45600,45700,45800,45900,46000,46100,46200,46300,23500,232800,30900,104300,145600,100200,199100,38300,18100,116800,45300,45200,45100,45000,44900,44800,44700,44600,44500,44400,60400,103900,127300,305400,118200,8800,1000,800,900,13700,48900,44900,5391400,815200,0,0,0,0,0,
000036.SZ,000036,20251209,94112000,45400,35700,161989,4848,0,,,13363800,61463952,47100,45200,47000,47200,45400,45500,45600,45700,45800,45900,46000,46100,46200,46300,5700,218000,30900,104300,145600,100200,199100,38300,18100,116800,45300,45200,45100,45000,44900,44800,44700,44600,44500,44400,69300,110900,132500,313000,118200,8800,1000,800,900,13700,48900,44900,5358800,843900,0,0,0,0,0,
000036.SZ,000036,20251209,94115000,45400,39700,180153,4860,0,,,13403500,61644105,47100,45200,47000,47200,45400,45500,45600,45700,45800,45900,46000,46100,46200,46300,10800,222600,30900,104300,145600,100200,199100,38300,18100,116800,45300,45200,45100,45000,44900,44800,44700,44600,44500,44400,70000,113000,132500,316500,118200,8800,1000,800,900,13700,48900,44900,5350000,850200,0,0,0,0,0,
000036.SZ,000036,20251209,94118000,45300,23800,107829,4869,0,,,13427300,61751934,47100,45200,47000,47200,45400,45500,45600,45700,45800,45900,46000,46100,46200,46300,19500,221600,40900,104300,150600,100200,200000,38300,18100,116800,45300,45200,45100,45000,44900,44800,44700,44600,44500,44400,51300,113000,151900,318600,118200,8800,1300,800,900,13700,48900,44900,5373600,853300,0,0,0,0,0,
000036.SZ,000036,20251209,94121000,45400,37000,167669,4877,0,,,13464300,61919603,47100,45200,47000,47200,45400,45500,45600,45700,45800,45900,46000,46100,46200,46300,18600,221600,40900,84300,150600,100200,200000,38300,18100,116800,45300,45200,45100,45000,44900,44800,44700,44600,44500,44400,20700,118000,152900,320600,118200,8800,1300,800,900,13700,48900,44900,5337800,830700,0,0,0,0,0,
000036.SZ,000036,20251209,94124000,45300,12600,57078,4883,0,,,13476900,61976681,47100,45200,47000,47200,45400,45500,45600,45700,45800,45900,46000,46100,46200,46300,32300,219600,40900,84300,150600,100200,195900,38300,18100,116800,45300,45200,45100,45000,44900,44800,44700,44600,44500,44400,10900,121000,155900,400600,118200,11000,1300,800,900,13700,48900,44900,5345400,909100,0,0,0,0,0,
000036.SZ,000036,20251209,94127000,45300,23200,105118,4907,0,,,13500100,62081799,47100,45200,47000,47200,45400,45500,45600,45700,45800,45900,46000,46100,46200,46300,32600,232500,38900,82700,150600,100200,195900,38300,18100,116800,45300,45200,45100,45000,44900,44800,44700,44600,44500,44400,77000,122100,166700,401300,118200,11000,1300,800,900,13700,48900,44900,5345000,992800,0,0,0,0,0,
000036.SZ,000036,20251209,94130000,45300,15800,71594,4913,0,,,13515900,62153393,47100,45200,47000,47200,45400,45500,45600,45700,45800,45900,46000,46100,46200,46300,38800,232500,33400,82700,150600,100200,195900,38300,18100,112800,45300,45200,45100,45000,44900,44800,44700,44600,44500,44400,65500,123100,169900,401500,118200,11200,1300,800,900,13700,48900,44900,5259300,986800,0,0,0,0,0,
000036.SZ,000036,20251209,94133000,45300,82700,374669,4937,0,,,13598600,62528062,47100,45200,47000,47200,45400,45500,45600,45700,45800,45900,46000,46100,46200,46300,35700,231800,44800,82700,150600,100200,195900,38300,18100,112800,45300,45200,45100,45000,44900,44800,44700,44600,44500,44400,9000,134100,236000,401500,118200,12700,1300,800,900,13700,48900,44900,5266900,1008900,0,0,0,0,0,
000036.SZ,000036,20251209,94136000,45300,20400,92407,4948,0,,,13619000,62620469,47100,45200,47000,47200,45300,45400,45500,45600,45700,45800,45900,46000,46100,46200,47600,39000,237600,29300,80500,150600,100200,195900,38300,18100,45200,45100,45000,44900,44800,44700,44600,44500,44400,44300,138600,236000,400500,118200,12700,1300,1800,900,13700,1800,48900,44900,5305900,1009600,0,0,0,0,0,
000036.SZ,000036,20251209,94139000,45300,26600,120275,4961,0,,,13645600,62740744,47100,45200,47000,47200,45300,45400,45500,45600,45700,45800,45900,46000,46100,46200,58900,40600,140600,28900,83500,150600,100200,195900,38300,17600,45200,45100,45000,44900,44800,44700,44600,44500,44400,44300,116900,236700,405600,118200,12700,1300,1800,900,13700,1800,49000,44900,5224100,993700,0,0,0,0,0,
000036.SZ,000036,20251209,94142000,45300,38800,175552,4983,0,,,13684400,62916296,47100,45200,47000,47200,45300,45400,45500,45600,45700,45800,45900,46000,46100,46200,57000,61400,160600,28900,83500,150600,100200,195900,38300,17600,45200,45100,45000,44900,44800,44700,44600,44500,44400,44300,85700,237400,406600,118200,12700,1300,1800,900,13700,1800,48900,44900,5263000,964300,0,0,0,0,0,
000036.SZ,000036,20251209,94145000,45200,120300,543750,5040,0,,,13804700,63460046,47100,45100,47000,47200,45200,45300,45400,45500,45600,45700,45800,45900,46000,46100,5400,110400,58900,139400,22500,83500,150600,100200,180900,38300,45100,45000,44900,44800,44700,44600,44500,44400,44300,44200,223400,407100,118200,12700,1900,1800,900,13700,1800,500,48900,44800,5276700,866200,0,0,0,0,0,
000036.SZ,000036,20251209,94148000,45200,112200,506225,5069,0,,,13916900,63966271,47100,45100,47000,47200,45200,45300,45400,45500,45600,45700,45800,45900,46000,46100,6500,85900,58900,139400,22500,83500,150600,100200,180900,38300,45100,45000,44900,44800,44700,44600,44500,44400,44300,44200,126000,437200,118200,12700,1900,1800,900,13700,1800,500,48900,44800,5272700,799200,0,0,0,0,0,
000036.SZ,000036,20251209,94151000,45200,68000,306836,5092,0,,,13984900,64273107,47100,45100,47000,47200,45200,45300,45400,45500,45600,45700,45800,45900,46000,46100,99700,82400,58900,125200,22500,83500,150600,100200,180600,38300,45100,45000,44900,44800,44700,44600,44500,44400,44300,44200,85600,438600,118200,12700,4900,1800,900,13700,1800,500,48900,44800,5348300,763200,0,0,0,0,0,
000036.SZ,000036,20251209,94154000,45100,90800,409476,5133,0,,,14075700,64682583,47100,45000,47000,47200,45100,45200,45300,45400,45500,45600,45700,45800,45900,46000,7800,148800,82400,58900,122300,22500,83500,150600,100200,180600,45000,44900,44800,44700,44600,44500,44400,44300,44200,44100,437800,118200,12700,4900,1800,900,13700,3100,500,1200,48800,44700,5423000,678100,0,0,0,0,0,
