万得代码,交易所代码,自然日,时间,委托编号,交易所委托号,委托类型,委托代码,委托价格,委托数量,
000036.SZ,000036,20251209,91500000,0,158,0,B,46000,1000,
000036.SZ,000036,20251209,91500050,0,1732,0,B,45800,10000,
000036.SZ,000036,20251209,91500050,0,1733,0,B,46100,10000,
000036.SZ,000036,20251209,91500050,0,1765,0,B,46300,10000,
000036.SZ,000036,20251209,91500060,0,2522,0,S,51900,30000,
000036.SZ,000036,20251209,91500060,0,2681,0,B,46300,148700,
000036.SZ,000036,20251209,91500060,0,2977,0,S,47600,5000,
000036.SZ,000036,20251209,91500060,0,3725,0,B,47200,200,
000036.SZ,000036,20251209,91500060,0,3806,0,S,51800,100,
000036.SZ,000036,20251209,91500060,0,4625,0,S,51900,100,
000036.SZ,000036,20251209,91500070,0,5677,0,S,49500,32200,
000036.SZ,000036,20251209,91500070,0,6368,0,B,46600,3500,
000036.SZ,000036,20251209,91500070,0,6370,0,B,46500,5000,
000036.SZ,000036,20251209,91500070,0,6375,0,B,46400,5000,
000036.SZ,000036,20251209,91500070,0,6376,0,B,46600,3000,
000036.SZ,000036,20251209,91500070,0,6378,0,B,46500,3000,
000036.SZ,000036,20251209,91500070,0,6388,0,B,46400,3000,
000036.SZ,000036,20251209,91500070,0,6529,0,B,44000,800,
000036.SZ,000036,20251209,91500070,0,6584,0,B,45000,600,
000036.SZ,000036,20251209,91500070,0,8665,0,B,45600,1000,
000036.SZ,000036,20251209,91500070,0,8666,0,B,44100,1000,
000036.SZ,000036,20251209,91500070,0,8667,0,S,50500,1000,
000036.SZ,000036,20251209,91500080,0,10336,0,S,47800,3000,
000036.SZ,000036,20251209,91500080,0,11254,0,S,49600,19600,
000036.SZ,000036,20251209,91500080,0,12616,0,S,49600,14500,
000036.SZ,000036,20251209,91500090,0,13361,0,B,46500,400,
000036.SZ,000036,20251209,91500090,0,13362,0,B,45300,1000,
000036.SZ,000036,20251209,91500090,0,13530,0,B,45000,1000,
000036.SZ,000036,20251209,91500090,0,13770,0,S,47600,2400,
000036.SZ,000036,20251209,91500090,0,14090,0,S,50900,2000,
000036.SZ,000036,20251209,91500090,0,14161,0,S,47900,3500,
000036.SZ,000036,20251209,91500090,0,14162,0,S,48000,3400,
000036.SZ,000036,20251209,91500090,0,14733,0,B,46300,20000,
000036.SZ,000036,20251209,91500090,0,15622,0,S,50000,1000,
000036.SZ,000036,20251209,91500090,0,16083,0,S,48200,1000,
000036.SZ,000036,20251209,91500100,0,17956,0,S,51900,5000,
000036.SZ,000036,20251209,91500100,0,18310,0,S,50800,800,
000036.SZ,000036,20251209,91500100,0,18599,0,S,51900,2000,
000036.SZ,000036,20251209,91500100,0,19495,0,S,51500,300,
000036.SZ,000036,20251209,91500110,0,20335,0,S,49700,1500,
000036.SZ,000036,20251209,91500110,0,20341,0,S,51900,10000,
000036.SZ,000036,20251209,91500110,0,20682,0,S,51900,2100,
000036.SZ,000036,20251209,91500110,0,20984,0,B,45900,600,
000036.SZ,000036,20251209,91500110,0,22507,0,S,51500,9100,
000036.SZ,000036,20251209,91500120,0,22843,0,S,51900,1200,
000036.SZ,000036,20251209,91500120,0,23832,0,S,47700,7000,
000036.SZ,000036,20251209,91500120,0,25035,0,B,45000,1000,
000036.SZ,000036,20251209,91500130,0,29251,0,S,51900,3800,
000036.SZ,000036,20251209,91500130,0,29252,0,S,49800,3000,
000036.SZ,000036,20251209,91500130,0,29339,0,B,46100,3000,
000036.SZ,000036,20251209,91500130,0,29635,0,B,42500,10000,
000036.SZ,000036,20251209,91500140,0,30666,0,S,51900,13000,
000036.SZ,000036,20251209,91500150,0,34701,0,S,47700,1400,
000036.SZ,000036,20251209,91500150,0,35887,0,S,48200,1000,
000036.SZ,000036,20251209,91500150,0,36166,0,B,46200,10000,
000036.SZ,000036,20251209,91500150,0,36168,0,S,51900,7000,
000036.SZ,000036,20251209,91500160,0,37399,0,S,48100,4100,
000036.SZ,000036,20251209,91500160,0,37896,0,S,42500,1400,
000036.SZ,000036,20251209,91500160,0,39752,0,S,48000,5000,
000036.SZ,000036,20251209,91500170,0,40621,0,S,51900,1700,
000036.SZ,000036,20251209,91500170,0,42532,0,S,51900,600,
000036.SZ,000036,20251209,91500170,0,42808,0,B,46100,2000,
000036.SZ,000036,20251209,91500170,0,43003,0,S,48900,6600,
000036.SZ,000036,20251209,91500170,0,43004,0,B,46600,1600,
000036.SZ,000036,20251209,91500170,0,43063,0,B,44000,1000,
000036.SZ,000036,20251209,91500180,0,43853,0,S,51900,1000,
000036.SZ,000036,20251209,91500180,0,44980,0,S,51600,500,
000036.SZ,000036,20251209,91500190,0,47831,0,S,49900,600,
000036.SZ,000036,20251209,91500190,0,47988,0,S,49400,4000,
000036.SZ,000036,20251209,91500210,0,52224,0,S,49000,5000,
000036.SZ,000036,20251209,91500210,0,52225,0,S,48900,5000,
000036.SZ,000036,20251209,91500210,0,52228,0,S,48800,5000,
000036.SZ,000036,20251209,91500210,0,52230,0,S,48700,5000,
000036.SZ,000036,20251209,91500210,0,52231,0,S,48600,5000,
000036.SZ,000036,20251209,91500210,0,52232,0,S,48500,5000,
000036.SZ,000036,20251209,91500210,0,52233,0,S,48400,5000,
000036.SZ,000036,20251209,91500210,0,52234,0,S,48300,5000,
000036.SZ,000036,20251209,91500210,0,52235,0,S,48200,5000,
000036.SZ,000036,20251209,91500210,0,52236,0,S,48100,5000,
000036.SZ,000036,20251209,91500210,0,52237,0,S,48000,5000,
000036.SZ,000036,20251209,91500210,0,52238,0,S,47900,5000,
000036.SZ,000036,20251209,91500210,0,52239,0,S,47800,5000,
000036.SZ,000036,20251209,91500210,0,52240,0,S,47700,5000,
000036.SZ,000036,20251209,91500210,0,52241,0,S,47600,5000,
000036.SZ,000036,20251209,91500210,0,52242,0,S,47500,5000,
000036.SZ,000036,20251209,91500210,0,52243,0,B,46000,10000,
000036.SZ,000036,20251209,91500210,0,52244,0,B,46100,10000,
000036.SZ,000036,20251209,91500210,0,52245,0,B,46200,5000,
000036.SZ,000036,20251209,91500210,0,52246,0,B,46300,5000,
000036.SZ,000036,20251209,91500210,0,52247,0,B,46400,5000,
000036.SZ,000036,20251209,91500210,0,52248,0,B,46500,5000,
000036.SZ,000036,20251209,91500210,0,52249,0,B,46600,5000,
000036.SZ,000036,20251209,91500210,0,52250,0,B,46700,5000,
000036.SZ,000036,20251209,91500210,0,52251,0,B,46800,5000,
000036.SZ,000036,20251209,91500210,0,52252,0,B,46900,5000,
000036.SZ,000036,20251209,91500210,0,52253,0,B,47000,5000,
000036.SZ,000036,20251209,91500210,0,52254,0,B,47100,5000,
000036.SZ,000036,20251209,91500220,0,54000,0,S,50500,400,
000036.SZ,000036,20251209,91500220,0,55201,0,S,51900,1100,
000036.SZ,000036,20251209,91500220,0,55206,0,S,51900,2200,
000036.SZ,000036,20251209,91500220,0,55986,0,S,49500,100,
000036.SZ,000036,20251209,91500220,0,55990,0,S,50000,200,
000036.SZ,000036,20251209,91500230,0,56306,0,S,44000,800,
000036.SZ,000036,20251209,91500230,0,56775,0,S,51600,1500,
000036.SZ,000036,20251209,91500270,0,62908,0,S,51900,345000,
000036.SZ,000036,20251209,91500270,0,63165,0,S,51000,5000,
000036.SZ,000036,20251209,91500270,0,63188,0,S,47100,100,
000036.SZ,000036,20251209,91500270,0,63310,0,S,49400,1300,
000036.SZ,000036,20251209,91500270,0,63311,0,S,51900,500,
000036.SZ,000036,20251209,91500270,0,63312,0,S,50100,1000,
000036.SZ,000036,20251209,91500270,0,63787,0,B,45600,100,
000036.SZ,000036,20251209,91500270,0,63788,0,B,44100,100,
000036.SZ,000036,20251209,91500270,0,63812,0,S,50500,200,
000036.SZ,000036,20251209,91500270,0,63813,0,S,51900,200,
000036.SZ,000036,20251209,91500280,0,65064,0,S,51900,20000,
000036.SZ,000036,20251209,91500280,0,65726,0,S,48700,300,
000036.SZ,000036,20251209,91500280,0,65770,0,B,46300,7000,
000036.SZ,000036,20251209,91500300,0,67764,0,B,45600,4000,
000036.SZ,000036,20251209,91500300,0,67780,0,B,44000,4000,
000036.SZ,000036,20251209,91500300,0,67781,0,B,42500,2000,
000036.SZ,000036,20251209,91500300,0,67782,0,B,42500,5000,
000036.SZ,000036,20251209,91500300,0,67783,0,S,50500,5000,
000036.SZ,000036,20251209,91500300,0,67784,0,S,51900,5000,
000036.SZ,000036,20251209,91500300,0,68301,0,S,51700,136800,
000036.SZ,000036,20251209,91500300,0,68498,0,S,48800,4100,
000036.SZ,000036,20251209,91500310,0,69671,0,B,46300,4500,
000036.SZ,000036,20251209,91500310,0,70173,0,S,49500,500,
000036.SZ,000036,20251209,91500320,0,72537,0,S,51900,28300,
000036.SZ,000036,20251209,91500330,0,74016,0,B,47100,300,
000036.SZ,000036,20251209,91500350,0,76873,0,S,51900,500,
000036.SZ,000036,20251209,91500350,0,77269,0,S,49400,11000,
000036.SZ,000036,20251209,91500350,0,77543,0,B,46000,300,
000036.SZ,000036,20251209,91500360,0,79027,0,B,45000,2200,
000036.SZ,000036,20251209,91500360,0,79034,0,S,51600,2000,
000036.SZ,000036,20251209,91500370,0,79119,0,B,44000,2000,
000036.SZ,000036,20251209,91500370,0,79462,0,S,51900,2700,
000036.SZ,000036,20251209,91500380,0,81102,0,S,50800,100,
000036.SZ,000036,20251209,91500400,0,83448,0,S,50700,100,
000036.SZ,000036,20251209,91500410,0,84040,0,S,48100,500,
000036.SZ,000036,20251209,91500420,0,85311,0,S,47900,600,
000036.SZ,000036,20251209,91500420,0,85874,0,B,44300,1000,
000036.SZ,000036,20251209,91500420,0,85970,0,B,45600,100,
000036.SZ,000036,20251209,91500420,0,85972,0,B,44100,100,
000036.SZ,000036,20251209,91500420,0,85973,0,S,50500,200,
000036.SZ,000036,20251209,91500420,0,85974,0,S,51900,500,
000036.SZ,000036,20251209,91500420,0,86474,0,B,45200,500,
000036.SZ,000036,20251209,91500450,0,88822,0,B,47200,200,
000036.SZ,000036,20251209,91500460,0,90827,0,S,51900,9200,
000036.SZ,000036,20251209,91500470,0,91221,0,S,50000,500,
000036.SZ,000036,20251209,91500480,0,92620,0,B,46100,500,
000036.SZ,000036,20251209,91500500,0,95496,0,S,51900,900,
000036.SZ,000036,20251209,91500510,0,97197,0,S,49500,3000,
000036.SZ,000036,20251209,91500510,0,97201,0,S,50000,4100,
000036.SZ,000036,20251209,91500540,0,100090,0,S,48100,15000,
000036.SZ,000036,20251209,91500540,0,100105,0,S,49000,17000,
000036.SZ,000036,20251209,91500540,0,100107,0,B,46100,27000,
000036.SZ,000036,20251209,91500550,0,100575,0,S,47800,700,
000036.SZ,000036,20251209,91500560,0,101387,0,S,51000,5000,
000036.SZ,000036,20251209,91500560,0,101534,0,B,43600,8000,
000036.SZ,000036,20251209,91500560,0,101684,0,S,51900,2000,
000036.SZ,000036,20251209,91500570,0,102890,0,B,47000,5000,
000036.SZ,000036,20251209,91500570,0,102891,0,B,46500,10000,
000036.SZ,000036,20251209,91500570,0,102906,0,S,50500,200,
000036.SZ,000036,20251209,91500570,0,103529,0,S,51100,200,
000036.SZ,000036,20251209,91500590,0,104930,0,S,47100,1200,
000036.SZ,000036,20251209,91500600,0,106112,0,S,51900,2200,
000036.SZ,000036,20251209,91500610,0,107273,0,S,48000,1000,
000036.SZ,000036,20251209,91500610,0,107274,0,S,48500,1000,
000036.SZ,000036,20251209,91500610,0,107275,0,S,49000,1000,
000036.SZ,000036,20251209,91500610,0,107276,0,S,49500,1000,
000036.SZ,000036,20251209,91500610,0,107277,0,S,50000,1000,
000036.SZ,000036,20251209,91500610,0,107278,0,S,50300,1000,
000036.SZ,000036,20251209,91500610,0,107279,0,S,50600,1000,
000036.SZ,000036,20251209,91500610,0,107280,0,S,50900,1000,
000036.SZ,000036,20251209,91500610,0,107281,0,S,51200,1000,
000036.SZ,000036,20251209,91500610,0,107282,0,S,51500,1000,
000036.SZ,000036,20251209,91500610,0,107283,0,S,51800,1000,
000036.SZ,000036,20251209,91500610,0,107284,0,S,51900,1000,
000036.SZ,000036,20251209,91500610,0,107285,0,S,49800,1000,
000036.SZ,000036,20251209,91500610,0,107286,0,S,51600,1000,
000036.SZ,000036,20251209,91500610,0,107287,0,S,51700,1000,
000036.SZ,000036,20251209,91500610,0,107301,0,S,51800,1000,
000036.SZ,000036,20251209,91500610,0,107302,0,S,51900,1000,
000036.SZ,000036,20251209,91500610,0,107304,0,S,51300,1000,
000036.SZ,000036,20251209,91500610,0,107305,0,S,51400,1000,
000036.SZ,000036,20251209,91500610,0,107306,0,S,51000,1000,
000036.SZ,000036,20251209,91500610,0,107307,0,S,51100,1000,
000036.SZ,000036,20251209,91500610,0,107308,0,B,46100,1000,
000036.SZ,000036,20251209,91500610,0,107309,0,B,45900,1000,
000036.SZ,000036,20251209,91500610,0,107310,0,B,45700,1000,
000036.SZ,000036,20251209,91500610,0,107311,0,B,45500,1000,
000036.SZ,000036,20251209,91500610,0,107312,0,B,45100,1000,
000036.SZ,000036,20251209,91500610,0,107329,0,B,45300,1000,
000036.SZ,000036,20251209,91500620,0,107729,0,B,46000,1000,
000036.SZ,000036,20251209,91500630,0,108805,0,S,50500,500,
000036.SZ,000036,20251209,91500630,0,108863,0,B,45600,600,
000036.SZ,000036,20251209,91500630,0,108875,0,S,49600,600,
000036.SZ,000036,20251209,91500630,0,109343,0,S,48900,300,
000036.SZ,000036,20251209,91500630,0,109344,0,S,48500,300,
000036.SZ,000036,20251209,91500640,0,110354,0,S,48500,5800,
000036.SZ,000036,20251209,91500640,0,110747,0,B,46000,800,
000036.SZ,000036,20251209,91500650,0,111670,0,S,47800,12800,
000036.SZ,000036,20251209,91500650,0,111938,0,S,51900,16000,
000036.SZ,000036,20251209,91500690,0,115559,0,B,46800,5500,
000036.SZ,000036,20251209,91500720,0,118089,0,S,48000,20400,
000036.SZ,000036,20251209,91500720,0,118115,0,S,51900,10000,
000036.SZ,000036,20251209,91500740,0,119128,0,B,46300,300,
000036.SZ,000036,20251209,91500740,0,119129,0,S,49200,300,
000036.SZ,000036,20251209,91500740,0,119131,0,S,50800,400,
000036.SZ,000036,20251209,91500750,0,120706,0,S,47900,2000,
000036.SZ,000036,20251209,91500760,0,121258,0,S,51900,23900,
000036.SZ,000036,20251209,91500760,0,121319,0,S,51900,40000,
000036.SZ,000036,20251209,91500780,0,122983,0,S,42500,400,
000036.SZ,000036,20251209,91500790,0,123546,0,S,51800,400,
000036.SZ,000036,20251209,91500810,0,125018,0,S,48500,3000,
000036.SZ,000036,20251209,91500810,0,125244,0,S,49300,1400,
000036.SZ,000036,20251209,91500830,0,127085,0,S,50000,300,
000036.SZ,000036,20251209,91500850,0,128200,0,S,50500,5200,
000036.SZ,000036,20251209,91500880,0,130457,0,S,51600,1200,
000036.SZ,000036,20251209,91500900,0,131892,0,S,48500,400,
000036.SZ,000036,20251209,91500920,0,133117,0,S,51800,2000,
000036.SZ,000036,20251209,91500920,0,133153,0,S,48800,10000,
000036.SZ,000036,20251209,91500940,0,134564,0,B,45200,700,
000036.SZ,000036,20251209,91500960,0,135337,0,S,51900,34600,
000036.SZ,000036,20251209,91500980,0,136702,0,S,50000,10000,
000036.SZ,000036,20251209,91500980,0,137148,0,S,50000,100,
000036.SZ,000036,20251209,91500990,0,137834,0,B,45900,700,
000036.SZ,000036,20251209,91501000,0,138052,0,S,47700,20000,
000036.SZ,000036,20251209,91501020,0,139933,0,B,45700,800,
000036.SZ,000036,20251209,91501080,0,144350,0,S,51900,2000,
000036.SZ,000036,20251209,91501130,0,147260,0,B,42500,3600,
000036.SZ,000036,20251209,91501130,0,147573,0,B,46800,1500,
000036.SZ,000036,20251209,91501170,0,150056,0,S,47700,3000,
000036.SZ,000036,20251209,91501170,0,150159,0,S,50000,20000,
000036.SZ,000036,20251209,91501210,0,153068,0,S,51200,400,
000036.SZ,000036,20251209,91501210,0,153257,0,S,51900,40000,
000036.SZ,000036,20251209,91501220,0,154060,0,B,46000,2100,
000036.SZ,000036,20251209,91501230,0,154273,0,B,45800,11000,
000036.SZ,000036,20251209,91501230,0,154473,0,B,46300,5000,
000036.SZ,000036,20251209,91501260,0,155554,0,S,51800,1000,
000036.SZ,000036,20251209,91501260,0,155584,0,S,51200,100,
000036.SZ,000036,20251209,91501270,0,156304,0,B,42600,6600,
000036.SZ,000036,20251209,91501270,0,156307,0,S,51900,10000,
000036.SZ,000036,20251209,91501300,0,157460,0,B,45700,2000,
000036.SZ,000036,20251209,91501320,0,158672,0,S,51900,27600,
000036.SZ,000036,20251209,91501330,0,159593,0,B,45500,1000,
000036.SZ,000036,20251209,91501340,0,160037,0,S,50000,3000,
000036.SZ,000036,20251209,91501340,0,160042,0,S,51500,3000,
000036.SZ,000036,20251209,91501340,0,160043,0,B,43500,3000,
000036.SZ,000036,20251209,91501360,0,160885,0,S,48100,3000,
000036.SZ,000036,20251209,91501390,0,162418,0,S,51900,3400,
000036.SZ,000036,20251209,91501390,0,163130,0,S,49100,3500,
000036.SZ,000036,20251209,91501410,0,163916,0,S,50000,300,
000036.SZ,000036,20251209,91501410,0,163998,0,S,48500,200,
000036.SZ,000036,20251209,91501420,0,164771,0,S,48000,100,
000036.SZ,000036,20251209,91501420,0,164772,0,S,50000,200,
000036.SZ,000036,20251209,91501430,0,165427,0,B,45700,5000,
000036.SZ,000036,20251209,91501430,0,165827,0,S,47200,31600,
000036.SZ,000036,20251209,91501510,0,171039,0,S,51800,1600,
000036.SZ,000036,20251209,91501510,0,171167,0,S,51800,500,
000036.SZ,000036,20251209,91501520,0,172157,0,B,45900,800,
000036.SZ,000036,20251209,91501520,0,172255,0,B,45700,800,
000036.SZ,000036,20251209,91501520,0,172307,0,B,45400,800,
000036.SZ,000036,20251209,91501530,0,172333,0,B,45300,800,
000036.SZ,000036,20251209,91501560,0,175378,0,S,50600,2500,
000036.SZ,000036,20251209,91501580,0,176631,0,B,46500,800,
000036.SZ,000036,20251209,91501600,0,177858,0,S,51800,300,
000036.SZ,000036,20251209,91501610,0,178332,0,S,50500,500,
000036.SZ,000036,20251209,91501610,0,178386,0,S,48500,600,
000036.SZ,000036,20251209,91501630,0,179658,0,S,51400,1800,
000036.SZ,000036,20251209,91501640,0,179992,0,S,50100,2000,
000036.SZ,000036,20251209,91501640,0,180111,0,B,46000,800,
000036.SZ,000036,20251209,91501640,0,180112,0,B,45800,800,
000036.SZ,000036,20251209,91501640,0,180114,0,B,45600,800,
000036.SZ,000036,20251209,91501640,0,180131,0,B,45500,800,
000036.SZ,000036,20251209,91501640,0,180139,0,B,45100,800,
000036.SZ,000036,20251209,91501640,0,180526,0,S,51900,500,
000036.SZ,000036,20251209,91501650,0,181176,0,B,45600,300,
000036.SZ,000036,20251209,91501660,0,181739,0,S,51600,300,
000036.SZ,000036,20251209,91501660,0,181976,0,S,49700,400,
000036.SZ,000036,20251209,91501670,0,181993,0,B,46700,300,
000036.SZ,000036,20251209,91501680,0,183176,0,S,48400,700,
000036.SZ,000036,20251209,91501700,0,183840,0,S,51900,4000,
000036.SZ,000036,20251209,91501720,0,184882,0,S,50000,100,
000036.SZ,000036,20251209,91501740,0,185414,0,S,47200,200,
000036.SZ,000036,20251209,91501760,0,186517,0,S,51800,2000,
000036.SZ,000036,20251209,91501780,0,187085,0,S,47700,1000,
000036.SZ,000036,20251209,91501840,0,190211,0,S,50500,1600,
000036.SZ,000036,20251209,91501890,0,192133,0,S,49800,17100,
000036.SZ,000036,20251209,91501900,0,192283,0,B,46200,1000,
000036.SZ,000036,20251209,91501960,0,194653,0,S,51900,400,
000036.SZ,000036,20251209,91501990,0,196116,0,S,47900,1100,
000036.SZ,000036,20251209,91501990,0,196117,0,S,48400,1200,
000036.SZ,000036,20251209,91501990,0,196119,0,S,48900,1200,
000036.SZ,000036,20251209,91502000,0,196646,0,S,49900,58000,
000036.SZ,000036,20251209,91502010,0,197401,0,S,48900,1400,
000036.SZ,000036,20251209,91502010,0,197472,0,S,51800,10000,
000036.SZ,000036,20251209,91502010,0,197673,0,B,47200,3000,
000036.SZ,000036,20251209,91502040,0,199031,0,S,49900,7700,
000036.SZ,000036,20251209,91502040,0,199466,0,S,51900,2100,
000036.SZ,000036,20251209,91502050,0,199926,0,S,48800,1200,
000036.SZ,000036,20251209,91502090,0,201165,0,S,49000,100,
000036.SZ,000036,20251209,91502130,0,202654,0,S,51700,10000,
000036.SZ,000036,20251209,91502130,0,202725,0,B,44300,800,
000036.SZ,000036,20251209,91502160,0,204335,0,S,49600,100,
000036.SZ,000036,20251209,91502170,0,204679,0,S,51900,2900,
000036.SZ,000036,20251209,91502170,0,205019,0,S,49100,2000,
000036.SZ,000036,20251209,91502200,0,206434,0,S,51900,100,
000036.SZ,000036,20251209,91502290,0,209835,0,B,46700,15000,
000036.SZ,000036,20251209,91502300,0,209849,0,B,46600,19800,
000036.SZ,000036,20251209,91502360,0,212321,0,S,51900,1700,
000036.SZ,000036,20251209,91502420,0,214672,0,S,49900,4000,
000036.SZ,000036,20251209,91502420,0,214674,0,S,48900,2000,
000036.SZ,000036,20251209,91502440,0,215151,0,S,49900,17000,
000036.SZ,000036,20251209,91502470,0,216612,0,B,47200,100,
000036.SZ,000036,20251209,91502490,0,217636,0,S,51800,800,
000036.SZ,000036,20251209,91502520,0,218761,0,S,50900,1000,
000036.SZ,000036,20251209,91502520,0,218826,0,B,47200,500,
000036.SZ,000036,20251209,91502530,0,219056,0,B,46200,4000,
000036.SZ,000036,20251209,91502540,0,220001,0,S,49800,5000,
000036.SZ,000036,20251209,91502560,0,221081,0,S,44000,2400,
000036.SZ,000036,20251209,91502580,0,221937,0,S,44000,800,
000036.SZ,000036,20251209,91502610,0,222872,0,S,50700,2000,
000036.SZ,000036,20251209,91502630,0,223903,0,S,51900,100,
000036.SZ,000036,20251209,91502650,0,224621,0,B,46500,10100,
000036.SZ,000036,20251209,91502650,0,225013,0,S,51000,9000,
000036.SZ,000036,20251209,91502670,0,225513,0,S,51900,6500,
000036.SZ,000036,20251209,91502750,0,228076,0,S,51800,1000,
000036.SZ,000036,20251209,91502820,0,229668,0,B,45600,100,
000036.SZ,000036,20251209,91502900,0,231012,0,S,49700,500,
000036.SZ,000036,20251209,91502930,0,231781,0,S,50400,3700,
000036.SZ,000036,20251209,91502960,0,233250,0,S,48100,2100,
000036.SZ,000036,20251209,91502990,0,234118,0,S,48700,10000,
000036.SZ,000036,20251209,91503000,0,234486,0,B,45900,20000,
000036.SZ,000036,20251209,91503000,0,234487,0,B,45300,25000,
000036.SZ,000036,20251209,91503030,0,235399,0,S,48400,1000,
000036.SZ,000036,20251209,91503030,0,235400,0,S,49400,1000,
000036.SZ,000036,20251209,91503030,0,235401,0,S,50400,1000,
000036.SZ,000036,20251209,91503100,0,237097,0,S,51600,3000,
000036.SZ,000036,20251209,91503230,0,241108,0,B,46100,5000,
000036.SZ,000036,20251209,91503230,0,241109,0,B,45200,5000,
000036.SZ,000036,20251209,91503300,0,242165,0,S,49700,700,
000036.SZ,000036,20251209,91503300,0,242222,0,B,46100,700,
000036.SZ,000036,20251209,91503310,0,242381,0,S,51900,18000,
000036.SZ,000036,20251209,91503320,0,242641,0,S,51900,5000,
000036.SZ,000036,20251209,91503480,0,246283,0,S,51000,1600,
000036.SZ,000036,20251209,91503490,0,246473,0,S,49500,600,
000036.SZ,000036,20251209,91503550,0,249145,0,S,51400,9700,
000036.SZ,000036,20251209,91503560,0,249338,0,S,50300,5700,
000036.SZ,000036,20251209,91503570,0,249587,0,S,50000,16000,
000036.SZ,000036,20251209,91503580,0,249996,0,S,49500,200,
000036.SZ,000036,20251209,91503620,0,251185,0,B,46300,3300,
000036.SZ,000036,20251209,91503680,0,252845,0,S,49800,800,
000036.SZ,000036,20251209,91503690,0,253098,0,S,49900,15000,
000036.SZ,000036,20251209,91503730,0,253899,0,B,47200,2700,
000036.SZ,000036,20251209,91503820,0,255116,0,S,51800,100,
000036.SZ,000036,20251209,91503940,0,256915,0,S,48300,500,
000036.SZ,000036,20251209,91503940,0,256932,0,S,48600,100000,
000036.SZ,000036,20251209,91503970,0,257446,0,S,48600,20000,
000036.SZ,000036,20251209,91504090,0,258973,0,B,45800,2100,
000036.SZ,000036,20251209,91504130,0,259477,0,S,51900,12000,
000036.SZ,000036,20251209,91504160,0,259735,0,B,45700,500,
000036.SZ,000036,20251209,91504190,0,260462,0,B,46000,300,
000036.SZ,000036,20251209,91504300,0,261723,0,B,47200,1700,
000036.SZ,000036,20251209,91504350,0,262368,0,S,51900,7200,
000036.SZ,000036,20251209,91504410,0,263064,0,B,46100,500,
000036.SZ,000036,20251209,91504430,0,263397,0,S,51900,1100,
000036.SZ,000036,20251209,91504540,0,265067,0,S,50500,4000,
000036.SZ,000036,20251209,91504540,0,265238,0,B,46200,600,
000036.SZ,000036,20251209,91504550,0,265388,0,S,48100,3000,
000036.SZ,000036,20251209,91504560,0,265748,0,S,48900,1000,
000036.SZ,000036,20251209,91504710,0,268264,0,S,51900,1000,
000036.SZ,000036,20251209,91504850,0,268739,0,B,46500,2000,
000036.SZ,000036,20251209,91505140,0,270533,0,B,42500,4000,
000036.SZ,000036,20251209,91505150,0,270622,0,S,42500,2000,
000036.SZ,000036,20251209,91505160,0,270659,0,S,49400,100,
000036.SZ,000036,20251209,91505350,0,272112,0,B,46200,4500,
000036.SZ,000036,20251209,91505360,0,272119,0,S,48200,4500,
000036.SZ,000036,20251209,91505400,0,272333,0,B,47200,200,
000036.SZ,000036,20251209,91505410,0,272452,0,B,49300,100,
000036.SZ,000036,20251209,91505490,0,272940,0,S,50500,500,
000036.SZ,000036,20251209,91505510,0,273227,0,B,46300,4000,
000036.SZ,000036,20251209,91505530,0,273603,0,B,46600,3000,
000036.SZ,000036,20251209,91505530,0,273614,0,B,46800,3000,
000036.SZ,000036,20251209,91505560,0,274259,0,S,51900,5000,
000036.SZ,000036,20251209,91505560,0,274263,0,S,51900,7600,
000036.SZ,000036,20251209,91505560,0,274264,0,S,51800,5000,
000036.SZ,000036,20251209,91505620,0,275209,0,S,47100,100,
000036.SZ,000036,20251209,91505720,0,276246,0,B,45000,500,
000036.SZ,000036,20251209,91505730,0,276276,0,B,46200,500,
000036.SZ,000036,20251209,91506430,0,279350,0,S,51900,800,
000036.SZ,000036,20251209,91506640,0,281057,0,S,50000,3000,
000036.SZ,000036,20251209,91506780,0,281798,0,S,51900,1900,
000036.SZ,000036,20251209,91507000,0,282432,0,S,48300,500,
000036.SZ,000036,20251209,91507160,0,283025,0,S,50600,4000,
000036.SZ,000036,20251209,91507220,0,283459,0,B,45600,3000,
000036.SZ,000036,20251209,91507280,0,283599,0,S,49000,7000,
000036.SZ,000036,20251209,91507410,0,284007,0,B,45700,4000,
000036.SZ,000036,20251209,91507490,0,284162,0,S,49800,500,
000036.SZ,000036,20251209,91507550,0,284415,0,S,48000,5700,
000036.SZ,000036,20251209,91507620,0,284987,0,S,49300,100,
000036.SZ,000036,20251209,91507630,0,285154,0,S,51200,700,
000036.SZ,000036,20251209,91507640,0,285160,0,S,48400,2000,
000036.SZ,000036,20251209,91507700,0,285625,0,S,50800,8000,
000036.SZ,000036,20251209,91508670,0,288108,0,S,49900,2000,
000036.SZ,000036,20251209,91509720,0,290190,0,B,46300,4000,
000036.SZ,000036,20251209,91510930,0,291881,0,S,47100,400,
000036.SZ,000036,20251209,91511060,0,292092,0,S,51900,4300,
000036.SZ,000036,20251209,91511060,0,292100,0,S,51900,300,
000036.SZ,000036,20251209,91524420,0,296747,0,S,51000,400,
000036.SZ,000036,20251209,91524710,0,296795,0,S,51900,10000,
000036.SZ,000036,20251209,91531960,0,298333,0,S,42500,86900,
000036.SZ,000036,20251209,91537620,0,299635,0,B,46200,6000,
000036.SZ,000036,20251209,91544640,0,301276,0,B,46500,1000,
000036.SZ,000036,20251209,91550920,0,302865,0,S,46600,400,
000036.SZ,000036,20251209,91556750,0,304449,0,S,46900,2800,
000036.SZ,000036,20251209,91600480,0,305539,0,S,48300,1000,
000036.SZ,000036,20251209,91601580,0,305845,0,B,46600,1400,
000036.SZ,000036,20251209,91604100,0,306517,0,B,43800,1000,
000036.SZ,000036,20251209,91615000,0,309412,0,S,47500,6000,
000036.SZ,000036,20251209,91618720,0,310407,0,S,51900,1600,
000036.SZ,000036,20251209,91623830,0,311683,0,S,51900,5000,
000036.SZ,000036,20251209,91632100,0,313955,0,S,47300,400,
000036.SZ,000036,20251209,91633960,0,314445,0,B,46200,1000,
000036.SZ,000036,20251209,91635360,0,314795,0,S,47900,2800,
000036.SZ,000036,20251209,91637010,0,315242,0,B,44000,500,
000036.SZ,000036,20251209,91638790,0,315720,0,S,47400,6300,
000036.SZ,000036,20251209,91641540,0,316511,0,B,46000,1000,
000036.SZ,000036,20251209,91646750,0,317914,0,B,46300,2400,
000036.SZ,000036,20251209,91650580,0,318993,0,B,46000,100,
000036.SZ,000036,20251209,91652420,0,319545,0,B,46600,5000,
000036.SZ,000036,20251209,91700800,0,321967,0,S,48800,700,
000036.SZ,000036,20251209,91702400,0,322455,0,B,46100,1000,
000036.SZ,000036,20251209,91710020,0,324584,0,B,46000,5000,
000036.SZ,000036,20251209,91710520,0,324720,0,S,48500,500,
000036.SZ,000036,20251209,91711770,0,325097,0,B,46200,1000,
000036.SZ,000036,20251209,91718480,0,327077,0,B,46000,500,
000036.SZ,000036,20251209,91723690,0,328645,0,B,46600,100,
000036.SZ,000036,20251209,91724770,0,328967,0,S,51900,600,
000036.SZ,000036,20251209,91726210,0,329442,0,S,51900,30000,
000036.SZ,000036,20251209,91734810,0,332135,0,S,49000,4700,
000036.SZ,000036,20251209,91736150,0,332577,0,S,48000,5600,
000036.SZ,000036,20251209,91739690,0,333638,0,S,51900,200,
000036.SZ,000036,20251209,91745580,0,335493,0,B,46100,5000,
000036.SZ,000036,20251209,91747210,0,336051,0,S,51900,400,
000036.SZ,000036,20251209,91748980,0,336613,0,S,46600,5700,
000036.SZ,000036,20251209,91758090,0,339618,0,S,42500,100,
000036.SZ,000036,20251209,91759610,0,340115,0,S,47700,400,
000036.SZ,000036,20251209,91804060,0,341641,0,S,50100,100,
000036.SZ,000036,20251209,91811830,0,344438,0,S,49400,400,
000036.SZ,000036,20251209,91815110,0,345548,0,S,51900,6700,
000036.SZ,000036,20251209,91818890,0,346877,0,S,42500,500,
000036.SZ,000036,20251209,91820620,0,347508,0,B,46100,2000,
000036.SZ,000036,20251209,91826220,0,349526,0,B,46100,500,
000036.SZ,000036,20251209,91830580,0,351134,0,B,45200,1200,
000036.SZ,000036,20251209,91834100,0,352377,0,B,45000,2600,
000036.SZ,000036,20251209,91839190,0,354213,0,S,48000,400,
000036.SZ,000036,20251209,91843650,0,355801,0,S,49800,15000,
000036.SZ,000036,20251209,91850510,0,358217,0,S,48000,10700,
000036.SZ,000036,20251209,91852720,0,358997,0,B,46600,500,
000036.SZ,000036,20251209,91853020,0,359114,0,B,46600,500,
000036.SZ,000036,20251209,91900420,0,361946,0,S,51900,400,
000036.SZ,000036,20251209,91904600,0,363493,0,S,45800,1000,
000036.SZ,000036,20251209,91908410,0,365055,0,B,46500,600,
000036.SZ,000036,20251209,91911830,0,366404,0,S,48000,1200,
000036.SZ,000036,20251209,91913600,0,367122,0,B,46300,1000,
000036.SZ,000036,20251209,91913770,0,367177,0,S,50600,1000,
000036.SZ,000036,20251209,91919890,0,369527,0,S,48800,5000,
000036.SZ,000036,20251209,91922450,0,370540,0,S,46000,39900,
000036.SZ,000036,20251209,91924390,0,371316,0,S,48200,1200,
000036.SZ,000036,20251209,91926410,0,372146,0,B,46200,1300,
000036.SZ,000036,20251209,91930860,0,373925,0,S,47300,8600,
000036.SZ,000036,20251209,91934470,0,375345,0,S,51800,4400,
000036.SZ,000036,20251209,91935270,0,375657,0,B,46700,700,
000036.SZ,000036,20251209,91938730,0,377022,0,B,46000,1000,
000036.SZ,000036,20251209,91939640,0,377368,0,S,48300,3000,
000036.SZ,000036,20251209,91940960,0,377889,0,B,46100,2000,
000036.SZ,000036,20251209,91942110,0,378409,0,B,46000,10000,
000036.SZ,000036,20251209,91949530,0,381516,0,S,48600,2000,
000036.SZ,000036,20251209,91953580,0,383277,0,S,51900,14000,
000036.SZ,000036,20251209,91954010,0,383453,0,S,51900,300,
000036.SZ,000036,20251209,91957600,0,385137,0,S,51800,1200,
000036.SZ,000036,20251209,91959680,0,386063,0,S,47500,22000,
000036.SZ,000036,20251209,92002250,0,387411,0,B,48100,100,
000036.SZ,000036,20251209,92003030,0,387727,0,B,46700,500,
000036.SZ,000036,20251209,92004030,0,388132,0,S,46300,100,
000036.SZ,000036,20251209,92007150,0,389406,0,B,46800,5500,
000036.SZ,000036,20251209,92014330,0,392050,0,S,45900,100,
000036.SZ,000036,20251209,92018380,0,393500,0,B,45500,400,
000036.SZ,000036,20251209,92021170,0,394578,0,S,51900,5000,
000036.SZ,000036,20251209,92022310,0,394984,0,S,48800,10000,
000036.SZ,000036,20251209,92023550,0,395450,0,S,42500,21300,
000036.SZ,000036,20251209,92023830,0,395560,0,S,48000,5000,
000036.SZ,000036,20251209,92026630,0,396591,0,S,43400,500,
000036.SZ,000036,20251209,92032870,0,398849,0,S,50900,1100,
000036.SZ,000036,20251209,92038810,0,401036,0,B,46300,150000,
000036.SZ,000036,20251209,92039650,0,401376,0,S,47200,5000,
000036.SZ,000036,20251209,92042770,0,402501,0,S,47900,28300,
000036.SZ,000036,20251209,92045460,0,403491,0,S,48000,2000,
000036.SZ,000036,20251209,92046010,0,403731,0,S,47700,2000,
000036.SZ,000036,20251209,92050320,0,405315,0,S,51600,1600,
000036.SZ,000036,20251209,92053200,0,406462,0,S,51800,500,
000036.SZ,000036,20251209,92054660,0,407014,0,S,47500,800,
000036.SZ,000036,20251209,92056960,0,407868,0,B,45700,150000,
000036.SZ,000036,20251209,92057480,0,408080,0,S,50000,2000,
000036.SZ,000036,20251209,92105410,0,411289,0,S,47100,800,
000036.SZ,000036,20251209,92114040,0,414716,0,B,45000,100,
000036.SZ,000036,20251209,92115780,0,415444,0,S,47100,800,
000036.SZ,000036,20251209,92116930,0,415901,0,B,46600,300,
000036.SZ,000036,20251209,92116950,0,415917,0,B,51900,2000,
000036.SZ,000036,20251209,92122020,0,417975,0,S,47100,2400,
000036.SZ,000036,20251209,92122760,0,418283,0,S,49900,300,
000036.SZ,000036,20251209,92123000,0,418375,0,B,46000,1000,
000036.SZ,000036,20251209,92129720,0,421142,0,B,46400,2000,
000036.SZ,000036,20251209,92131800,0,422071,0,B,46600,2100,
000036.SZ,000036,20251209,92131980,0,422149,0,B,46500,11800,
000036.SZ,000036,20251209,92132110,0,422230,0,S,51800,19900,
000036.SZ,000036,20251209,92137160,0,424420,0,S,51800,13800,
000036.SZ,000036,20251209,92141180,0,426143,0,S,48100,1700,
000036.SZ,000036,20251209,92141490,0,426274,0,S,42500,2500,
000036.SZ,000036,20251209,92146330,0,428313,0,B,46600,500,
000036.SZ,000036,20251209,92151180,0,430510,0,B,45800,5000,
000036.SZ,000036,20251209,92157100,0,433119,0,B,46600,2000,
000036.SZ,000036,20251209,92157870,0,433470,0,B,45500,400,
000036.SZ,000036,20251209,92158470,0,433740,0,S,51900,400,
000036.SZ,000036,20251209,92159300,0,434098,0,S,48200,8500,
000036.SZ,000036,20251209,92159900,0,434386,0,S,50300,3500,
000036.SZ,000036,20251209,92201010,0,435026,0,B,46500,1000,
000036.SZ,000036,20251209,92203190,0,436299,0,S,47400,10000,
000036.SZ,000036,20251209,92205690,0,437427,0,S,47400,5000,
000036.SZ,000036,20251209,92206210,0,437654,0,S,48400,20700,
000036.SZ,000036,20251209,92209900,0,439452,0,B,45000,400,
000036.SZ,000036,20251209,92211010,0,439953,0,S,48400,8500,
000036.SZ,000036,20251209,92211680,0,440252,0,B,51900,400,
000036.SZ,000036,20251209,92211950,0,440379,0,S,50300,1000,
000036.SZ,000036,20251209,92218070,0,443351,0,B,45100,10000,
000036.SZ,000036,20251209,92220410,0,444377,0,S,51900,2200,
000036.SZ,000036,20251209,92221020,0,444646,0,S,48500,100,
000036.SZ,000036,20251209,92222530,0,445367,0,S,48500,600,
000036.SZ,000036,20251209,92223380,0,445793,0,B,46100,1000,
000036.SZ,000036,20251209,92226080,0,447068,0,S,42500,800,
000036.SZ,000036,20251209,92227380,0,447601,0,S,51900,2700,
000036.SZ,000036,20251209,92231980,0,449825,0,S,49800,2000,
000036.SZ,000036,20251209,92237780,0,452637,0,B,46600,300,
000036.SZ,000036,20251209,92240350,0,453905,0,S,48000,400,
000036.SZ,000036,20251209,92242600,0,455060,0,S,42500,400,
000036.SZ,000036,20251209,92242790,0,455169,0,B,44000,500,
000036.SZ,000036,20251209,92244340,0,455905,0,B,46100,1000,
000036.SZ,000036,20251209,92245280,0,456355,0,B,46600,200,
000036.SZ,000036,20251209,92245590,0,456527,0,B,46600,50000,
000036.SZ,000036,20251209,92247410,0,457427,0,B,46000,3000,
000036.SZ,000036,20251209,92250510,0,459065,0,S,47700,700,
000036.SZ,000036,20251209,92252890,0,460269,0,S,49900,1000,
000036.SZ,000036,20251209,92255880,0,461827,0,S,48500,400,
000036.SZ,000036,20251209,92257190,0,462442,0,B,46100,2000,
000036.SZ,000036,20251209,92304470,0,466186,0,B,45800,500,
000036.SZ,000036,20251209,92306870,0,467389,0,B,45900,200000,
000036.SZ,000036,20251209,92307660,0,467835,0,S,46000,1000,
000036.SZ,000036,20251209,92307860,0,467934,0,B,45700,5000,
000036.SZ,000036,20251209,92309790,0,469025,0,S,46100,1000,
000036.SZ,000036,20251209,92311710,0,470048,0,B,46400,500,
000036.SZ,000036,20251209,92318610,0,473843,0,B,46100,10000,
000036.SZ,000036,20251209,92323620,0,476646,0,B,46500,1700,
000036.SZ,000036,20251209,92324110,0,476887,0,S,47800,4200,
000036.SZ,000036,20251209,92328740,0,479494,0,S,47600,400,
000036.SZ,000036,20251209,92332110,0,481455,0,B,47900,200,
000036.SZ,000036,20251209,92332690,0,481775,0,B,45700,6100,
000036.SZ,000036,20251209,92336710,0,484107,0,B,46600,2000,
000036.SZ,000036,20251209,92338130,0,484910,0,S,45600,21700,
000036.SZ,000036,20251209,92339780,0,485880,0,S,48300,5000,
000036.SZ,000036,20251209,92343180,0,487816,0,S,51900,1000,
000036.SZ,000036,20251209,92344290,0,488550,0,S,46000,800,
000036.SZ,000036,20251209,92346690,0,490011,0,B,46800,10000,
000036.SZ,000036,20251209,92346780,0,490060,0,B,46800,3000,
000036.SZ,000036,20251209,92350890,0,492682,0,S,49000,200,
000036.SZ,000036,20251209,92351250,0,492890,0,B,46700,10000,
000036.SZ,000036,20251209,92352340,0,493495,0,B,46600,2000,
000036.SZ,000036,20251209,92359610,0,497829,0,B,46600,1000,
000036.SZ,000036,20251209,92401160,0,498935,0,B,47000,400,
000036.SZ,000036,20251209,92403340,0,500325,0,S,47300,99900,
000036.SZ,000036,20251209,92403520,0,500436,0,B,46600,7100,
000036.SZ,000036,20251209,92404760,0,501269,0,S,43800,11000,
000036.SZ,000036,20251209,92406940,0,502785,0,S,47300,5000,
000036.SZ,000036,20251209,92407690,0,503317,0,S,48800,15400,
000036.SZ,000036,20251209,92409360,0,504527,0,S,49500,8300,
000036.SZ,000036,20251209,92409800,0,504840,0,S,42500,2000,
000036.SZ,000036,20251209,92411080,0,505821,0,S,46000,26600,
000036.SZ,000036,20251209,92411770,0,506353,0,S,47200,10000,
000036.SZ,000036,20251209,92412020,0,506539,0,S,45800,5000,
000036.SZ,000036,20251209,92412330,0,506815,0,S,47200,33300,
000036.SZ,000036,20251209,92412380,0,506866,0,B,46600,5000,
000036.SZ,000036,20251209,92416130,0,509816,0,B,46200,5000,
000036.SZ,000036,20251209,92417170,0,510684,0,S,42500,7500,
000036.SZ,000036,20251209,92417700,0,511104,0,S,51900,10000,
000036.SZ,000036,20251209,92418780,0,511972,0,B,45500,3000,
000036.SZ,000036,20251209,92419480,0,512561,0,B,51900,1000,
000036.SZ,000036,20251209,92420320,0,513241,0,S,46500,1600,
000036.SZ,000036,20251209,92421300,0,514080,0,S,47100,33300,
000036.SZ,000036,20251209,92430340,0,521799,0,S,50900,2800,
000036.SZ,000036,20251209,92431790,0,523211,0,B,46200,3200,
000036.SZ,000036,20251209,92433940,0,525099,0,B,45000,800,
000036.SZ,000036,20251209,92436080,0,526965,0,B,46700,1200,
000036.SZ,000036,20251209,92438080,0,528937,0,B,45000,500,
000036.SZ,000036,20251209,92438450,0,529356,0,S,42500,1400,
000036.SZ,000036,20251209,92438650,0,529565,0,B,46500,1700,
000036.SZ,000036,20251209,92442440,0,533542,0,B,46200,200,
000036.SZ,000036,20251209,92444880,0,536009,0,B,46700,6400,
000036.SZ,000036,20251209,92444900,0,536051,0,S,51900,500,
000036.SZ,000036,20251209,92444940,0,536101,0,B,46000,1000,
000036.SZ,000036,20251209,92445360,0,536572,0,S,47700,55500,
000036.SZ,000036,20251209,92448550,0,539909,0,B,51900,2000,
000036.SZ,000036,20251209,92448760,0,540239,0,S,45900,7000,
000036.SZ,000036,20251209,92450100,0,542274,0,B,47800,13200,
000036.SZ,000036,20251209,92450110,0,542310,0,S,50800,41400,
000036.SZ,000036,20251209,92450480,0,543173,0,S,47000,2500,
000036.SZ,000036,20251209,92450520,0,543237,0,B,46600,1000,
000036.SZ,000036,20251209,92450840,0,543735,0,S,42500,1400,
000036.SZ,000036,20251209,92450910,0,543904,0,B,51900,34500,
000036.SZ,000036,20251209,92451640,0,545134,0,S,42500,1300,
000036.SZ,000036,20251209,92451820,0,545338,0,B,46400,5000,
000036.SZ,000036,20251209,92452670,0,546447,0,B,46600,11000,
000036.SZ,000036,20251209,92453180,0,547169,0,B,46000,400,
000036.SZ,000036,20251209,92453460,0,547683,0,B,49000,6600,
000036.SZ,000036,20251209,92453480,0,547724,0,B,49000,1300,
000036.SZ,000036,20251209,92453620,0,547948,0,B,49000,1700,
000036.SZ,000036,20251209,92453760,0,548190,0,B,49000,700,
000036.SZ,000036,20251209,92453860,0,548309,0,B,47000,500,
000036.SZ,000036,20251209,92453910,0,548408,0,B,49000,1100,
000036.SZ,000036,20251209,92455550,0,551274,0,B,48000,100,
000036.SZ,000036,20251209,92455770,0,551721,0,S,47200,2200,
000036.SZ,000036,20251209,92455990,0,552149,0,B,47800,2100,
000036.SZ,000036,20251209,92456030,0,552236,0,B,47800,1700,
000036.SZ,000036,20251209,92456050,0,552298,0,B,47800,1200,
000036.SZ,000036,20251209,92456060,0,552320,0,S,51900,2000,
000036.SZ,000036,20251209,92456070,0,552376,0,B,46500,10600,
000036.SZ,000036,20251209,92456220,0,552858,0,B,47500,16100,
000036.SZ,000036,20251209,92458270,0,559080,0,B,46600,1000,
000036.SZ,000036,20251209,92458600,0,560474,0,B,48500,3100,
000036.SZ,000036,20251209,92458850,0,561242,0,S,45300,11900,
000036.SZ,000036,20251209,92459580,0,564531,0,B,47000,64200,
000036.SZ,000036,20251209,92459800,0,565590,0,B,49100,800,
000036.SZ,000036,20251209,92459940,0,566688,0,B,47600,4000,
000036.SZ,000036,20251209,93000000,0,669175,0,B,46000,2000,
000036.SZ,000036,20251209,93000040,0,674998,0,S,46700,500,
000036.SZ,000036,20251209,93000040,0,676902,0,B,47800,200,
000036.SZ,000036,20251209,93000050,0,677854,0,B,46900,100,
000036.SZ,000036,20251209,93000050,0,680575,0,S,47000,300,
000036.SZ,000036,20251209,93000050,0,681202,0,B,46100,1000,
000036.SZ,000036,20251209,93000060,0,686499,0,S,48500,1000,
000036.SZ,000036,20251209,93000060,0,688527,0,B,47000,100,
000036.SZ,000036,20251209,93000060,0,690418,0,S,47800,2000,
000036.SZ,000036,20251209,93000060,0,692613,0,S,48200,400,
000036.SZ,000036,20251209,93000080,0,698926,0,S,47200,3500,
000036.SZ,000036,20251209,93000080,0,699917,0,S,47300,3500,
000036.SZ,000036,20251209,93000080,0,700899,0,S,47200,100,
000036.SZ,000036,20251209,93000080,0,701093,0,S,47400,2300,
000036.SZ,000036,20251209,93000080,0,702389,0,S,47500,2300,
000036.SZ,000036,20251209,93000080,0,704090,0,S,47600,1200,
000036.SZ,000036,20251209,93000090,0,706086,0,S,47300,100,
000036.SZ,000036,20251209,93000090,0,706204,0,S,45900,3100,
000036.SZ,000036,20251209,93000090,0,707371,0,S,47600,5000,
000036.SZ,000036,20251209,93000090,0,709719,0,S,47500,1800,
000036.SZ,000036,20251209,93000110,0,715281,0,S,51900,5000,
000036.SZ,000036,20251209,93000110,0,717898,0,S,48800,2500,
000036.SZ,000036,20251209,93000110,0,718709,0,B,46800,800,
000036.SZ,000036,20251209,93000120,0,721735,0,S,51900,6000,
000036.SZ,000036,20251209,93000120,0,722837,0,S,46800,3800,
000036.SZ,000036,20251209,93000130,0,729888,0,S,50300,1000,
000036.SZ,000036,20251209,93000140,0,734386,0,B,47000,34100,
000036.SZ,000036,20251209,93000140,0,735438,0,S,47400,3000,
000036.SZ,000036,20251209,93000150,0,740898,0,S,46900,1800,
000036.SZ,000036,20251209,93000150,0,742030,0,S,46700,500,
000036.SZ,000036,20251209,93000160,0,745483,0,S,48600,2000,
000036.SZ,000036,20251209,93000160,0,746768,0,B,46700,20000,
000036.SZ,000036,20251209,93000160,0,747810,0,B,47200,200,
000036.SZ,000036,20251209,93000160,0,748434,0,B,45800,600,
000036.SZ,000036,20251209,93000170,0,754397,0,B,46500,2000,
000036.SZ,000036,20251209,93000180,0,757872,0,S,47100,400,
000036.SZ,000036,20251209,93000190,0,759607,0,S,48000,5500,
000036.SZ,000036,20251209,93000190,0,760691,0,S,51700,3000,
000036.SZ,000036,20251209,93000190,0,760704,0,S,47200,200,
000036.SZ,000036,20251209,93000190,0,762956,0,B,47000,300,
000036.SZ,000036,20251209,93000200,0,763817,0,S,48100,3100,
000036.SZ,000036,20251209,93000200,0,765872,0,B,46500,3000,
000036.SZ,000036,20251209,93000210,0,767786,0,S,46600,400,
000036.SZ,000036,20251209,93000210,0,767842,0,S,48700,7200,
000036.SZ,000036,20251209,93000210,0,769888,0,S,48000,4000,
000036.SZ,000036,20251209,93000220,0,772220,0,S,51800,5000,
000036.SZ,000036,20251209,93000220,0,772498,0,S,48100,200,
000036.SZ,000036,20251209,93000230,0,775481,0,S,50000,16100,
000036.SZ,000036,20251209,93000240,0,779871,0,S,47900,300,
000036.SZ,000036,20251209,93000250,0,783998,0,S,48000,1000,
000036.SZ,000036,20251209,93000260,0,786488,0,B,46800,500,
000036.SZ,000036,20251209,93000270,0,790402,0,B,46900,5000,
000036.SZ,000036,20251209,93000270,0,791652,0,B,45900,5000,
000036.SZ,000036,20251209,93000280,0,793209,0,S,47900,82400,
000036.SZ,000036,20251209,93000280,0,794138,0,S,47500,1200,
000036.SZ,000036,20251209,93000290,0,795691,0,S,46800,1100,
000036.SZ,000036,20251209,93000290,0,795992,0,S,47700,82500,
000036.SZ,000036,20251209,93000290,0,797210,0,B,46900,1000,
000036.SZ,000036,20251209,93000290,0,797631,0,S,51000,500,
000036.SZ,000036,20251209,93000320,0,805675,0,S,46900,1000,
000036.SZ,000036,20251209,93000320,0,805734,0,S,48000,300,
000036.SZ,000036,20251209,93000320,0,806805,0,S,47500,1000,
000036.SZ,000036,20251209,93000340,0,810804,0,S,47700,2400,
000036.SZ,000036,20251209,93000340,0,811876,0,S,51900,1400,
000036.SZ,000036,20251209,93000350,0,813166,0,B,46200,5000,
000036.SZ,000036,20251209,93000360,0,816083,0,S,46900,12800,
000036.SZ,000036,20251209,93000360,0,816317,0,S,51000,1900,
000036.SZ,000036,20251209,93000370,0,818326,0,B,46700,600,
000036.SZ,000036,20251209,93000380,0,819491,0,B,45700,15000,
000036.SZ,000036,20251209,93000380,0,819659,0,S,48500,20000,
000036.SZ,000036,20251209,93000380,0,820460,0,B,46700,400,
000036.SZ,000036,20251209,93000390,0,821424,0,B,46500,200,
000036.SZ,000036,20251209,93000390,0,822187,0,B,45900,5000,
000036.SZ,000036,20251209,93000400,0,822944,0,B,45800,5000,
000036.SZ,000036,20251209,93000400,0,823602,0,B,46700,8000,
000036.SZ,000036,20251209,93000410,0,824731,0,B,46900,600,
000036.SZ,000036,20251209,93000410,0,825414,0,B,46500,6000,
000036.SZ,000036,20251209,93000430,0,829574,0,S,48000,300,
000036.SZ,000036,20251209,93000440,0,830955,0,S,47200,5000,
000036.SZ,000036,20251209,93000440,0,832198,0,B,46000,2500,
000036.SZ,000036,20251209,93000450,0,832232,0,S,47200,1200,
000036.SZ,000036,20251209,93000450,0,833823,0,B,46100,2000,
000036.SZ,000036,20251209,93000470,0,835969,0,B,46500,6000,
000036.SZ,000036,20251209,93000470,0,836568,0,S,47000,17300,
000036.SZ,000036,20251209,93000470,0,836785,0,S,47000,400,
000036.SZ,000036,20251209,93000470,0,836787,0,S,47000,200,
000036.SZ,000036,20251209,93000470,0,836789,0,S,47000,300,
000036.SZ,000036,20251209,93000470,0,836790,0,S,47000,600,
000036.SZ,000036,20251209,93000470,0,836796,0,S,47000,1200,
000036.SZ,000036,20251209,93000470,0,836797,0,S,47000,400,
000036.SZ,000036,20251209,93000470,0,836801,0,S,47000,600,
000036.SZ,000036,20251209,93000470,0,836805,0,S,47000,600,
000036.SZ,000036,20251209,93000470,0,836806,0,S,47000,600,
000036.SZ,000036,20251209,93000470,0,836807,0,S,47000,400,
000036.SZ,000036,20251209,93000470,0,836808,0,S,47000,200,
000036.SZ,000036,20251209,93000470,0,836809,0,S,47000,100,
000036.SZ,000036,20251209,93000470,0,836810,0,S,47000,600,
000036.SZ,000036,20251209,93000470,0,836811,0,S,47000,600,
000036.SZ,000036,20251209,93000470,0,836812,0,S,47000,600,
000036.SZ,000036,20251209,93000470,0,836814,0,S,47000,500,
000036.SZ,000036,20251209,93000470,0,836815,0,S,47000,200,
000036.SZ,000036,20251209,93000470,0,836819,0,S,47000,600,
000036.SZ,000036,20251209,93000470,0,836820,0,S,47000,600,
000036.SZ,000036,20251209,93000470,0,836821,0,S,47000,500,
000036.SZ,000036,20251209,93000470,0,836822,0,S,47000,400,
000036.SZ,000036,20251209,93000470,0,836823,0,S,47000,900,
000036.SZ,000036,20251209,93000470,0,836824,0,S,47000,400,
000036.SZ,000036,20251209,93000470,0,836825,0,S,47000,1500,
000036.SZ,000036,20251209,93000470,0,836826,0,S,47000,700,
000036.SZ,000036,20251209,93000470,0,836828,0,S,47000,200,
000036.SZ,000036,20251209,93000470,0,836831,0,S,47000,300,
000036.SZ,000036,20251209,93000470,0,836832,0,S,47000,200,
000036.SZ,000036,20251209,93000470,0,836847,0,S,47000,200,
000036.SZ,000036,20251209,93000470,0,836848,0,S,47000,600,
000036.SZ,000036,20251209,93000470,0,836849,0,S,47000,200,
000036.SZ,000036,20251209,93000470,0,836850,0,S,47000,300,
000036.SZ,000036,20251209,93000470,0,836873,0,S,47000,500,
000036.SZ,000036,20251209,93000470,0,836874,0,S,47000,200,
000036.SZ,000036,20251209,93000470,0,836875,0,S,47000,200,
000036.SZ,000036,20251209,93000470,0,836876,0,S,47000,300,
000036.SZ,000036,20251209,93000470,0,836877,0,S,47000,200,
000036.SZ,000036,20251209,93000470,0,836881,0,S,47000,500,
000036.SZ,000036,20251209,93000470,0,836888,0,S,47000,600,
000036.SZ,000036,20251209,93000470,0,836890,0,S,47000,900,
000036.SZ,000036,20251209,93000470,0,836904,0,S,47000,300,
000036.SZ,000036,20251209,93000470,0,836907,0,S,47000,300,
000036.SZ,000036,20251209,93000470,0,836919,0,S,47000,300,
000036.SZ,000036,20251209,93000470,0,836961,0,S,47000,500,
000036.SZ,000036,20251209,93000470,0,836963,0,S,47000,3200,
000036.SZ,000036,20251209,93000470,0,836971,0,S,47000,700,
000036.SZ,000036,20251209,93000470,0,836995,0,S,47000,1600,
000036.SZ,000036,20251209,93000470,0,837032,0,S,47000,200,
000036.SZ,000036,20251209,93000480,0,837727,0,S,47200,1200,
000036.SZ,000036,20251209,93000480,0,837866,0,S,47000,1000,
000036.SZ,000036,20251209,93000480,0,838374,0,S,47000,200,
000036.SZ,000036,20251209,93000480,0,838375,0,S,47000,500,
000036.SZ,000036,20251209,93000480,0,838376,0,S,47000,700,
000036.SZ,000036,20251209,93000480,0,838386,0,S,47000,400,
000036.SZ,000036,20251209,93000480,0,838430,0,S,47000,5200,
000036.SZ,000036,20251209,93000480,0,839282,0,S,47000,2600,
000036.SZ,000036,20251209,93000500,0,842090,0,S,47000,6100,
000036.SZ,000036,20251209,93000500,0,842160,0,S,48600,11500,
000036.SZ,000036,20251209,93000500,0,842336,0,S,47000,100,
000036.SZ,000036,20251209,93000510,0,843426,0,B,47400,2100,
000036.SZ,000036,20251209,93000510,0,843458,0,S,47000,1600,
000036.SZ,000036,20251209,93000510,0,843486,0,S,47000,3200,
000036.SZ,000036,20251209,93000510,0,843498,0,S,47000,200,
000036.SZ,000036,20251209,93000520,0,845603,0,S,46800,12000,
000036.SZ,000036,20251209,93000540,0,848489,0,S,47000,3200,
000036.SZ,000036,20251209,93000540,0,848765,0,B,47200,1200,
000036.SZ,000036,20251209,93000540,0,849632,0,B,47000,300,
000036.SZ,000036,20251209,93000540,0,849994,0,B,47700,5100,
000036.SZ,000036,20251209,93000550,0,850880,0,S,47000,3200,
000036.SZ,000036,20251209,93000550,0,851122,0,S,47000,3200,
000036.SZ,000036,20251209,93000560,0,851988,0,B,45000,1100,
000036.SZ,000036,20251209,93000560,0,852970,0,B,47900,1100,
000036.SZ,000036,20251209,93000570,0,854372,0,S,47000,3200,
000036.SZ,000036,20251209,93000590,0,857026,0,S,50100,12400,
000036.SZ,000036,20251209,93000590,0,857039,0,S,47100,1400,
000036.SZ,000036,20251209,93000590,0,857432,0,S,47100,1400,
000036.SZ,000036,20251209,93000590,0,857497,0,S,47100,1400,
000036.SZ,000036,20251209,93000590,0,857692,0,S,47100,2000,
000036.SZ,000036,20251209,93000600,0,859651,0,S,47000,800,
000036.SZ,000036,20251209,93000600,0,859672,0,S,47000,2500,
000036.SZ,000036,20251209,93000600,0,859673,0,S,47000,1100,
000036.SZ,000036,20251209,93000600,0,860618,0,S,47000,3200,
000036.SZ,000036,20251209,93000610,0,861694,0,S,47100,2400,
000036.SZ,000036,20251209,93000620,0,862475,0,B,48000,1200,
000036.SZ,000036,20251209,93000620,0,863933,0,B,45200,1000,
000036.SZ,000036,20251209,93000650,0,868018,0,S,47200,1000,
000036.SZ,000036,20251209,93000650,0,869625,0,S,46700,52400,
000036.SZ,000036,20251209,93000670,0,871414,0,S,47000,100,
000036.SZ,000036,20251209,93000670,0,871961,0,B,46000,4000,
000036.SZ,000036,20251209,93000680,0,874556,0,S,49200,5000,
000036.SZ,000036,20251209,93000690,0,874881,0,S,50000,1000,
000036.SZ,000036,20251209,93000690,0,875653,0,B,46900,100,
000036.SZ,000036,20251209,93000700,0,877337,0,B,46900,80000,
000036.SZ,000036,20251209,93000710,0,877814,0,S,51900,3000,
000036.SZ,000036,20251209,93000710,0,878744,0,S,48200,14000,
000036.SZ,000036,20251209,93000720,0,879383,0,S,47200,5000,
000036.SZ,000036,20251209,93000720,0,879465,0,B,47000,2000,
000036.SZ,000036,20251209,93000730,0,880538,0,S,47500,3300,
000036.SZ,000036,20251209,93000730,0,881256,0,B,47000,100,
000036.SZ,000036,20251209,93000730,0,881295,0,B,47000,700,
000036.SZ,000036,20251209,93000740,0,883980,0,S,46900,2500,
000036.SZ,000036,20251209,93000760,0,885632,0,S,48700,1400,
000036.SZ,000036,20251209,93000770,0,887325,0,S,46700,32700,
000036.SZ,000036,20251209,93000770,0,887396,0,S,48400,1000,
000036.SZ,000036,20251209,93000790,0,892717,0,S,46800,1000,
000036.SZ,000036,20251209,93000800,0,892789,0,S,48500,5000,
000036.SZ,000036,20251209,93000800,0,893775,0,S,46800,10200,
000036.SZ,000036,20251209,93000800,0,894411,0,B,46800,700,
000036.SZ,000036,20251209,93000810,0,895247,0,S,51900,10000,
000036.SZ,000036,20251209,93000830,0,898300,0,S,47800,9100,
000036.SZ,000036,20251209,93000840,0,899733,0,S,47000,2100,
000036.SZ,000036,20251209,93000840,0,900162,0,S,47000,1400,
000036.SZ,000036,20251209,93000840,0,900491,0,B,46400,600,
000036.SZ,000036,20251209,93000850,0,901579,0,S,50000,700,
000036.SZ,000036,20251209,93000850,0,901761,0,S,47100,1700,
000036.SZ,000036,20251209,93000860,0,903957,0,B,47900,1700,
000036.SZ,000036,20251209,93000880,0,905927,0,S,46500,3900,
000036.SZ,000036,20251209,93000880,0,906818,0,B,45800,1300,
000036.SZ,000036,20251209,93000890,0,907254,0,S,49000,10000,
000036.SZ,000036,20251209,93000890,0,908316,0,S,46900,7000,
000036.SZ,000036,20251209,93000920,0,911717,0,S,48700,20000,
000036.SZ,000036,20251209,93000920,0,911721,0,S,47000,2300,
000036.SZ,000036,20251209,93000920,0,911722,0,S,47000,2200,
000036.SZ,000036,20251209,93000920,0,911723,0,S,47000,3200,
000036.SZ,000036,20251209,93000920,0,911724,0,S,47000,2700,
000036.SZ,000036,20251209,93000920,0,911725,0,B,46900,600,
000036.SZ,000036,20251209,93000920,0,911726,0,B,46900,1400,
000036.SZ,000036,20251209,93000930,0,913421,0,S,49800,1500,
000036.SZ,000036,20251209,93000950,0,916212,0,B,47000,500,
000036.SZ,000036,20251209,93000950,0,916657,0,S,51900,3000,
000036.SZ,000036,20251209,93000950,0,917356,0,S,47000,300,
000036.SZ,000036,20251209,93000950,0,917431,0,S,47000,5800,
000036.SZ,000036,20251209,93000950,0,917452,0,S,47000,400,
000036.SZ,000036,20251209,93000950,0,917472,0,S,47000,200,
000036.SZ,000036,20251209,93000960,0,917786,0,S,47000,800,
000036.SZ,000036,20251209,93000960,0,917804,0,S,47000,300,
000036.SZ,000036,20251209,93000960,0,917805,0,S,47000,4600,
000036.SZ,000036,20251209,93000960,0,918506,0,B,45800,2500,
000036.SZ,000036,20251209,93000970,0,919375,0,S,47100,2000,
000036.SZ,000036,20251209,93000970,0,920822,0,S,48600,8000,
000036.SZ,000036,20251209,93000980,0,921193,0,S,47000,4900,
000036.SZ,000036,20251209,93000980,0,921385,0,S,47000,1300,
000036.SZ,000036,20251209,93000990,0,922630,0,S,51900,8200,
000036.SZ,000036,20251209,93000990,0,922676,0,S,47000,1000,
000036.SZ,000036,20251209,93001010,0,926747,0,B,47000,400,
000036.SZ,000036,20251209,93001010,0,927276,0,S,48200,1700,
000036.SZ,000036,20251209,93001020,0,929165,0,S,49900,2500,
000036.SZ,000036,20251209,93001030,0,931167,0,S,46900,100,
000036.SZ,000036,20251209,93001030,0,931735,0,S,47900,10000,
000036.SZ,000036,20251209,93001040,0,932076,0,S,47000,1400,
000036.SZ,000036,20251209,93001040,0,932404,0,B,45000,3000,
000036.SZ,000036,20251209,93001050,0,934562,0,B,46900,4700,
000036.SZ,000036,20251209,93001070,0,936717,0,S,47800,5000,
000036.SZ,000036,20251209,93001080,0,937913,0,S,47200,9000,
000036.SZ,000036,20251209,93001090,0,938566,0,B,47000,200,
000036.SZ,000036,20251209,93001120,0,941659,0,B,45700,1800,
000036.SZ,000036,20251209,93001120,0,942935,0,B,45300,500,
000036.SZ,000036,20251209,93001140,0,945002,0,B,47000,5000,
000036.SZ,000036,20251209,93001150,0,946773,0,B,46700,6000,
000036.SZ,000036,20251209,93001160,0,947912,0,S,47900,1300,
000036.SZ,000036,20251209,93001170,0,948763,0,S,48900,12000,
000036.SZ,000036,20251209,93001170,0,949417,0,B,46900,1500,
000036.SZ,000036,20251209,93001190,0,950627,0,B,46600,6700,
000036.SZ,000036,20251209,93001190,0,950690,0,S,47200,2000,
000036.SZ,000036,20251209,93001210,0,952635,0,S,46900,10000,
000036.SZ,000036,20251209,93001210,0,952870,0,S,51700,6000,
000036.SZ,000036,20251209,93001220,0,954451,0,S,47100,1700,
000036.SZ,000036,20251209,93001240,0,956322,0,B,48000,1800,
000036.SZ,000036,20251209,93001250,0,956953,0,S,51300,5000,
000036.SZ,000036,20251209,93001300,0,961508,0,S,47000,400,
000036.SZ,000036,20251209,93001350,0,965478,0,S,47500,900,
000036.SZ,000036,20251209,93001380,0,967876,0,B,45700,5000,
000036.SZ,000036,20251209,93001390,0,968718,0,B,45900,3000,
000036.SZ,000036,20251209,93001400,0,969469,0,B,45800,3000,
000036.SZ,000036,20251209,93001400,0,969639,0,B,46000,1000,
000036.SZ,000036,20251209,93001430,0,972346,0,B,45800,800,
000036.SZ,000036,20251209,93001470,0,975639,0,S,51900,1000,
000036.SZ,000036,20251209,93001470,0,976062,0,S,48300,6000,
000036.SZ,000036,20251209,93001520,0,979671,0,S,47000,400,
000036.SZ,000036,20251209,93001520,0,979942,0,B,47000,100,
000036.SZ,000036,20251209,93001540,0,981497,0,S,47000,100,
000036.SZ,000036,20251209,93001540,0,981596,0,S,47000,100,
000036.SZ,000036,20251209,93001540,0,981724,0,S,47000,100,
000036.SZ,000036,20251209,93001540,0,981725,0,S,47000,100,
000036.SZ,000036,20251209,93001580,0,984571,0,S,47000,200,
000036.SZ,000036,20251209,93001600,0,986163,0,S,47000,1100,
000036.SZ,000036,20251209,93001620,0,987763,0,S,47100,400,
000036.SZ,000036,20251209,93001620,0,988273,0,S,51600,400,
000036.SZ,000036,20251209,93001630,0,988954,0,S,46900,300,
000036.SZ,000036,20251209,93001630,0,989178,0,S,48200,18000,
000036.SZ,000036,20251209,93001640,0,990205,0,S,51900,300,
000036.SZ,000036,20251209,93001650,0,990927,0,S,46900,100,
000036.SZ,000036,20251209,93001650,0,991476,0,S,47300,5000,
000036.SZ,000036,20251209,93001660,0,992125,0,S,48500,300,
000036.SZ,000036,20251209,93001670,0,993216,0,S,46900,1100,
000036.SZ,000036,20251209,93001690,0,994525,0,S,48000,2700,
000036.SZ,000036,20251209,93001700,0,994894,0,S,46900,11500,
000036.SZ,000036,20251209,93001700,0,995292,0,B,45400,5000,
000036.SZ,000036,20251209,93001700,0,995318,0,S,49500,300,
000036.SZ,000036,20251209,93001720,0,996861,0,S,51900,800,
000036.SZ,000036,20251209,93001730,0,997869,0,S,50000,1000,
000036.SZ,000036,20251209,93001830,0,1006937,0,S,47000,300,
000036.SZ,000036,20251209,93001840,0,1007222,0,B,46000,74200,
000036.SZ,000036,20251209,93001840,0,1007229,0,B,47000,1300,
000036.SZ,000036,20251209,93001900,0,1012017,0,S,47000,500,
000036.SZ,000036,20251209,93001900,0,1012188,0,B,45800,400,
000036.SZ,000036,20251209,93001900,0,1012231,0,S,47000,1000,
000036.SZ,000036,20251209,93001900,0,1012697,0,S,47700,2000,
000036.SZ,000036,20251209,93001920,0,1014175,0,S,47000,200,
000036.SZ,000036,20251209,93001920,0,1014254,0,S,47000,32300,
000036.SZ,000036,20251209,93001930,0,1015217,0,B,46300,52600,
000036.SZ,000036,20251209,93001930,0,1015391,0,S,47000,200,
000036.SZ,000036,20251209,93001950,0,1017404,0,S,51600,236000,
000036.SZ,000036,20251209,93001950,0,1017929,0,S,49300,1000,
000036.SZ,000036,20251209,93001960,0,1018926,0,S,46900,5200,
000036.SZ,000036,20251209,93001970,0,1019752,0,B,46700,15000,
000036.SZ,000036,20251209,93002000,0,1023292,0,B,47100,5000,
000036.SZ,000036,20251209,93002000,0,1023736,0,S,50900,5000,
000036.SZ,000036,20251209,93002010,0,1024447,0,S,47000,10000,
000036.SZ,000036,20251209,93002020,0,1025645,0,S,48600,500,
000036.SZ,000036,20251209,93002020,0,1026658,0,S,46900,4400,
000036.SZ,000036,20251209,93002030,0,1027637,0,S,47200,1000,
000036.SZ,000036,20251209,93002040,0,1028806,0,S,47900,2600,
000036.SZ,000036,20251209,93002150,0,1039058,0,S,51800,2000,
000036.SZ,000036,20251209,93002160,0,1039881,0,B,46500,5000,
000036.SZ,000036,20251209,93002170,0,1041017,0,S,47600,7900,
000036.SZ,000036,20251209,93002210,0,1043782,0,S,47200,2700,
000036.SZ,000036,20251209,93002210,0,1043934,0,S,47000,3700,
000036.SZ,000036,20251209,93002270,0,1047810,0,B,47000,400,
000036.SZ,000036,20251209,93002340,0,1051464,0,S,46900,1100,
000036.SZ,000036,20251209,93002350,0,1052232,0,S,46900,900,
000036.SZ,000036,20251209,93002360,0,1053003,0,S,49900,500,
000036.SZ,000036,20251209,93002380,0,1053549,0,B,47000,400,
000036.SZ,000036,20251209,93002400,0,1055103,0,S,50000,600,
000036.SZ,000036,20251209,93002440,0,1057996,0,S,47000,200,
000036.SZ,000036,20251209,93002440,0,1058002,0,S,47000,900,
000036.SZ,000036,20251209,93002440,0,1058005,0,S,47000,2000,
000036.SZ,000036,20251209,93002450,0,1058311,0,S,47000,1600,
000036.SZ,000036,20251209,93002490,0,1060791,0,B,45600,1000,
000036.SZ,000036,20251209,93002520,0,1062117,0,S,46900,1500,
000036.SZ,000036,20251209,93002520,0,1062336,0,S,48500,1900,
000036.SZ,000036,20251209,93002540,0,1063673,0,S,46900,3300,
000036.SZ,000036,20251209,93002560,0,1064957,0,S,48700,1000,
000036.SZ,000036,20251209,93002610,0,1068422,0,S,51900,2000,
000036.SZ,000036,20251209,93002620,0,1069331,0,S,49000,10000,
000036.SZ,000036,20251209,93002630,0,1069987,0,S,48100,300,
000036.SZ,000036,20251209,93002650,0,1071641,0,S,48000,300,
000036.SZ,000036,20251209,93002700,0,1074517,0,S,47000,1400,
000036.SZ,000036,20251209,93002700,0,1074596,0,S,47000,1400,
000036.SZ,000036,20251209,93002700,0,1074711,0,S,47000,1400,
000036.SZ,000036,20251209,93002700,0,1074761,0,S,47000,1400,
000036.SZ,000036,20251209,93002700,0,1074891,0,S,47000,1400,
000036.SZ,000036,20251209,93002700,0,1075047,0,S,47000,1700,
000036.SZ,000036,20251209,93002710,0,1075143,0,S,47000,1400,
000036.SZ,000036,20251209,93002710,0,1075173,0,S,47000,1400,
000036.SZ,000036,20251209,93002710,0,1075175,0,S,47000,1700,
000036.SZ,000036,20251209,93002710,0,1075228,0,S,47000,1400,
000036.SZ,000036,20251209,93002710,0,1075487,0,S,51900,800,
000036.SZ,000036,20251209,93002720,0,1075648,0,S,47000,32300,
000036.SZ,000036,20251209,93002720,0,1075865,0,S,46900,100,
000036.SZ,000036,20251209,93002750,0,1077534,0,S,51300,213000,
000036.SZ,000036,20251209,93002770,0,1078265,0,S,46900,700,
000036.SZ,000036,20251209,93002790,0,1080316,0,S,46900,200,
000036.SZ,000036,20251209,93002800,0,1080403,0,B,47000,1300,
000036.SZ,000036,20251209,93002820,0,1081607,0,S,46900,100,
000036.SZ,000036,20251209,93002830,0,1082288,0,S,46900,100,
000036.SZ,000036,20251209,93002840,0,1082765,0,B,46100,7900,
000036.SZ,000036,20251209,93002890,0,1085952,0,S,48000,500,
000036.SZ,000036,20251209,93002910,0,1087150,0,S,47000,200,
000036.SZ,000036,20251209,93002940,0,1088724,0,S,48000,5000,
000036.SZ,000036,20251209,93002940,0,1088885,0,S,47900,800,
000036.SZ,000036,20251209,93002940,0,1088908,0,S,47800,2500,
000036.SZ,000036,20251209,93002970,0,1091289,0,S,47000,3000,
000036.SZ,000036,20251209,93002970,0,1091496,0,S,47000,6100,
000036.SZ,000036,20251209,93002980,0,1091539,0,S,47000,30500,
000036.SZ,000036,20251209,93002980,0,1091548,0,S,48700,2000,
000036.SZ,000036,20251209,93002980,0,1092015,0,S,47000,4400,
000036.SZ,000036,20251209,93003030,0,1096262,0,S,47000,1000,
000036.SZ,000036,20251209,93003030,0,1097035,0,B,46900,200,
000036.SZ,000036,20251209,93003040,0,1097536,0,B,46900,600,
000036.SZ,000036,20251209,93003070,0,1099080,0,S,47000,100,
000036.SZ,000036,20251209,93003070,0,1099523,0,S,49600,700,
000036.SZ,000036,20251209,93003080,0,1099992,0,S,47000,700,
000036.SZ,000036,20251209,93003120,0,1103042,0,S,47000,1000,
000036.SZ,000036,20251209,93003130,0,1103212,0,S,46900,100,
000036.SZ,000036,20251209,93003130,0,1103276,0,S,47800,2500,
000036.SZ,000036,20251209,93003150,0,1104800,0,S,46900,100,
000036.SZ,000036,20251209,93003170,0,1106882,0,S,46900,900,
000036.SZ,000036,20251209,93003230,0,1110639,0,S,47600,600,
000036.SZ,000036,20251209,93003230,0,1110920,0,S,49500,1000,
000036.SZ,000036,20251209,93003240,0,1111206,0,S,46900,1000,
000036.SZ,000036,20251209,93003270,0,1112741,0,S,46900,900,
000036.SZ,000036,20251209,93003280,0,1112809,0,S,46900,6000,
000036.SZ,000036,20251209,93003280,0,1112865,0,S,46900,200,
000036.SZ,000036,20251209,93003280,0,1112972,0,S,47100,300,
000036.SZ,000036,20251209,93003280,0,1112991,0,S,46900,200,
000036.SZ,000036,20251209,93003290,0,1113544,0,S,46800,600,
000036.SZ,000036,20251209,93003340,0,1115375,0,S,46900,100,
000036.SZ,000036,20251209,93003390,0,1118593,0,S,46900,100,
000036.SZ,000036,20251209,93003390,0,1118750,0,S,46800,600,
000036.SZ,000036,20251209,93003410,0,1119704,0,S,47000,1000,
000036.SZ,000036,20251209,93003430,0,1120415,0,S,47400,200,
000036.SZ,000036,20251209,93003450,0,1121249,0,S,48100,200,
000036.SZ,000036,20251209,93003450,0,1121601,0,S,48500,4200,
000036.SZ,000036,20251209,93003560,0,1126451,0,B,46000,1000,
000036.SZ,000036,20251209,93003560,0,1126456,0,S,46800,600,
000036.SZ,000036,20251209,93003700,0,1135234,0,B,46600,3000,
000036.SZ,000036,20251209,93003760,0,1138867,0,B,46000,5000,
000036.SZ,000036,20251209,93003770,0,1139154,0,B,46600,200,
000036.SZ,000036,20251209,93003790,0,1140428,0,S,47800,5000,
000036.SZ,000036,20251209,93003830,0,1142118,0,B,46700,100,
000036.SZ,000036,20251209,93003840,0,1142728,0,S,46900,40000,
000036.SZ,000036,20251209,93003840,0,1142950,0,S,46900,200,
000036.SZ,000036,20251209,93003880,0,1144550,0,S,46800,300,
000036.SZ,000036,20251209,93003890,0,1145153,0,S,47000,200,
000036.SZ,000036,20251209,93003920,0,1146182,0,S,46900,8000,
000036.SZ,000036,20251209,93003930,0,1146852,0,S,48100,3300,
000036.SZ,000036,20251209,93003950,0,1147936,0,S,46900,2400,
000036.SZ,000036,20251209,93004010,0,1151033,0,B,46000,5000,
000036.SZ,000036,20251209,93004030,0,1152583,0,S,47500,1100,
000036.SZ,000036,20251209,93004060,0,1154621,0,S,48500,500,
000036.SZ,000036,20251209,93004130,0,1158025,0,S,48000,1000,
000036.SZ,000036,20251209,93004150,0,1158477,0,S,46800,100,
000036.SZ,000036,20251209,93004150,0,1158721,0,S,46800,1200,
000036.SZ,000036,20251209,93004150,0,1158888,0,S,46900,100,
000036.SZ,000036,20251209,93004170,0,1159472,0,S,46800,100,
000036.SZ,000036,20251209,93004320,0,1165259,0,S,46800,300,
000036.SZ,000036,20251209,93004330,0,1165637,0,S,46800,100,
000036.SZ,000036,20251209,93004390,0,1168220,0,S,46800,100,
000036.SZ,000036,20251209,93004400,0,1168512,0,S,46800,100,
000036.SZ,000036,20251209,93004400,0,1168535,0,S,46800,100,
000036.SZ,000036,20251209,93004440,0,1170763,0,S,48500,124800,
000036.SZ,000036,20251209,93004450,0,1171245,0,S,46800,100,
000036.SZ,000036,20251209,93004530,0,1174712,0,S,46800,100,
000036.SZ,000036,20251209,93004550,0,1175376,0,S,50000,1000,
000036.SZ,000036,20251209,93004550,0,1175382,0,S,46800,100,
000036.SZ,000036,20251209,93004560,0,1175884,0,S,47000,5700,
000036.SZ,000036,20251209,93004600,0,1177906,0,S,47100,1900,
000036.SZ,000036,20251209,93004610,0,1178100,0,S,47100,1600,
000036.SZ,000036,20251209,93004680,0,1181721,0,S,48500,2000,
000036.SZ,000036,20251209,93004780,0,1185915,0,S,50700,700,
000036.SZ,000036,20251209,93004830,0,1187479,0,S,50000,100,
000036.SZ,000036,20251209,93004870,0,1188914,0,S,47700,1000,
000036.SZ,000036,20251209,93004950,0,1192003,0,S,46900,6300,
000036.SZ,000036,20251209,93004950,0,1192592,0,S,46900,4600,
000036.SZ,000036,20251209,93005010,0,1195437,0,B,45800,1000,
000036.SZ,000036,20251209,93005030,0,1196900,0,S,49000,800,
000036.SZ,000036,20251209,93005070,0,1199303,0,B,47000,2300,
000036.SZ,000036,20251209,93005070,0,1199374,0,S,51900,7700,
000036.SZ,000036,20251209,93005080,0,1199475,0,S,47100,500,
000036.SZ,000036,20251209,93005130,0,1201335,0,B,46000,2000,
000036.SZ,000036,20251209,93005130,0,1201411,0,S,47400,5000,
000036.SZ,000036,20251209,93005180,0,1202866,0,S,46800,100,
000036.SZ,000036,20251209,93005200,0,1203336,0,S,46900,2100,
000036.SZ,000036,20251209,93005240,0,1204294,0,S,47000,100,
000036.SZ,000036,20251209,93005320,0,1205806,0,S,48000,600,
000036.SZ,000036,20251209,93005340,0,1206102,0,S,46900,100,
000036.SZ,000036,20251209,93005430,0,1207957,0,S,46800,600,
000036.SZ,000036,20251209,93005630,0,1212913,0,B,46800,500,
000036.SZ,000036,20251209,93005650,0,1213882,0,S,47100,1100,
000036.SZ,000036,20251209,93005790,0,1217699,0,S,46900,1500,
000036.SZ,000036,20251209,93005860,0,1219790,0,S,46800,600,
000036.SZ,000036,20251209,93005900,0,1221223,0,S,47800,5000,
000036.SZ,000036,20251209,93005920,0,1221651,0,S,47100,1000,
000036.SZ,000036,20251209,93005940,0,1222413,0,B,47000,16000,
000036.SZ,000036,20251209,93005970,0,1223580,0,S,46800,600,
000036.SZ,000036,20251209,93005980,0,1223760,0,S,47400,2000,
000036.SZ,000036,20251209,93005990,0,1224100,0,B,47000,2900,
000036.SZ,000036,20251209,93005990,0,1224127,0,S,47500,4300,
000036.SZ,000036,20251209,93006010,0,1224999,0,S,47000,400,
000036.SZ,000036,20251209,93006030,0,1226487,0,S,47000,600,
000036.SZ,000036,20251209,93006040,0,1227077,0,S,48000,1300,
000036.SZ,000036,20251209,93006050,0,1227443,0,S,47000,100,
000036.SZ,000036,20251209,93006060,0,1227688,0,S,47000,100,
000036.SZ,000036,20251209,93006060,0,1227799,0,S,47000,400,
000036.SZ,000036,20251209,93006070,0,1228465,0,S,47000,100,
000036.SZ,000036,20251209,93006070,0,1228466,0,S,47000,200,
000036.SZ,000036,20251209,93006080,0,1228552,0,S,47000,200,
000036.SZ,000036,20251209,93006080,0,1228654,0,S,46800,300,
000036.SZ,000036,20251209,93006350,0,1235502,0,B,46500,100,
000036.SZ,000036,20251209,93006350,0,1235530,0,B,46500,100,
000036.SZ,000036,20251209,93006380,0,1237546,0,S,47700,300,
000036.SZ,000036,20251209,93006460,0,1240336,0,B,46500,100,
000036.SZ,000036,20251209,93006460,0,1240447,0,B,46500,100,
000036.SZ,000036,20251209,93006540,0,1242000,0,S,46700,3700,
000036.SZ,000036,20251209,93006650,0,1245874,0,S,46800,900,
000036.SZ,000036,20251209,93006650,0,1246249,0,S,46800,3300,
000036.SZ,000036,20251209,93006720,0,1248842,0,S,46800,1600,
000036.SZ,000036,20251209,93006760,0,1249636,0,B,46500,100,
000036.SZ,000036,20251209,93006800,0,1250305,0,B,46900,600,
000036.SZ,000036,20251209,93006820,0,1250657,0,B,46500,100,
000036.SZ,000036,20251209,93006880,0,1253063,0,B,46500,1000,
000036.SZ,000036,20251209,93006880,0,1253164,0,S,47000,900,
000036.SZ,000036,20251209,93006970,0,1255346,0,S,46800,100,
000036.SZ,000036,20251209,93007000,0,1256193,0,S,51800,8800,
000036.SZ,000036,20251209,93007030,0,1257311,0,S,46800,1000,
000036.SZ,000036,20251209,93007030,0,1257374,0,S,46800,1100,
000036.SZ,000036,20251209,93007040,0,1257868,0,S,46800,700,
000036.SZ,000036,20251209,93007080,0,1259305,0,S,48000,10400,
000036.SZ,000036,20251209,93007220,0,1262107,0,S,46800,1200,
000036.SZ,000036,20251209,93007230,0,1262144,0,S,46900,100,
000036.SZ,000036,20251209,93007270,0,1263231,0,S,46800,1500,
000036.SZ,000036,20251209,93007270,0,1263233,0,S,46800,1100,
000036.SZ,000036,20251209,93007270,0,1263235,0,S,46800,1200,
000036.SZ,000036,20251209,93007320,0,1264418,0,S,46800,100,
000036.SZ,000036,20251209,93007680,0,1274443,0,S,47800,500,
000036.SZ,000036,20251209,93007690,0,1274950,0,S,48500,1000,
000036.SZ,000036,20251209,93007700,0,1275682,0,S,49200,500,
000036.SZ,000036,20251209,93007870,0,1279211,0,B,46000,2000,
000036.SZ,000036,20251209,93007920,0,1280202,0,S,46800,200,
000036.SZ,000036,20251209,93008010,0,1282404,0,S,46800,1000,
000036.SZ,000036,20251209,93008040,0,1283434,0,B,46500,500,
000036.SZ,000036,20251209,93008060,0,1284118,0,B,46500,74200,
000036.SZ,000036,20251209,93008120,0,1285430,0,B,47000,100,
000036.SZ,000036,20251209,93008270,0,1286913,0,S,46700,1200,
000036.SZ,000036,20251209,93008870,0,1295786,0,S,51900,500,
000036.SZ,000036,20251209,93009230,0,1302079,0,S,46800,500,
000036.SZ,000036,20251209,93009250,0,1302392,0,S,46700,1300,
000036.SZ,000036,20251209,93009250,0,1302399,0,S,46700,300,
000036.SZ,000036,20251209,93009250,0,1302423,0,S,46500,1500,
000036.SZ,000036,20251209,93009510,0,1309827,0,S,46800,200,
000036.SZ,000036,20251209,93009750,0,1315459,0,S,47800,2000,
000036.SZ,000036,20251209,93009780,0,1315889,0,S,47400,300,
000036.SZ,000036,20251209,93009980,0,1319685,0,B,46700,2100,
000036.SZ,000036,20251209,93010150,0,1322687,0,S,46700,3700,
000036.SZ,000036,20251209,93010210,0,1323543,0,B,46700,300,
000036.SZ,000036,20251209,93010350,0,1326970,0,S,46700,2100,
000036.SZ,000036,20251209,93010510,0,1330587,0,B,46500,300,
000036.SZ,000036,20251209,93011310,0,1342799,0,S,51800,1500,
000036.SZ,000036,20251209,93011320,0,1343103,1,B,51900,400,
000036.SZ,000036,20251209,93011450,0,1344296,0,S,46800,900,
000036.SZ,000036,20251209,93011470,0,1344647,0,S,46800,900,
000036.SZ,000036,20251209,93011520,0,1345282,0,S,46800,1000,
000036.SZ,000036,20251209,93011560,0,1345637,0,S,46800,700,
000036.SZ,000036,20251209,93011570,0,1345757,0,S,46800,900,
000036.SZ,000036,20251209,93011650,0,1346954,0,S,46800,2000,
000036.SZ,000036,20251209,93011720,0,1347686,0,S,46800,1900,
000036.SZ,000036,20251209,93011790,0,1348257,0,S,46800,3600,
000036.SZ,000036,20251209,93011820,0,1348573,0,S,46800,3800,
000036.SZ,000036,20251209,93011820,0,1348574,0,S,46800,3100,
000036.SZ,000036,20251209,93011820,0,1348575,0,S,46800,2000,
000036.SZ,000036,20251209,93011960,0,1349865,0,S,46800,4000,
000036.SZ,000036,20251209,93011970,0,1349930,0,S,46800,10100,
000036.SZ,000036,20251209,93011970,0,1349956,0,S,46800,3200,
000036.SZ,000036,20251209,93012020,0,1350660,0,S,46800,300,
000036.SZ,000036,20251209,93012020,0,1350661,0,S,46800,12300,
000036.SZ,000036,20251209,93012030,0,1350840,0,S,46800,1000,
000036.SZ,000036,20251209,93012030,0,1350844,0,S,46800,800,
000036.SZ,000036,20251209,93012040,0,1350861,0,S,46800,700,
000036.SZ,000036,20251209,93012120,0,1351702,0,S,46800,4000,
000036.SZ,000036,20251209,93012120,0,1351703,0,S,46800,100,
000036.SZ,000036,20251209,93012120,0,1351704,0,S,46800,5800,
000036.SZ,000036,20251209,93012120,0,1351705,0,S,46800,4400,
000036.SZ,000036,20251209,93012240,0,1353549,0,S,46700,500,
000036.SZ,000036,20251209,93012240,0,1353551,0,S,46700,800,
000036.SZ,000036,20251209,93012240,0,1353553,0,S,46700,800,
000036.SZ,000036,20251209,93012240,0,1353555,0,S,46700,800,
000036.SZ,000036,20251209,93012240,0,1353557,0,S,46700,400,
000036.SZ,000036,20251209,93012240,0,1353562,0,S,46700,800,
000036.SZ,000036,20251209,93012240,0,1353564,0,S,46700,200,
000036.SZ,000036,20251209,93012240,0,1353568,0,S,46700,1800,
000036.SZ,000036,20251209,93012240,0,1353570,0,S,46700,700,
000036.SZ,000036,20251209,93012240,0,1353573,0,S,46700,700,
000036.SZ,000036,20251209,93012240,0,1353576,0,S,46700,500,
000036.SZ,000036,20251209,93012240,0,1353580,0,S,46700,1500,
000036.SZ,000036,20251209,93012240,0,1353582,0,S,46700,200,
000036.SZ,000036,20251209,93012240,0,1353584,0,S,46700,100,
000036.SZ,000036,20251209,93012240,0,1353586,0,S,46700,400,
000036.SZ,000036,20251209,93012240,0,1353588,0,S,46700,300,
000036.SZ,000036,20251209,93012240,0,1353590,0,S,46700,900,
000036.SZ,000036,20251209,93012240,0,1353592,0,S,46700,400,
000036.SZ,000036,20251209,93012240,0,1353596,0,S,46700,1100,
000036.SZ,000036,20251209,93012240,0,1353603,0,S,46700,800,
000036.SZ,000036,20251209,93012240,0,1353607,0,S,46700,400,
000036.SZ,000036,20251209,93012240,0,1353623,0,S,46700,500,
000036.SZ,000036,20251209,93012240,0,1353627,0,S,46700,1100,
000036.SZ,000036,20251209,93012240,0,1353630,0,S,46700,400,
000036.SZ,000036,20251209,93012240,0,1353632,0,S,46700,800,
000036.SZ,000036,20251209,93012240,0,1353634,0,S,46700,800,
000036.SZ,000036,20251209,93012240,0,1353636,0,S,46700,700,
000036.SZ,000036,20251209,93012240,0,1353638,0,S,46700,200,
000036.SZ,000036,20251209,93012240,0,1353642,0,S,46700,800,
000036.SZ,000036,20251209,93012240,0,1353646,0,S,46700,400,
000036.SZ,000036,20251209,93012240,0,1353663,0,S,46700,200,
000036.SZ,000036,20251209,93012240,0,1353671,0,S,46700,300,
000036.SZ,000036,20251209,93012240,0,1353676,0,S,46700,300,
000036.SZ,000036,20251209,93012240,0,1353684,0,S,46700,1900,
000036.SZ,000036,20251209,93012240,0,1353688,0,S,46700,400,
000036.SZ,000036,20251209,93012240,0,1353717,0,S,46700,200,
000036.SZ,000036,20251209,93012240,0,1353719,0,S,46700,300,
000036.SZ,000036,20251209,93012240,0,1353756,0,S,46700,700,
000036.SZ,000036,20251209,93012240,0,1353758,0,S,46700,900,
000036.SZ,000036,20251209,93012240,0,1353760,0,S,46700,600,
000036.SZ,000036,20251209,93012240,0,1353765,0,S,46700,600,
000036.SZ,000036,20251209,93012240,0,1353772,0,S,46700,800,
000036.SZ,000036,20251209,93012240,0,1353785,0,S,46700,300,
000036.SZ,000036,20251209,93012240,0,1353791,0,S,46700,200,
000036.SZ,000036,20251209,93012240,0,1353793,0,S,46700,1900,
000036.SZ,000036,20251209,93012240,0,1353797,0,S,46700,600,
000036.SZ,000036,20251209,93012240,0,1353805,0,S,46700,900,
000036.SZ,000036,20251209,93012240,0,1353809,0,S,46700,200,
000036.SZ,000036,20251209,93012240,0,1353813,0,S,46700,1400,
000036.SZ,000036,20251209,93012240,0,1353815,0,S,46700,400,
000036.SZ,000036,20251209,93012240,0,1353817,0,S,46700,100,
000036.SZ,000036,20251209,93012240,0,1353820,0,S,46700,600,
000036.SZ,000036,20251209,93012240,0,1353842,0,S,46700,23400,
000036.SZ,000036,20251209,93012240,0,1353850,0,S,46700,100,
000036.SZ,000036,20251209,93012240,0,1353857,0,S,46700,38700,
000036.SZ,000036,20251209,93012240,0,1353865,0,S,46700,900,
000036.SZ,000036,20251209,93012240,0,1353868,0,S,46700,2700,
000036.SZ,000036,20251209,93012240,0,1353869,0,S,46700,100,
000036.SZ,000036,20251209,93012250,0,1353939,0,S,46700,6100,
000036.SZ,000036,20251209,93012260,0,1354163,0,S,46700,900,
000036.SZ,000036,20251209,93012260,0,1354179,0,S,46700,3800,
000036.SZ,000036,20251209,93012260,0,1354184,0,S,46700,3800,
000036.SZ,000036,20251209,93012260,0,1354189,0,S,46700,3400,
000036.SZ,000036,20251209,93012280,0,1354381,0,B,46900,1000,
000036.SZ,000036,20251209,93012340,0,1356254,0,S,46700,3800,
000036.SZ,000036,20251209,93012380,0,1356936,0,S,46800,200,
000036.SZ,000036,20251209,93012490,0,1359785,0,B,46700,3800,
000036.SZ,000036,20251209,93012500,0,1359935,0,S,46700,300,
000036.SZ,000036,20251209,93012500,0,1359948,0,S,46700,100,
000036.SZ,000036,20251209,93012500,0,1359951,0,S,46700,1000,
000036.SZ,000036,20251209,93012640,0,1362175,0,S,47200,7500,
000036.SZ,000036,20251209,93012640,0,1362258,0,S,46800,1400,
000036.SZ,000036,20251209,93013130,0,1371303,0,S,46800,7100,
000036.SZ,000036,20251209,93013130,0,1371313,0,S,46800,10700,
000036.SZ,000036,20251209,93013140,0,1371402,0,S,46800,7300,
000036.SZ,000036,20251209,93013140,0,1371403,0,S,46800,6400,
000036.SZ,000036,20251209,93013150,0,1371574,0,S,46400,8900,
000036.SZ,000036,20251209,93013270,0,1373989,0,B,46800,1300,
000036.SZ,000036,20251209,93013350,0,1375255,0,S,46800,1900,
000036.SZ,000036,20251209,93013440,0,1377547,0,S,46800,1900,
000036.SZ,000036,20251209,93013490,0,1378662,0,S,46800,500,
000036.SZ,000036,20251209,93013650,0,1382235,0,S,46800,8300,
000036.SZ,000036,20251209,93013790,0,1384514,0,S,46800,6400,
000036.SZ,000036,20251209,93013840,0,1385170,0,S,46800,400,
000036.SZ,000036,20251209,93013890,0,1385694,0,S,46700,23700,
000036.SZ,000036,20251209,93013940,0,1386289,0,B,46500,100,
000036.SZ,000036,20251209,93014070,0,1388500,0,S,46800,12300,
000036.SZ,000036,20251209,93014740,0,1396367,0,S,46800,3900,
000036.SZ,000036,20251209,93014740,0,1396370,0,S,46800,6000,
000036.SZ,000036,20251209,93015140,0,1400993,0,B,45900,1300,
000036.SZ,000036,20251209,93015160,0,1401188,0,B,45800,900,
000036.SZ,000036,20251209,93015230,0,1402267,0,S,46600,6800,
000036.SZ,000036,20251209,93015230,0,1402281,0,S,46600,100,
000036.SZ,000036,20251209,93015230,0,1402284,0,S,46600,1200,
000036.SZ,000036,20251209,93015230,0,1402288,0,S,46600,500,
000036.SZ,000036,20251209,93015230,0,1402290,0,S,46600,100,
000036.SZ,000036,20251209,93015230,0,1402293,0,S,46600,400,
000036.SZ,000036,20251209,93015230,0,1402295,0,S,46600,200,
000036.SZ,000036,20251209,93015230,0,1402297,0,S,46600,200,
000036.SZ,000036,20251209,93015230,0,1402300,0,S,46600,500,
000036.SZ,000036,20251209,93015230,0,1402302,0,S,46600,600,
000036.SZ,000036,20251209,93015230,0,1402305,0,S,46600,400,
000036.SZ,000036,20251209,93015230,0,1402307,0,S,46600,100,
000036.SZ,000036,20251209,93015230,0,1402314,0,S,46600,600,
000036.SZ,000036,20251209,93015230,0,1402317,0,S,46600,400,
000036.SZ,000036,20251209,93015230,0,1402319,0,S,46600,900,
000036.SZ,000036,20251209,93015230,0,1402323,0,S,46600,200,
000036.SZ,000036,20251209,93015230,0,1402325,0,S,46600,800,
000036.SZ,000036,20251209,93015230,0,1402330,0,S,46600,200,
000036.SZ,000036,20251209,93015230,0,1402333,0,S,46600,800,
000036.SZ,000036,20251209,93015230,0,1402336,0,S,46600,500,
000036.SZ,000036,20251209,93015230,0,1402338,0,S,46600,500,
000036.SZ,000036,20251209,93015230,0,1402340,0,S,46600,800,
000036.SZ,000036,20251209,93015230,0,1402342,0,S,46600,500,
000036.SZ,000036,20251209,93015230,0,1402345,0,S,46600,4900,
000036.SZ,000036,20251209,93015230,0,1402347,0,S,46600,1600,
000036.SZ,000036,20251209,93015230,0,1402351,0,S,46600,1300,
000036.SZ,000036,20251209,93015230,0,1402356,0,S,46600,700,
000036.SZ,000036,20251209,93015230,0,1402359,0,S,46600,400,
000036.SZ,000036,20251209,93015230,0,1402361,0,S,46600,500,
000036.SZ,000036,20251209,93015230,0,1402363,0,S,46600,400,
000036.SZ,000036,20251209,93015230,0,1402369,0,S,46600,700,
000036.SZ,000036,20251209,93015230,0,1402376,0,S,46600,1400,
000036.SZ,000036,20251209,93015230,0,1402378,0,S,46600,700,
000036.SZ,000036,20251209,93015230,0,1402385,0,S,46600,1200,
000036.SZ,000036,20251209,93015230,0,1402396,0,S,46600,300,
000036.SZ,000036,20251209,93015230,0,1402398,0,S,46600,400,
000036.SZ,000036,20251209,93015230,0,1402401,0,S,46600,100,
000036.SZ,000036,20251209,93015230,0,1402405,0,S,46600,2600,
000036.SZ,000036,20251209,93015230,0,1402438,0,S,46700,100,
000036.SZ,000036,20251209,93015240,0,1402441,0,S,46700,100,
000036.SZ,000036,20251209,93015240,0,1402449,0,S,46700,100,
000036.SZ,000036,20251209,93015240,0,1402451,0,S,46700,100,
000036.SZ,000036,20251209,93015240,0,1402455,0,S,46700,100,
000036.SZ,000036,20251209,93015240,0,1402456,0,S,46700,100,
000036.SZ,000036,20251209,93015240,0,1402465,0,S,46700,100,
000036.SZ,000036,20251209,93015240,0,1402471,0,S,46700,100,
000036.SZ,000036,20251209,93015240,0,1402472,0,S,46700,100,
000036.SZ,000036,20251209,93015240,0,1402476,0,S,46700,100,
000036.SZ,000036,20251209,93015240,0,1402478,0,S,46700,100,
000036.SZ,000036,20251209,93015240,0,1402485,0,S,46700,200,
000036.SZ,000036,20251209,93015240,0,1402486,0,S,46700,100,
000036.SZ,000036,20251209,93015240,0,1402495,0,S,46700,100,
000036.SZ,000036,20251209,93015240,0,1402501,0,S,46700,100,
000036.SZ,000036,20251209,93015240,0,1402503,0,S,46700,100,
000036.SZ,000036,20251209,93015240,0,1402505,0,S,46700,100,
000036.SZ,000036,20251209,93015240,0,1402513,0,S,46700,100,
000036.SZ,000036,20251209,93015240,0,1402522,0,S,46700,100,
000036.SZ,000036,20251209,93015240,0,1402534,0,S,46700,100,
000036.SZ,000036,20251209,93015240,0,1402535,0,S,46700,100,
000036.SZ,000036,20251209,93015240,0,1402566,0,S,46600,1400,
000036.SZ,000036,20251209,93015240,0,1402574,0,S,46600,2100,
000036.SZ,000036,20251209,93015240,0,1402610,0,S,46600,5200,
000036.SZ,000036,20251209,93015260,0,1402752,0,S,46700,100,
000036.SZ,000036,20251209,93015260,0,1402760,0,S,46700,100,
000036.SZ,000036,20251209,93015260,0,1402763,0,S,46700,100,
000036.SZ,000036,20251209,93015260,0,1402784,0,B,46600,100,
000036.SZ,000036,20251209,93015260,0,1402786,0,B,46600,500,
000036.SZ,000036,20251209,93015260,0,1402865,0,S,46600,2500,
000036.SZ,000036,20251209,93015260,0,1402867,0,S,46600,1100,
000036.SZ,000036,20251209,93015260,0,1402870,0,S,46600,800,
000036.SZ,000036,20251209,93015260,0,1402876,0,S,46600,3200,
000036.SZ,000036,20251209,93015270,0,1403036,0,S,46700,100,
000036.SZ,000036,20251209,93015270,0,1403064,0,S,46700,100,
000036.SZ,000036,20251209,93015280,0,1403234,0,S,46700,100,
000036.SZ,000036,20251209,93015280,0,1403267,0,S,46700,100,
000036.SZ,000036,20251209,93015280,0,1403314,0,B,46600,100,
000036.SZ,000036,20251209,93015280,0,1403353,0,S,46700,100,
000036.SZ,000036,20251209,93015280,0,1403457,0,B,46600,200,
000036.SZ,000036,20251209,93015290,0,1403628,0,S,46700,700,
000036.SZ,000036,20251209,93015300,0,1403744,0,S,46700,100,
000036.SZ,000036,20251209,93015300,0,1403899,0,S,46700,100,
000036.SZ,000036,20251209,93015310,0,1404017,0,S,46700,100,
000036.SZ,000036,20251209,93015320,0,1404676,0,S,46700,3800,
000036.SZ,000036,20251209,93015370,0,1405870,0,S,46700,100,
000036.SZ,000036,20251209,93015390,0,1406061,0,S,46700,100,
000036.SZ,000036,20251209,93015420,0,1406578,0,S,46700,100,
000036.SZ,000036,20251209,93015440,0,1406957,0,S,46700,100,
000036.SZ,000036,20251209,93015480,0,1408038,0,S,46700,100,
000036.SZ,000036,20251209,93015520,0,1410460,0,S,46700,700,
000036.SZ,000036,20251209,93015550,0,1411231,0,S,46700,100,
000036.SZ,000036,20251209,93015640,0,1413249,0,S,46700,200,
000036.SZ,000036,20251209,93015660,0,1413790,0,S,46700,200,
000036.SZ,000036,20251209,93015680,0,1414956,0,S,46700,200,
000036.SZ,000036,20251209,93015820,0,1418879,0,B,46600,200,
000036.SZ,000036,20251209,93016030,0,1422061,0,B,45500,1000,
000036.SZ,000036,20251209,93016370,0,1429293,0,S,46700,100,
000036.SZ,000036,20251209,93016530,0,1432877,0,B,46600,200,
000036.SZ,000036,20251209,93016640,0,1436014,0,S,46700,1400,
000036.SZ,000036,20251209,93016740,0,1438119,0,S,46700,9000,
000036.SZ,000036,20251209,93017160,0,1443379,0,S,47100,5800,
000036.SZ,000036,20251209,93017190,0,1443778,0,S,46800,1500,
000036.SZ,000036,20251209,93017920,0,1452176,0,S,46700,4600,
000036.SZ,000036,20251209,93018100,0,1454197,0,B,46800,2400,
000036.SZ,000036,20251209,93018160,0,1455253,0,S,46700,300,
000036.SZ,000036,20251209,93018160,0,1455317,0,S,46600,4800,
000036.SZ,000036,20251209,93018160,0,1455351,0,S,46700,100,
000036.SZ,000036,20251209,93018160,0,1455414,0,S,46600,69200,
000036.SZ,000036,20251209,93018160,0,1455426,0,S,46600,4700,
000036.SZ,000036,20251209,93018170,0,1455928,0,S,46700,2100,
000036.SZ,000036,20251209,93018180,0,1455946,0,S,46700,2100,
000036.SZ,000036,20251209,93018180,0,1456220,0,S,46900,100,
000036.SZ,000036,20251209,93018190,0,1456237,0,S,46900,100,
000036.SZ,000036,20251209,93018190,0,1456253,0,S,46900,100,
000036.SZ,000036,20251209,93018190,0,1456361,0,S,46700,2100,
000036.SZ,000036,20251209,93018210,0,1457062,0,S,46700,900,
000036.SZ,000036,20251209,93018220,0,1457119,0,S,46700,2100,
000036.SZ,000036,20251209,93018220,0,1457121,0,S,46700,400,
000036.SZ,000036,20251209,93018220,0,1457122,0,S,46700,2100,
000036.SZ,000036,20251209,93018230,0,1457548,0,S,46800,200,
000036.SZ,000036,20251209,93018280,0,1458316,0,B,45800,900,
000036.SZ,000036,20251209,93018770,0,1468428,0,S,46700,400,
000036.SZ,000036,20251209,93018810,0,1469511,0,B,45900,1500,
000036.SZ,000036,20251209,93018830,0,1469782,0,B,46400,2000,
000036.SZ,000036,20251209,93019140,0,1473988,0,S,47700,400,
000036.SZ,000036,20251209,93019420,0,1478995,0,S,46600,1000,
000036.SZ,000036,20251209,93019440,0,1479389,0,S,46600,4900,
000036.SZ,000036,20251209,93019440,0,1479393,0,S,46600,300,
000036.SZ,000036,20251209,93019440,0,1479394,0,S,46600,300,
000036.SZ,000036,20251209,93019440,0,1479395,0,S,46600,5800,
000036.SZ,000036,20251209,93019440,0,1479396,0,S,46600,1300,
000036.SZ,000036,20251209,93019440,0,1479397,0,S,46600,4600,
000036.SZ,000036,20251209,93019440,0,1479398,0,S,46600,400,
000036.SZ,000036,20251209,93019440,0,1479399,0,S,46600,200,
000036.SZ,000036,20251209,93019440,0,1479508,0,S,46600,800,
000036.SZ,000036,20251209,93019570,0,1482016,0,S,46700,200,
000036.SZ,000036,20251209,93019670,0,1483830,0,S,46600,500,
000036.SZ,000036,20251209,93019680,0,1483950,0,S,46600,200,
000036.SZ,000036,20251209,93019680,0,1483998,0,S,46600,1000,
000036.SZ,000036,20251209,93019730,0,1484898,0,S,46600,400,
000036.SZ,000036,20251209,93019830,0,1486785,0,B,46400,3400,
000036.SZ,000036,20251209,93019930,0,1487871,0,B,46600,100,
000036.SZ,000036,20251209,93020050,0,1489631,0,S,46700,300,
000036.SZ,000036,20251209,93020080,0,1490018,0,S,46700,30300,
000036.SZ,000036,20251209,93020250,0,1491949,0,S,46800,400,
000036.SZ,000036,20251209,93021000,0,1501158,0,S,46600,200,
000036.SZ,000036,20251209,93021160,0,1503334,0,S,46500,100,
000036.SZ,000036,20251209,93021240,0,1505477,0,B,46600,200,
000036.SZ,000036,20251209,93021250,0,1505690,0,S,46900,900,
000036.SZ,000036,20251209,93021320,0,1506853,0,S,46600,900,
000036.SZ,000036,20251209,93021330,0,1506997,0,S,50200,5700,
000036.SZ,000036,20251209,93021390,0,1507708,0,S,46600,100,
000036.SZ,000036,20251209,93021700,0,1515882,0,S,46700,1100,
000036.SZ,000036,20251209,93021710,0,1516119,0,B,46700,100,
000036.SZ,000036,20251209,93021730,0,1516368,0,S,45700,1200,
000036.SZ,000036,20251209,93021760,0,1516746,0,S,46700,900,
000036.SZ,000036,20251209,93021780,0,1517031,0,S,46700,1000,
000036.SZ,000036,20251209,93021870,0,1518782,0,S,46500,100,
000036.SZ,000036,20251209,93021870,0,1518787,0,S,46500,1100,
000036.SZ,000036,20251209,93021870,0,1518791,0,S,46500,200,
000036.SZ,000036,20251209,93022020,0,1520895,0,S,46700,600,
000036.SZ,000036,20251209,93022080,0,1521617,0,B,46600,2100,
000036.SZ,000036,20251209,93022270,0,1525669,0,S,46600,1400,
000036.SZ,000036,20251209,93022270,0,1525672,0,S,46600,1200,
000036.SZ,000036,20251209,93022270,0,1525680,0,S,46600,1100,
000036.SZ,000036,20251209,93022400,0,1527984,0,S,47900,20000,
000036.SZ,000036,20251209,93022790,0,1534658,0,S,48500,22800,
000036.SZ,000036,20251209,93022960,0,1536845,0,S,46600,2400,
000036.SZ,000036,20251209,93022970,0,1536948,0,S,46600,8000,
000036.SZ,000036,20251209,93023030,0,1537853,0,S,46600,1200,
000036.SZ,000036,20251209,93023040,0,1537925,0,S,46600,1400,
000036.SZ,000036,20251209,93023110,0,1538666,0,S,46700,1100,
000036.SZ,000036,20251209,93023160,0,1539224,0,S,46600,100,
000036.SZ,000036,20251209,93023410,0,1542577,0,S,46000,900,
000036.SZ,000036,20251209,93023650,0,1545095,0,B,46500,2200,
000036.SZ,000036,20251209,93023720,0,1545919,0,S,46600,2800,
000036.SZ,000036,20251209,93023740,0,1546092,0,S,46600,2400,
000036.SZ,000036,20251209,93023800,0,1546682,0,B,46600,2800,
000036.SZ,000036,20251209,93023970,0,1548456,0,S,46600,6300,
000036.SZ,000036,20251209,93024080,0,1549761,0,S,46600,900,
000036.SZ,000036,20251209,93024090,0,1549866,0,S,46700,300,
000036.SZ,000036,20251209,93024160,0,1550848,0,S,46300,6500,
000036.SZ,000036,20251209,93024180,0,1551066,0,S,46600,700,
000036.SZ,000036,20251209,93024200,0,1551392,0,S,46500,900,
000036.SZ,000036,20251209,93024200,0,1551394,0,S,46500,2700,
000036.SZ,000036,20251209,93024290,0,1552876,0,S,46600,1200,
000036.SZ,000036,20251209,93024580,0,1558749,0,S,46600,500,
000036.SZ,000036,20251209,93024590,0,1558951,0,B,46500,300,
000036.SZ,000036,20251209,93024650,0,1559995,0,B,46500,100,
000036.SZ,000036,20251209,93024870,0,1564926,0,S,46700,400,
000036.SZ,000036,20251209,93024870,0,1564932,0,S,46700,100,
000036.SZ,000036,20251209,93025030,0,1567137,0,S,46500,10100,
000036.SZ,000036,20251209,93025380,0,1573563,0,S,47900,1800,
000036.SZ,000036,20251209,93025440,0,1575035,0,S,50300,153000,
000036.SZ,000036,20251209,93025570,0,1577320,0,B,46700,5000,
000036.SZ,000036,20251209,93025600,0,1577981,0,B,46500,2900,
000036.SZ,000036,20251209,93025980,0,1582475,0,S,46600,10500,
000036.SZ,000036,20251209,93026050,0,1583411,0,S,46500,1600,
000036.SZ,000036,20251209,93026090,0,1583761,0,S,48000,2300,
000036.SZ,000036,20251209,93026120,0,1584344,0,B,46300,10000,
000036.SZ,000036,20251209,93026460,0,1587833,0,S,47600,100000,
000036.SZ,000036,20251209,93027290,0,1597198,0,S,46400,115000,
000036.SZ,000036,20251209,93027290,0,1597264,0,S,46600,100,
000036.SZ,000036,20251209,93027300,0,1597392,0,S,46400,13300,
000036.SZ,000036,20251209,93027300,0,1597609,0,S,46400,76800,
000036.SZ,000036,20251209,93027390,0,1600761,0,S,46700,500,
000036.SZ,000036,20251209,93027570,0,1603407,0,S,46600,100,
000036.SZ,000036,20251209,93027690,0,1605405,0,S,46500,200,
000036.SZ,000036,20251209,93027730,0,1606422,0,S,46500,1500,
000036.SZ,000036,20251209,93027940,0,1609557,0,S,46600,1300,
000036.SZ,000036,20251209,93028020,0,1610828,0,S,48200,500,
000036.SZ,000036,20251209,93028400,0,1617216,0,S,46600,100,
000036.SZ,000036,20251209,93028440,0,1618037,0,S,46600,100,
000036.SZ,000036,20251209,93028490,0,1619084,0,B,46500,200,
000036.SZ,000036,20251209,93028540,0,1620177,0,S,51700,1000,
000036.SZ,000036,20251209,93028610,0,1621348,0,S,47100,5000,
000036.SZ,000036,20251209,93029160,0,1629140,0,S,46600,200,
000036.SZ,000036,20251209,93029330,0,1631356,0,S,47900,10000,
000036.SZ,000036,20251209,93029330,0,1631415,0,B,45900,1300,
000036.SZ,000036,20251209,93029340,0,1631481,0,S,46500,1000,
000036.SZ,000036,20251209,93029980,0,1639843,0,S,46500,200,
000036.SZ,000036,20251209,93030240,0,1643948,0,S,46600,600,
000036.SZ,000036,20251209,93030270,0,1644469,0,B,46400,13600,
000036.SZ,000036,20251209,93030270,0,1644488,0,S,46400,100,
000036.SZ,000036,20251209,93030270,0,1644492,0,S,46400,100,
000036.SZ,000036,20251209,93030270,0,1644530,0,S,46400,5400,
000036.SZ,000036,20251209,93030270,0,1644554,0,S,46400,100,
000036.SZ,000036,20251209,93030270,0,1644566,0,S,46400,1400,
000036.SZ,000036,20251209,93030290,0,1644975,0,B,46400,6400,
000036.SZ,000036,20251209,93030290,0,1645125,0,B,46400,16800,
000036.SZ,000036,20251209,93030300,0,1645151,0,B,46400,3200,
000036.SZ,000036,20251209,93030300,0,1645166,0,B,46400,7300,
000036.SZ,000036,20251209,93030330,0,1645896,0,B,46400,1700,
000036.SZ,000036,20251209,93030380,0,1646819,0,B,46000,10000,
000036.SZ,000036,20251209,93030450,0,1648426,0,S,46400,2100,
000036.SZ,000036,20251209,93030450,0,1648428,0,S,46400,1500,
000036.SZ,000036,20251209,93030450,0,1648433,0,S,46400,1500,
000036.SZ,000036,20251209,93030520,0,1650236,0,B,46300,400,
000036.SZ,000036,20251209,93030540,0,1650589,0,B,46300,700,
000036.SZ,000036,20251209,93030580,0,1651410,0,B,46300,1600,
000036.SZ,000036,20251209,93030620,0,1651870,0,B,46300,1500,
000036.SZ,000036,20251209,93031120,0,1661133,0,B,46300,100,
000036.SZ,000036,20251209,93031200,0,1662182,0,B,46500,100,
000036.SZ,000036,20251209,93031300,0,1664232,0,S,46400,600,
000036.SZ,000036,20251209,93031360,0,1665534,0,S,46500,100,
000036.SZ,000036,20251209,93031360,0,1665541,0,S,46500,100,
000036.SZ,000036,20251209,93031480,0,1668147,0,S,46600,1600,
000036.SZ,000036,20251209,93031480,0,1668153,0,S,46600,900,
000036.SZ,000036,20251209,93031480,0,1668182,0,S,46600,200,
000036.SZ,000036,20251209,93031480,0,1668189,0,S,46600,2000,
000036.SZ,000036,20251209,93031570,0,1670105,0,S,46500,19100,
000036.SZ,000036,20251209,93031590,0,1670450,0,S,46400,100,
000036.SZ,000036,20251209,93031890,0,1674888,0,S,46400,800,
000036.SZ,000036,20251209,93032040,0,1677096,0,B,46600,300,
000036.SZ,000036,20251209,93032430,0,1682010,0,S,47900,22800,
000036.SZ,000036,20251209,93032800,0,1686474,0,B,46300,19700,
000036.SZ,000036,20251209,93033210,0,1691342,0,S,46400,100,
000036.SZ,000036,20251209,93033210,0,1691348,0,S,46400,100,
000036.SZ,000036,20251209,93033210,0,1691349,0,S,46400,100,
000036.SZ,000036,20251209,93033210,0,1691393,0,S,46400,100,
000036.SZ,000036,20251209,93033210,0,1691403,0,S,46400,100,
000036.SZ,000036,20251209,93033210,0,1691406,0,S,46400,200,
000036.SZ,000036,20251209,93033210,0,1691412,0,S,46400,100,
000036.SZ,000036,20251209,93033210,0,1691416,0,S,46400,100,
000036.SZ,000036,20251209,93033210,0,1691417,0,B,46300,1400,
000036.SZ,000036,20251209,93033210,0,1691419,0,S,46400,100,
000036.SZ,000036,20251209,93033210,0,1691420,0,S,46400,100,
000036.SZ,000036,20251209,93033210,0,1691422,0,S,46400,100,
000036.SZ,000036,20251209,93033210,0,1691423,0,S,46400,100,
000036.SZ,000036,20251209,93033210,0,1691427,0,S,46400,100,
000036.SZ,000036,20251209,93033210,0,1691429,0,S,46400,100,
000036.SZ,000036,20251209,93033210,0,1691432,0,S,46400,100,
000036.SZ,000036,20251209,93033210,0,1691433,0,S,46400,100,
000036.SZ,000036,20251209,93033210,0,1691437,0,S,46400,100,
000036.SZ,000036,20251209,93033210,0,1691438,0,S,46400,100,
000036.SZ,000036,20251209,93033210,0,1691439,0,S,46400,100,
000036.SZ,000036,20251209,93033210,0,1691441,0,S,46400,100,
000036.SZ,000036,20251209,93033210,0,1691444,0,S,46400,100,
000036.SZ,000036,20251209,93033210,0,1691446,0,S,46400,200,
000036.SZ,000036,20251209,93033210,0,1691447,0,S,46400,100,
000036.SZ,000036,20251209,93033210,0,1691448,0,S,46400,100,
000036.SZ,000036,20251209,93033210,0,1691449,0,S,46400,100,
000036.SZ,000036,20251209,93033210,0,1691451,0,S,46400,100,
000036.SZ,000036,20251209,93033210,0,1691453,0,S,46400,100,
000036.SZ,000036,20251209,93033210,0,1691454,0,S,46400,100,
000036.SZ,000036,20251209,93033210,0,1691455,0,S,46400,100,
000036.SZ,000036,20251209,93033210,0,1691456,0,S,46400,100,
000036.SZ,000036,20251209,93033210,0,1691460,0,S,46400,100,
000036.SZ,000036,20251209,93033210,0,1691465,0,S,46400,100,
000036.SZ,000036,20251209,93033210,0,1691466,0,S,46400,5600,
000036.SZ,000036,20251209,93033210,0,1691467,0,S,46400,100,
000036.SZ,000036,20251209,93033210,0,1691472,0,S,46400,100,
000036.SZ,000036,20251209,93033210,0,1691473,0,S,46400,100,
000036.SZ,000036,20251209,93033210,0,1691475,0,S,46400,100,
000036.SZ,000036,20251209,93033210,0,1691484,0,S,46400,100,
000036.SZ,000036,20251209,93033210,0,1691485,0,S,46400,200,
000036.SZ,000036,20251209,93033210,0,1691487,0,S,46400,100,
000036.SZ,000036,20251209,93033210,0,1691488,0,S,46400,100,
000036.SZ,000036,20251209,93033210,0,1691499,0,S,46400,100,
000036.SZ,000036,20251209,93033220,0,1691512,0,S,46400,100,
000036.SZ,000036,20251209,93033220,0,1691513,0,S,46400,100,
000036.SZ,000036,20251209,93033220,0,1691519,0,B,46300,1000,
000036.SZ,000036,20251209,93033220,0,1691521,0,S,46400,100,
000036.SZ,000036,20251209,93033220,0,1691537,0,S,46400,100,
000036.SZ,000036,20251209,93033220,0,1691539,0,S,46400,100,
000036.SZ,000036,20251209,93033230,0,1691715,0,S,46400,100,
000036.SZ,000036,20251209,93033230,0,1691722,0,B,46400,2600,
000036.SZ,000036,20251209,93033240,0,1691854,0,S,46400,100,
000036.SZ,000036,20251209,93033240,0,1691856,0,S,46400,100,
000036.SZ,000036,20251209,93033240,0,1691945,0,S,46500,600,
000036.SZ,000036,20251209,93033250,0,1692111,0,S,46400,100,
000036.SZ,000036,20251209,93033250,0,1692121,0,S,46500,200,
000036.SZ,000036,20251209,93033250,0,1692148,0,S,46500,100,
000036.SZ,000036,20251209,93033260,0,1692298,0,S,46500,100,
000036.SZ,000036,20251209,93033260,0,1692335,0,S,46500,100,
000036.SZ,000036,20251209,93033280,0,1692957,0,S,46500,200,
000036.SZ,000036,20251209,93033280,0,1692981,0,S,46500,400,
000036.SZ,000036,20251209,93033320,0,1693582,0,S,46400,100,
000036.SZ,000036,20251209,93033350,0,1693986,0,S,46400,100,
000036.SZ,000036,20251209,93033360,0,1694220,0,S,46400,700,
000036.SZ,000036,20251209,93033920,0,1705035,0,S,47500,10000,
000036.SZ,000036,20251209,93034100,0,1707524,0,S,51600,5700,
000036.SZ,000036,20251209,93034760,0,1719215,0,B,46400,200,
000036.SZ,000036,20251209,93035050,0,1723633,0,B,46200,2600,
000036.SZ,000036,20251209,93035150,0,1725054,0,B,46400,200,
000036.SZ,000036,20251209,93035920,0,1736411,0,S,46400,500,
000036.SZ,000036,20251209,93036000,0,1737581,0,S,46400,800,
000036.SZ,000036,20251209,93036020,0,1737822,0,S,46600,400,
000036.SZ,000036,20251209,93036230,0,1741272,0,B,46400,200,
000036.SZ,000036,20251209,93036240,0,1741336,0,S,46400,100,
000036.SZ,000036,20251209,93036240,0,1741340,0,S,46400,100,
000036.SZ,000036,20251209,93036240,0,1741343,0,S,46400,100,
000036.SZ,000036,20251209,93036240,0,1741345,0,S,46400,100,
000036.SZ,000036,20251209,93036240,0,1741351,0,S,46400,100,
000036.SZ,000036,20251209,93036240,0,1741352,0,S,46400,200,
000036.SZ,000036,20251209,93036240,0,1741376,0,S,46400,100,
000036.SZ,000036,20251209,93036240,0,1741392,0,S,46400,100,
000036.SZ,000036,20251209,93036240,0,1741394,0,S,46400,100,
000036.SZ,000036,20251209,93036240,0,1741440,0,S,46400,300,
000036.SZ,000036,20251209,93036260,0,1741677,0,S,46400,100,
000036.SZ,000036,20251209,93036260,0,1741689,0,S,46400,100,
000036.SZ,000036,20251209,93036260,0,1741714,0,S,46400,100,
000036.SZ,000036,20251209,93036260,0,1741796,0,S,46400,100,
000036.SZ,000036,20251209,93036270,0,1741900,0,S,46400,100,
000036.SZ,000036,20251209,93036270,0,1741914,0,S,46400,100,
000036.SZ,000036,20251209,93036280,0,1741941,0,S,46400,100,
000036.SZ,000036,20251209,93036280,0,1742111,0,S,46400,100,
000036.SZ,000036,20251209,93036310,0,1742913,0,S,46400,100,
000036.SZ,000036,20251209,93036370,0,1744436,0,S,46400,100,
000036.SZ,000036,20251209,93036400,0,1744885,0,B,46400,10000,
000036.SZ,000036,20251209,93036410,0,1745127,0,B,46400,1000,
000036.SZ,000036,20251209,93036610,0,1750901,0,S,46400,1000,
000036.SZ,000036,20251209,93036930,0,1757271,0,S,46500,1400,
000036.SZ,000036,20251209,93037140,0,1761923,0,S,47000,5000,
000036.SZ,000036,20251209,93037380,0,1767079,0,S,46300,3000,
000036.SZ,000036,20251209,93037650,0,1772638,0,S,46300,500,
000036.SZ,000036,20251209,93037740,0,1774315,0,S,46600,900,
000036.SZ,000036,20251209,93038020,0,1778055,0,S,46300,100,
000036.SZ,000036,20251209,93038260,0,1781122,0,S,46000,1800,
000036.SZ,000036,20251209,93038280,0,1781400,0,S,46400,300,
000036.SZ,000036,20251209,93038400,0,1783086,0,S,46300,100,
000036.SZ,000036,20251209,93038670,0,1786587,0,B,46400,19000,
000036.SZ,000036,20251209,93039110,0,1793771,0,B,46600,2000,
000036.SZ,000036,20251209,93039150,0,1794813,0,B,46500,900,
000036.SZ,000036,20251209,93039150,0,1794816,0,B,46500,1200,
000036.SZ,000036,20251209,93039160,0,1795229,0,B,46400,1900,
000036.SZ,000036,20251209,93039230,0,1797400,0,B,46500,2300,
000036.SZ,000036,20251209,93040030,0,1814917,0,B,46400,500,
000036.SZ,000036,20251209,93040260,0,1819741,0,S,46500,1700,
000036.SZ,000036,20251209,93040810,0,1829319,0,B,46400,4900,
000036.SZ,000036,20251209,93040940,0,1831614,0,B,46400,200,
000036.SZ,000036,20251209,93040950,0,1831762,0,S,46600,400,
000036.SZ,000036,20251209,93041200,0,1836982,0,B,46100,6000,
000036.SZ,000036,20251209,93041330,0,1839758,0,S,46500,1700,
000036.SZ,000036,20251209,93041350,0,1840111,0,S,46600,4700,
000036.SZ,000036,20251209,93041460,0,1841651,0,S,46500,100,
000036.SZ,000036,20251209,93041580,0,1843722,0,S,46200,1000,
000036.SZ,000036,20251209,93042170,0,1854430,0,S,46500,200,
000036.SZ,000036,20251209,93042380,0,1859177,0,B,46500,600,
000036.SZ,000036,20251209,93042560,0,1863280,0,B,47400,2100,
000036.SZ,000036,20251209,93042580,0,1863746,0,B,46400,1000,
000036.SZ,000036,20251209,93042820,0,1869017,0,B,46400,600,
000036.SZ,000036,20251209,93043010,0,1872223,0,B,46400,2200,
000036.SZ,000036,20251209,93043230,0,1876592,0,S,46400,800,
000036.SZ,000036,20251209,93043330,0,1878584,0,S,46000,3000,
000036.SZ,000036,20251209,93043410,0,1880821,0,S,49000,700,
000036.SZ,000036,20251209,93043540,0,1883460,0,B,46400,4000,
000036.SZ,000036,20251209,93043840,0,1888844,0,B,46100,1900,
000036.SZ,000036,20251209,93043890,0,1889738,0,B,46400,5000,
000036.SZ,000036,20251209,93043950,0,1890581,0,B,46400,2000,
000036.SZ,000036,20251209,93044030,0,1892199,0,B,46400,500,
000036.SZ,000036,20251209,93044160,0,1894680,0,S,49000,900,
000036.SZ,000036,20251209,93044370,0,1898956,0,B,46500,2000,
000036.SZ,000036,20251209,93044570,0,1903414,0,B,46300,1800,
000036.SZ,000036,20251209,93044870,0,1909239,0,B,46400,2000,
000036.SZ,000036,20251209,93045030,0,1913017,0,S,46500,100,
