万得代码,交易所代码,自然日,时间,成交编号,成交代码,委托代码,BS标志,成交价格,成交数量,叫卖序号,叫买序号,
000037.SZ,000037,20251209,91547170,333171,C,0, ,0,500,16988,0,
000037.SZ,000037,20251209,92500000,599179,0,0,B,87100,300,568288,591258,
000037.SZ,000037,20251209,92500000,599180,0,0,B,87100,600,568288,575089,
000037.SZ,000037,20251209,92500000,599181,0,0,B,87100,400,568288,571438,
000037.SZ,000037,20251209,92500000,599182,0,0,S,87100,100,568288,97014,
000037.SZ,000037,20251209,92500000,599183,0,0,S,87100,200,568288,227312,
000037.SZ,000037,20251209,92500000,599184,0,0,S,87100,100,568288,294899,
000037.SZ,000037,20251209,92500000,599185,0,0,S,87100,4000,568288,483936,
000037.SZ,000037,20251209,92500000,599186,0,0,S,87100,900,568288,120250,
000037.SZ,000037,20251209,92500000,599187,0,0,S,87100,100,596778,120250,
000037.SZ,000037,20251209,92500000,599188,0,0,S,87100,1000,596778,432662,
000037.SZ,000037,20251209,92500000,599189,0,0,S,87100,300,575285,528231,
000037.SZ,000037,20251209,92500000,599190,0,0,S,87100,200,575285,545495,
000037.SZ,000037,20251209,92500000,599191,0,0,S,87100,500,575285,194557,
000037.SZ,000037,20251209,92500000,599192,0,0,S,87100,200,296195,194557,
000037.SZ,000037,20251209,92500000,599193,0,0,S,87100,100,264062,194557,
000037.SZ,000037,20251209,93000060,705626,0,0,S,87100,400,705625,194557,
000037.SZ,000037,20251209,93000080,717465,0,0,S,87100,500,717464,194557,
000037.SZ,000037,20251209,93000090,723838,0,0,B,87200,300,490245,723837,
000037.SZ,000037,20251209,93000090,723839,0,0,B,87200,200,566167,723837,
000037.SZ,000037,20251209,93000120,742249,0,0,S,87200,1100,742248,723837,
000037.SZ,000037,20251209,93000170,770832,C,0, ,0,1000,493912,0,
000037.SZ,000037,20251209,93000200,784810,0,0,S,87100,300,784809,194557,
000037.SZ,000037,20251209,93000200,784811,0,0,S,87100,4000,784809,474607,
000037.SZ,000037,20251209,93000200,784812,0,0,S,87100,400,784809,523203,
000037.SZ,000037,20251209,93000230,792715,0,0,B,87100,100,784809,792714,
000037.SZ,000037,20251209,93000270,807586,0,0,B,87100,1100,784809,807585,
000037.SZ,000037,20251209,93000330,827837,0,0,B,87100,5500,784809,827836,
000037.SZ,000037,20251209,93000350,831099,0,0,B,87100,500,784809,831098,
000037.SZ,000037,20251209,93000450,850939,C,0, ,0,500,0,504466,
000037.SZ,000037,20251209,93001050,945570,0,0,B,87100,500,784809,945569,
000037.SZ,000037,20251209,93001090,949926,0,0,B,87100,200,784809,949925,
000037.SZ,000037,20251209,93001480,984703,0,0,B,87100,500,784809,984702,
000037.SZ,000037,20251209,93001740,1009575,0,0,B,87100,1500,784809,1009574,
000037.SZ,000037,20251209,93001750,1010256,C,0, ,0,73000,473432,0,
000037.SZ,000037,20251209,93001750,1010494,C,0, ,0,48700,460264,0,
000037.SZ,000037,20251209,93001900,1023289,0,0,B,87100,200,784809,1023288,
000037.SZ,000037,20251209,93002300,1057039,0,0,B,87100,100,784809,1057038,
000037.SZ,000037,20251209,93002300,1057085,0,0,B,87100,100,784809,1057084,
000037.SZ,000037,20251209,93002300,1057151,0,0,B,87100,100,784809,1057150,
000037.SZ,000037,20251209,93002310,1057164,0,0,B,87100,100,784809,1057163,
000037.SZ,000037,20251209,93003200,1114047,0,0,S,87000,500,1114046,82478,
000037.SZ,000037,20251209,93003200,1114048,0,0,S,87000,1200,1114046,102416,
000037.SZ,000037,20251209,93003200,1114049,0,0,S,87000,1000,1114046,293852,
000037.SZ,000037,20251209,93003200,1114050,0,0,S,87000,1800,1114046,336638,
000037.SZ,000037,20251209,93003200,1114051,0,0,S,87000,3000,1114046,515620,
000037.SZ,000037,20251209,93003200,1114052,0,0,S,87000,1500,1114046,860227,
000037.SZ,000037,20251209,93003200,1114053,0,0,S,87000,1000,1114046,904088,
000037.SZ,000037,20251209,93003200,1114054,0,0,S,87000,100,1114046,983077,
000037.SZ,000037,20251209,93003200,1114055,0,0,S,87000,2000,1114046,1019766,
000037.SZ,000037,20251209,93003200,1114056,0,0,S,87000,100,1114046,1074214,
000037.SZ,000037,20251209,93003350,1121449,C,0, ,0,3200,957622,0,
000037.SZ,000037,20251209,93003430,1124707,0,0,B,87000,1000,1117791,1124706,
000037.SZ,000037,20251209,93003470,1126524,0,0,B,87000,100,1117791,1126523,
000037.SZ,000037,20251209,93003580,1132284,0,0,S,86900,500,1132283,68028,
000037.SZ,000037,20251209,93003860,1147528,0,0,S,86900,500,1147527,68028,
000037.SZ,000037,20251209,93003860,1147529,0,0,S,86900,100,1147527,213477,
000037.SZ,000037,20251209,93003860,1147530,0,0,S,86900,3000,1147527,283113,
000037.SZ,000037,20251209,93003860,1147531,0,0,S,86900,200,1147527,323049,
000037.SZ,000037,20251209,93003860,1147532,0,0,S,86900,5000,1147527,529339,
000037.SZ,000037,20251209,93003860,1147533,0,0,S,86900,500,1147527,826173,
000037.SZ,000037,20251209,93003860,1147534,0,0,S,86900,1200,1147527,1012223,
000037.SZ,000037,20251209,93003860,1147535,0,0,S,86800,600,1147527,479419,
000037.SZ,000037,20251209,93003950,1151407,0,0,B,87000,300,1117791,1151406,
000037.SZ,000037,20251209,93003950,1151408,0,0,B,87000,1200,1118152,1151406,
000037.SZ,000037,20251209,93003950,1151409,0,0,B,87000,100,1118153,1151406,
000037.SZ,000037,20251209,93004100,1159999,0,0,B,87000,1000,1118153,1159998,
000037.SZ,000037,20251209,93004100,1160000,0,0,B,87000,300,1118898,1159998,
000037.SZ,000037,20251209,93004100,1160001,0,0,B,87000,600,1119345,1159998,
000037.SZ,000037,20251209,93004100,1160002,0,0,B,87000,400,1119691,1159998,
000037.SZ,000037,20251209,93005990,1226112,0,0,S,86800,3400,1226111,479419,
000037.SZ,000037,20251209,93005990,1226113,0,0,S,86800,1000,1226111,871660,
000037.SZ,000037,20251209,93005990,1226114,0,0,S,86800,300,1226111,1011639,
000037.SZ,000037,20251209,93005990,1226115,0,0,S,86800,2000,1226111,1079241,
000037.SZ,000037,20251209,93005990,1226116,0,0,S,86700,800,1226111,265500,
000037.SZ,000037,20251209,93006180,1233638,C,0, ,0,800,1119691,0,
000037.SZ,000037,20251209,93006330,1238171,0,0,B,87000,800,1138517,1238170,
000037.SZ,000037,20251209,93006390,1239573,C,0, ,0,2000,1062318,0,
000037.SZ,000037,20251209,93007620,1274287,0,0,B,87000,700,1138517,1274286,
000037.SZ,000037,20251209,93007620,1274288,0,0,B,87000,100,1232969,1274286,
000037.SZ,000037,20251209,93008660,1294745,0,0,S,87000,400,1294744,1274286,
000037.SZ,000037,20251209,93008660,1294746,0,0,S,87000,1900,1294744,1293849,
000037.SZ,000037,20251209,93009190,1303281,0,0,S,87000,700,1303280,1293849,
000037.SZ,000037,20251209,93009250,1304366,0,0,S,87000,300,1304365,1293849,
000037.SZ,000037,20251209,93009250,1304378,0,0,S,87000,400,1304377,1293849,
000037.SZ,000037,20251209,93009300,1305207,0,0,S,87000,400,1305206,1293849,
000037.SZ,000037,20251209,93012240,1352496,C,0, ,0,100,888124,0,
000037.SZ,000037,20251209,93012840,1363766,0,0,S,87000,1300,1363765,1293849,
000037.SZ,000037,20251209,93013000,1366531,0,0,B,87000,500,1363876,1366530,
000037.SZ,000037,20251209,93013010,1366599,0,0,B,87000,100,1363876,1366598,
000037.SZ,000037,20251209,93013860,1381327,C,0, ,0,5800,1059580,0,
000037.SZ,000037,20251209,93013970,1382487,0,0,B,87000,200,1363876,1382486,
000037.SZ,000037,20251209,93014470,1388335,0,0,B,87000,400,1363876,1388334,
000037.SZ,000037,20251209,93017840,1445802,0,0,B,86900,100,1396579,1445801,
000037.SZ,000037,20251209,93022240,1514765,C,0, ,0,10000,0,899330,
000037.SZ,000037,20251209,93024870,1553707,0,0,B,86900,100,1400983,1553706,
000037.SZ,000037,20251209,93024870,1553708,0,0,B,86900,200,1408427,1553706,
000037.SZ,000037,20251209,93024870,1553709,0,0,B,86900,700,1510299,1553706,
000037.SZ,000037,20251209,93025120,1557288,0,0,S,86900,700,1557287,1553706,
000037.SZ,000037,20251209,93025480,1563875,0,0,S,86900,600,1563874,1553706,
000037.SZ,000037,20251209,93027150,1583310,0,0,S,86900,300,1583309,1553706,
000037.SZ,000037,20251209,93027150,1583312,0,0,S,86900,200,1583311,1553706,
000037.SZ,000037,20251209,93027150,1583318,0,0,S,86900,200,1583317,1553706,
000037.SZ,000037,20251209,93027150,1583324,0,0,S,86900,200,1583323,1569293,
000037.SZ,000037,20251209,93027160,1583382,C,0, ,0,900,0,1232977,
000037.SZ,000037,20251209,93027160,1583443,C,0, ,0,100,1512833,0,
000037.SZ,000037,20251209,93027750,1593982,C,0, ,0,900,0,1250271,
000037.SZ,000037,20251209,93028750,1609742,0,0,B,86900,200,1583323,1609741,
000037.SZ,000037,20251209,93030220,1629457,0,0,S,86900,700,1629456,1609741,
000037.SZ,000037,20251209,93032220,1660861,0,0,S,86900,400,1660860,1633275,
000037.SZ,000037,20251209,93032220,1660871,0,0,S,86900,100,1660870,1633275,
000037.SZ,000037,20251209,93032660,1665514,C,0, ,0,21500,1392804,0,
000037.SZ,000037,20251209,93033210,1671309,0,0,S,86900,100,1671308,1634782,
000037.SZ,000037,20251209,93033230,1671556,0,0,S,86900,200,1671555,1634782,
000037.SZ,000037,20251209,93033230,1671557,0,0,S,86900,200,1671555,1635024,
000037.SZ,000037,20251209,93033230,1671558,0,0,S,86900,200,1671555,1636284,
000037.SZ,000037,20251209,93035910,1712718,0,0,S,86900,100,1712717,1636284,
000037.SZ,000037,20251209,93037220,1739369,0,0,S,86900,300,1739368,1636284,
000037.SZ,000037,20251209,93037220,1739370,0,0,S,86900,600,1739368,1636754,
000037.SZ,000037,20251209,93037220,1739371,0,0,S,86900,400,1739368,1637831,
000037.SZ,000037,20251209,93037220,1739372,0,0,S,86900,2200,1739368,1660742,
000037.SZ,000037,20251209,93042660,1834729,C,0, ,0,500,0,965949,
000037.SZ,000037,20251209,93043370,1847830,0,0,S,86900,600,1847829,1755915,
000037.SZ,000037,20251209,93043490,1850021,0,0,S,86900,1200,1850020,1755915,
000037.SZ,000037,20251209,93043830,1855614,C,0, ,0,500,1034493,0,
000037.SZ,000037,20251209,93045410,1876319,0,0,S,86900,500,1876318,1755915,
000037.SZ,000037,20251209,93045930,1884685,C,0, ,0,1000,297631,0,
000037.SZ,000037,20251209,93046090,1886630,0,0,S,86900,600,1886629,1755915,
000037.SZ,000037,20251209,93049160,1929203,0,0,S,86900,1000,1929202,1755915,
000037.SZ,000037,20251209,93049160,1929204,0,0,S,86900,100,1929202,1756065,
000037.SZ,000037,20251209,93049500,1933565,C,0, ,0,600,0,930585,
000037.SZ,000037,20251209,93052770,1975649,0,0,S,86800,500,1975648,1235284,
000037.SZ,000037,20251209,93052770,1975650,0,0,S,86800,900,1975648,1235650,
000037.SZ,000037,20251209,93052770,1975651,0,0,S,86800,500,1975648,1290100,
000037.SZ,000037,20251209,93052770,1975652,0,0,S,86800,100,1975648,1331403,
000037.SZ,000037,20251209,93054300,1992598,C,0, ,0,1100,0,1657035,
000037.SZ,000037,20251209,93054360,1993571,0,0,B,87000,200,1363876,1993570,
000037.SZ,000037,20251209,93054580,1996068,0,0,B,87000,100,1363876,1996067,
000037.SZ,000037,20251209,93054580,1996069,0,0,B,87000,100,1411506,1996067,
000037.SZ,000037,20251209,93054580,1996070,0,0,B,87000,200,1445917,1996067,
000037.SZ,000037,20251209,93054950,2001303,0,0,B,86900,2700,2001196,2001302,
000037.SZ,000037,20251209,93055000,2001944,0,0,B,86900,100,2001196,2001943,
000037.SZ,000037,20251209,93055010,2002010,0,0,B,86900,1000,2001196,2002009,
000037.SZ,000037,20251209,93055010,2002012,0,0,B,86900,600,2001196,2002011,
000037.SZ,000037,20251209,93055030,2002183,0,0,B,86900,100,2001196,2002182,
000037.SZ,000037,20251209,93056290,2016937,0,0,S,86900,1600,2016936,2002182,
000037.SZ,000037,20251209,93056290,2016938,0,0,S,86800,100,2016936,1397602,
000037.SZ,000037,20251209,93056290,2016939,0,0,S,86800,100,2016936,1399189,
000037.SZ,000037,20251209,93056290,2016940,0,0,S,86800,400,2016936,1509177,
000037.SZ,000037,20251209,93058130,2036358,0,0,S,86800,600,2036357,1509177,
000037.SZ,000037,20251209,93058130,2036359,0,0,S,86800,200,2036357,1548863,
000037.SZ,000037,20251209,93058690,2043103,C,0, ,0,1600,787934,0,
000037.SZ,000037,20251209,93100460,2063817,0,0,B,87000,200,1445917,2063816,
000037.SZ,000037,20251209,93100710,2068247,0,0,B,87000,300,1445917,2068246,
000037.SZ,000037,20251209,93103770,2112969,0,0,B,87000,300,1445917,2112968,
000037.SZ,000037,20251209,93103770,2112970,0,0,B,87000,800,1789091,2112968,
000037.SZ,000037,20251209,93103770,2112971,0,0,B,87000,100,1791168,2112968,
000037.SZ,000037,20251209,93103770,2112972,0,0,B,87000,700,1802874,2112968,
000037.SZ,000037,20251209,93103770,2112973,0,0,B,87000,100,1929526,2112968,
000037.SZ,000037,20251209,93103770,2112974,0,0,B,87100,1200,784809,2112968,
000037.SZ,000037,20251209,93106240,2145797,C,0, ,0,1200,0,1235681,
000037.SZ,000037,20251209,93113550,2237910,0,0,B,87100,200,784809,2237909,
000037.SZ,000037,20251209,93114350,2246337,0,0,S,87000,100,2246336,2160969,
000037.SZ,000037,20251209,93114350,2246338,0,0,S,87000,100,2246336,2161238,
000037.SZ,000037,20251209,93114350,2246339,0,0,S,87000,100,2246336,2161265,
000037.SZ,000037,20251209,93114350,2246340,0,0,S,87000,400,2246336,2161390,
000037.SZ,000037,20251209,93114350,2246341,0,0,S,87000,1700,2246336,2219465,
000037.SZ,000037,20251209,93115090,2254284,C,0, ,0,2700,0,1642790,
000037.SZ,000037,20251209,93115750,2262242,0,0,B,87100,100,784809,2262241,
000037.SZ,000037,20251209,93117240,2279774,0,0,S,87000,100,2279773,2279330,
000037.SZ,000037,20251209,93117240,2279775,0,0,S,86900,100,2279773,2110001,
000037.SZ,000037,20251209,93117240,2279776,0,0,S,86900,300,2279773,2160671,
000037.SZ,000037,20251209,93121010,2316852,0,0,S,87000,100,2316851,2281435,
000037.SZ,000037,20251209,93121010,2316853,0,0,S,86900,900,2316851,2160671,
000037.SZ,000037,20251209,93121010,2316854,0,0,S,86900,700,2316851,2254997,
000037.SZ,000037,20251209,93121010,2316855,0,0,S,86900,2200,2316851,2262528,
000037.SZ,000037,20251209,93121010,2316856,0,0,S,86900,2700,2316851,2262530,
000037.SZ,000037,20251209,93121010,2316857,0,0,S,86900,2700,2316851,2287176,
000037.SZ,000037,20251209,93121010,2316858,0,0,S,86900,300,2316851,2294366,
000037.SZ,000037,20251209,93121030,2317020,0,0,B,86900,900,2316851,2317019,
000037.SZ,000037,20251209,93121030,2317022,0,0,B,86900,2200,2316851,2317021,
000037.SZ,000037,20251209,93121220,2319011,0,0,B,87100,100,784809,2319010,
000037.SZ,000037,20251209,93121220,2319013,0,0,B,87100,200,784809,2319012,
000037.SZ,000037,20251209,93121220,2319015,0,0,B,87100,100,784809,2319014,
000037.SZ,000037,20251209,93121220,2319017,0,0,B,87100,100,784809,2319016,
000037.SZ,000037,20251209,93121220,2319020,0,0,B,87100,100,784809,2319019,
000037.SZ,000037,20251209,93121220,2319022,0,0,B,87100,100,784809,2319021,
000037.SZ,000037,20251209,93121220,2319024,0,0,B,87100,100,784809,2319023,
000037.SZ,000037,20251209,93121220,2319026,0,0,B,87100,100,784809,2319025,
000037.SZ,000037,20251209,93121220,2319028,0,0,B,87100,100,784809,2319027,
000037.SZ,000037,20251209,93121220,2319030,0,0,B,87100,100,784809,2319029,
000037.SZ,000037,20251209,93121220,2319036,0,0,B,87100,100,784809,2319035,
000037.SZ,000037,20251209,93122840,2337765,C,0, ,0,400,0,2109880,
000037.SZ,000037,20251209,93123060,2340117,C,0, ,0,3100,0,2317024,
000037.SZ,000037,20251209,93123200,2341592,C,0, ,0,900,0,2317021,
000037.SZ,000037,20251209,93123530,2344429,C,0, ,0,100,0,2317031,
000037.SZ,000037,20251209,93123660,2345664,0,0,S,87000,100,2345663,2345590,
000037.SZ,000037,20251209,93123660,2345689,C,0, ,0,3100,0,2317026,
000037.SZ,000037,20251209,93124150,2349934,C,0, ,0,100,0,2317063,
000037.SZ,000037,20251209,93124160,2349982,C,0, ,0,100,0,2317042,
000037.SZ,000037,20251209,93124180,2350281,C,0, ,0,300,0,2317074,
000037.SZ,000037,20251209,93124210,2350640,C,0, ,0,8400,412621,0,
000037.SZ,000037,20251209,93124650,2355454,C,0, ,0,500,0,1548863,
000037.SZ,000037,20251209,93125230,2362404,0,0,B,87100,500,784809,2362403,
000037.SZ,000037,20251209,93125760,2369144,0,0,B,87100,500,784809,2369143,
000037.SZ,000037,20251209,93127030,2381470,C,0, ,0,100,0,2317035,
000037.SZ,000037,20251209,93127030,2381497,0,0,B,87100,200,784809,2381496,
000037.SZ,000037,20251209,93127030,2381498,0,0,B,87100,200,818964,2381496,
000037.SZ,000037,20251209,93127030,2381501,0,0,B,87100,100,818964,2381500,
000037.SZ,000037,20251209,93128770,2402165,0,0,B,87100,500,818964,2402164,
000037.SZ,000037,20251209,93128980,2404153,0,0,B,87100,400,818964,2404152,
000037.SZ,000037,20251209,93129050,2404793,0,0,S,87000,100,2404792,2345812,
000037.SZ,000037,20251209,93129050,2404794,0,0,S,87000,200,2404792,2367522,
000037.SZ,000037,20251209,93129050,2404795,0,0,S,87000,200,2404792,2382908,
000037.SZ,000037,20251209,93129050,2404796,0,0,S,87000,100,2404792,2385330,
000037.SZ,000037,20251209,93129050,2404797,0,0,S,86900,1800,2404792,2317044,
000037.SZ,000037,20251209,93129050,2404798,0,0,S,86900,100,2404792,2317229,
000037.SZ,000037,20251209,93129050,2404799,0,0,S,86900,100,2404792,2317457,
000037.SZ,000037,20251209,93129050,2404800,0,0,S,86900,100,2404792,2317503,
000037.SZ,000037,20251209,93129050,2404801,0,0,S,86900,200,2404792,2317587,
000037.SZ,000037,20251209,93129050,2404802,0,0,S,86900,300,2404792,2317867,
000037.SZ,000037,20251209,93129050,2404803,0,0,S,86900,1000,2404792,2361996,
000037.SZ,000037,20251209,93129050,2404804,0,0,S,86900,3000,2404792,2380548,
000037.SZ,000037,20251209,93129070,2404967,0,0,B,86900,200,2404792,2404966,
000037.SZ,000037,20251209,93129070,2404969,0,0,B,86900,500,2404792,2404968,
000037.SZ,000037,20251209,93129070,2404971,0,0,B,86900,1800,2404792,2404970,
000037.SZ,000037,20251209,93129070,2404974,0,0,B,86900,300,2404792,2404973,
000037.SZ,000037,20251209,93129090,2405333,0,0,B,87100,200,818964,2405332,
000037.SZ,000037,20251209,93129980,2412985,0,0,S,87000,200,2412984,2405413,
000037.SZ,000037,20251209,93130030,2413463,0,0,B,87100,300,818964,2413462,
000037.SZ,000037,20251209,93130090,2414031,C,0, ,0,300,0,2405140,
000037.SZ,000037,20251209,93131570,2432318,C,0, ,0,1500,0,2404975,
000037.SZ,000037,20251209,93131570,2432319,C,0, ,0,2700,0,2404973,
000037.SZ,000037,20251209,93131570,2432320,C,0, ,0,1300,0,2404976,
000037.SZ,000037,20251209,93131570,2432321,C,0, ,0,2300,0,2404978,
000037.SZ,000037,20251209,93131570,2432322,C,0, ,0,1600,0,2404982,
000037.SZ,000037,20251209,93131570,2432323,C,0, ,0,2000,0,2404977,
000037.SZ,000037,20251209,93131570,2432324,C,0, ,0,1900,0,2404980,
000037.SZ,000037,20251209,93131580,2432479,C,0, ,0,100,0,2405102,
000037.SZ,000037,20251209,93131580,2432503,C,0, ,0,200,0,2405064,
000037.SZ,000037,20251209,93131580,2432520,C,0, ,0,100,0,2405101,
000037.SZ,000037,20251209,93131580,2432522,C,0, ,0,100,0,2404996,
000037.SZ,000037,20251209,93131590,2432525,C,0, ,0,2700,0,2405132,
000037.SZ,000037,20251209,93132030,2437798,0,0,S,87000,300,2437797,2405413,
000037.SZ,000037,20251209,93132150,2439143,0,0,B,87000,1200,2437797,2439142,
000037.SZ,000037,20251209,93132270,2440543,C,0, ,0,2800,0,2405193,
000037.SZ,000037,20251209,93133030,2447559,0,0,B,87000,200,2437797,2447558,
000037.SZ,000037,20251209,93133040,2447701,0,0,B,87000,100,2437797,2447700,
000037.SZ,000037,20251209,93134010,2457425,0,0,B,87000,500,2437797,2457424,
000037.SZ,000037,20251209,93135070,2469064,C,0, ,0,100,0,2405098,
000037.SZ,000037,20251209,93135110,2469422,C,0, ,0,100,0,2405026,
000037.SZ,000037,20251209,93135110,2469472,0,0,B,87000,100,2437797,2469471,
000037.SZ,000037,20251209,93135920,2477121,C,0, ,0,500,473206,0,
000037.SZ,000037,20251209,93136220,2480248,0,0,B,87000,100,2437797,2480247,
000037.SZ,000037,20251209,93136450,2482737,0,0,B,87000,5900,2437797,2482736,
000037.SZ,000037,20251209,93137280,2492380,C,0, ,0,1200,0,1915139,
000037.SZ,000037,20251209,93138600,2506101,0,0,S,87000,100,2506100,2482736,
000037.SZ,000037,20251209,93138600,2506102,0,0,S,86900,1000,2506100,2436757,
000037.SZ,000037,20251209,93138930,2508767,C,0, ,0,1300,0,1641358,
000037.SZ,000037,20251209,93139340,2513077,C,0, ,0,3700,0,2184512,
000037.SZ,000037,20251209,93140470,2526783,0,0,S,87000,300,2526782,2506298,
000037.SZ,000037,20251209,93141600,2538566,0,0,B,87000,100,2526782,2538565,
000037.SZ,000037,20251209,93142470,2547790,C,0, ,0,500,0,2259683,
000037.SZ,000037,20251209,93143930,2564067,0,0,S,87000,100,2564066,2538565,
000037.SZ,000037,20251209,93146430,2592401,0,0,B,87000,1800,2564066,2592400,
000037.SZ,000037,20251209,93146430,2592402,0,0,B,87000,1200,2565151,2592400,
000037.SZ,000037,20251209,93146790,2596196,0,0,B,87000,800,2565151,2596195,
000037.SZ,000037,20251209,93147340,2601816,0,0,B,87000,1600,2565151,2601815,
000037.SZ,000037,20251209,93148180,2610036,C,0, ,0,500,0,1770336,
000037.SZ,000037,20251209,93149110,2621183,C,0, ,0,300,0,2279056,
000037.SZ,000037,20251209,93152100,2652300,C,0, ,0,2000,0,2436757,
000037.SZ,000037,20251209,93156850,2703205,C,0, ,0,3000,0,2124224,
000037.SZ,000037,20251209,93201240,2752798,0,0,B,87000,2200,2565151,2752797,
000037.SZ,000037,20251209,93202730,2768954,0,0,B,87000,500,2565151,2768953,
000037.SZ,000037,20251209,93208350,2828522,0,0,S,86900,400,2828521,2448916,
000037.SZ,000037,20251209,93208350,2828523,0,0,S,86900,300,2828521,2461055,
000037.SZ,000037,20251209,93210210,2846844,C,0, ,0,5000,906877,0,
000037.SZ,000037,20251209,93214880,2899196,C,0, ,0,4000,227738,0,
000037.SZ,000037,20251209,93216440,2918704,0,0,S,86900,100,2918703,2461055,
000037.SZ,000037,20251209,93216610,2920872,0,0,S,86900,300,2920871,2461055,
000037.SZ,000037,20251209,93216610,2920873,0,0,S,86900,200,2920871,2469222,
000037.SZ,000037,20251209,93216610,2920874,0,0,S,86900,100,2920871,2469224,
000037.SZ,000037,20251209,93216610,2920875,0,0,S,86900,200,2920871,2469239,
000037.SZ,000037,20251209,93216610,2920876,0,0,S,86900,100,2920871,2469240,
000037.SZ,000037,20251209,93216880,2923846,0,0,B,87000,4000,2565151,2923845,
000037.SZ,000037,20251209,93219510,2951824,C,0, ,0,500,2570058,0,
000037.SZ,000037,20251209,93226630,3017740,C,0, ,0,400,2216803,0,
000037.SZ,000037,20251209,93226650,3017834,0,0,S,86900,100,3017833,2469240,
000037.SZ,000037,20251209,93226650,3017835,0,0,S,86900,600,3017833,2511300,
000037.SZ,000037,20251209,93228310,3032617,0,0,S,86900,300,3032616,2511300,
000037.SZ,000037,20251209,93228310,3032618,0,0,S,86900,100,3032616,2526989,
000037.SZ,000037,20251209,93228880,3037725,0,0,B,87000,400,2565151,3037724,
000037.SZ,000037,20251209,93229430,3042134,0,0,S,86900,400,3042133,2585966,
000037.SZ,000037,20251209,93230280,3049832,C,0, ,0,300,0,2623206,
000037.SZ,000037,20251209,93230610,3053272,C,0, ,0,200,0,2646928,
000037.SZ,000037,20251209,93230700,3054422,0,0,B,87000,200,2565151,3054421,
000037.SZ,000037,20251209,93231040,3057445,C,0, ,0,100,0,2834663,
000037.SZ,000037,20251209,93231260,3059632,C,0, ,0,100,851171,0,
000037.SZ,000037,20251209,93231280,3059976,0,0,B,87000,200,2565151,3059975,
000037.SZ,000037,20251209,93231280,3059977,0,0,B,87000,100,2603985,3059975,
000037.SZ,000037,20251209,93231600,3063496,0,0,B,87000,200,2603985,3063495,
000037.SZ,000037,20251209,93232020,3067337,0,0,B,87000,100,2603985,3067336,
000037.SZ,000037,20251209,93232040,3067592,0,0,B,87000,100,2603985,3067591,
000037.SZ,000037,20251209,93232260,3069475,0,0,B,87000,200,2661564,3069474,
000037.SZ,000037,20251209,93232260,3069509,0,0,B,87000,300,2661564,3069508,
000037.SZ,000037,20251209,93232270,3069582,0,0,B,87000,100,2661564,3069581,
000037.SZ,000037,20251209,93232270,3069583,0,0,B,87000,100,2735466,3069581,
000037.SZ,000037,20251209,93232270,3069591,0,0,B,87000,200,2735466,3069590,
000037.SZ,000037,20251209,93232440,3071281,0,0,S,86900,100,3071280,2585966,
000037.SZ,000037,20251209,93235540,3099639,0,0,S,86900,1200,3099638,2585966,
000037.SZ,000037,20251209,93236690,3109339,0,0,S,86900,1000,3109338,2585966,
000037.SZ,000037,20251209,93236690,3109340,0,0,S,86900,100,3109338,2601933,
000037.SZ,000037,20251209,93236690,3109341,0,0,S,86900,100,3109338,2601936,
000037.SZ,000037,20251209,93240560,3145892,0,0,S,86900,100,3145891,2602030,
000037.SZ,000037,20251209,93240560,3145893,0,0,S,86900,1200,3145891,2634814,
000037.SZ,000037,20251209,93240560,3145894,0,0,S,86900,300,3145891,2716954,
000037.SZ,000037,20251209,93240560,3145895,0,0,S,86900,3700,3145891,2731788,
000037.SZ,000037,20251209,93240560,3145896,0,0,S,86900,200,3145891,2819662,
000037.SZ,000037,20251209,93240560,3145897,0,0,S,86900,300,3145891,2819669,
000037.SZ,000037,20251209,93240560,3145898,0,0,S,86900,100,3145891,2819731,
000037.SZ,000037,20251209,93240560,3145899,0,0,S,86900,100,3145891,2819735,
000037.SZ,000037,20251209,93240560,3145900,0,0,S,86900,700,3145891,2819761,
000037.SZ,000037,20251209,93240560,3145901,0,0,S,86900,1000,3145891,2843865,
000037.SZ,000037,20251209,93240560,3145902,0,0,S,86900,100,3145891,2878997,
000037.SZ,000037,20251209,93240560,3145903,0,0,S,86900,100,3145891,2951985,
000037.SZ,000037,20251209,93240560,3145904,0,0,S,86900,300,3145891,2965676,
000037.SZ,000037,20251209,93240560,3145905,0,0,S,86900,300,3145891,3021626,
000037.SZ,000037,20251209,93240560,3145906,0,0,S,86900,600,3145891,3030634,
000037.SZ,000037,20251209,93240560,3145907,0,0,S,86900,100,3145891,3030785,
000037.SZ,000037,20251209,93240560,3145908,0,0,S,86900,100,3145891,3057656,
000037.SZ,000037,20251209,93240560,3145909,0,0,S,86900,100,3145891,3067469,
000037.SZ,000037,20251209,93240560,3145910,0,0,S,86900,300,3145891,3099795,
000037.SZ,000037,20251209,93240560,3145911,0,0,S,86900,900,3145891,3120668,
000037.SZ,000037,20251209,93240620,3146418,0,0,B,86900,100,3145891,3146417,
000037.SZ,000037,20251209,93242030,3158740,0,0,B,86900,3300,3145891,3158739,
000037.SZ,000037,20251209,93242030,3158741,0,0,B,86900,700,3158323,3158739,
000037.SZ,000037,20251209,93242530,3164267,0,0,S,86900,800,3164266,3158739,
000037.SZ,000037,20251209,93244030,3177943,C,0, ,0,1500,0,962343,
000037.SZ,000037,20251209,93244520,3181710,C,0, ,0,3300,0,494934,
000037.SZ,000037,20251209,93245020,3185518,0,0,S,86900,100,3185517,3158739,
000037.SZ,000037,20251209,93245160,3186734,0,0,B,87000,100,2735466,3186733,
000037.SZ,000037,20251209,93245850,3192783,0,0,B,87000,100,2735466,3192782,
000037.SZ,000037,20251209,93248150,3211660,0,0,B,87000,100,2735466,3211659,
000037.SZ,000037,20251209,93248150,3211688,0,0,B,87000,100,2735466,3211687,
000037.SZ,000037,20251209,93248150,3211695,0,0,B,87000,100,2735466,3211694,
000037.SZ,000037,20251209,93248160,3211742,0,0,B,87000,1300,2735466,3211741,
000037.SZ,000037,20251209,93248190,3212032,0,0,B,87000,100,2735466,3212031,
000037.SZ,000037,20251209,93248200,3212183,0,0,B,87000,200,2735466,3212182,
000037.SZ,000037,20251209,93248200,3212184,0,0,B,87000,700,2741229,3212182,
000037.SZ,000037,20251209,93248260,3212602,0,0,B,87000,500,2741229,3212601,
000037.SZ,000037,20251209,93248790,3217190,0,0,B,87000,200,2741229,3217189,
000037.SZ,000037,20251209,93248790,3217191,0,0,B,87000,500,2828384,3217189,
000037.SZ,000037,20251209,93248790,3217192,0,0,B,87000,100,2893911,3217189,
000037.SZ,000037,20251209,93248790,3217193,0,0,B,87000,100,2894043,3217189,
000037.SZ,000037,20251209,93249220,3220782,0,0,S,86900,100,3220781,3158739,
000037.SZ,000037,20251209,93250300,3230250,0,0,S,86900,500,3230249,3158739,
000037.SZ,000037,20251209,93254180,3262351,0,0,B,87000,100,2894136,3262350,
000037.SZ,000037,20251209,93254180,3262353,0,0,B,87000,100,3058487,3262352,
000037.SZ,000037,20251209,93254180,3262355,0,0,B,87000,100,3058487,3262354,
000037.SZ,000037,20251209,93254180,3262357,0,0,B,87000,100,3058487,3262356,
000037.SZ,000037,20251209,93254180,3262361,0,0,B,87000,100,3058487,3262360,
000037.SZ,000037,20251209,93257150,3288781,0,0,B,87000,200,3058487,3288780,
000037.SZ,000037,20251209,93257150,3288783,0,0,B,87000,100,3058487,3288782,
000037.SZ,000037,20251209,93257150,3288790,0,0,B,87000,100,3058487,3288789,
000037.SZ,000037,20251209,93300200,3314951,0,0,B,87000,100,3058487,3314950,
000037.SZ,000037,20251209,93301600,3330135,0,0,S,86900,100,3330134,3158884,
000037.SZ,000037,20251209,93302900,3341232,0,0,B,87000,100,3058487,3341231,
000037.SZ,000037,20251209,93302900,3341233,0,0,B,87000,400,3113964,3341231,
000037.SZ,000037,20251209,93305150,3363430,0,0,S,86900,100,3363429,3158908,
000037.SZ,000037,20251209,93305150,3363431,0,0,S,86900,100,3363429,3171176,
000037.SZ,000037,20251209,93305150,3363432,0,0,S,86900,100,3363429,3171288,
000037.SZ,000037,20251209,93305150,3363433,0,0,S,86900,100,3363429,3171296,
000037.SZ,000037,20251209,93305150,3363434,0,0,S,86900,100,3363429,3171375,
000037.SZ,000037,20251209,93305150,3363435,0,0,S,86900,6000,3363429,3178388,
000037.SZ,000037,20251209,93305150,3363436,0,0,S,86900,100,3363429,3183958,
000037.SZ,000037,20251209,93305150,3363437,0,0,S,86900,100,3363429,3185697,
000037.SZ,000037,20251209,93305150,3363438,0,0,S,86900,300,3363429,3212033,
000037.SZ,000037,20251209,93305150,3363439,0,0,S,86900,700,3363429,3243246,
000037.SZ,000037,20251209,93305150,3363440,0,0,S,86900,1500,3363429,3298693,
000037.SZ,000037,20251209,93306910,3380073,0,0,S,86900,500,3380072,3298693,
000037.SZ,000037,20251209,93310930,3418420,0,0,B,87000,700,3113964,3418419,
000037.SZ,000037,20251209,93315700,3460597,0,0,B,87000,100,3113964,3460596,
000037.SZ,000037,20251209,93317680,3477139,C,0, ,0,200,0,3101617,
000037.SZ,000037,20251209,93319000,3488288,0,0,S,86900,1000,3488287,3298693,
000037.SZ,000037,20251209,93320170,3499440,C,0, ,0,7000,2451908,0,
000037.SZ,000037,20251209,93326160,3551172,0,0,S,86900,200,3551171,3408687,
000037.SZ,000037,20251209,93329280,3577093,0,0,B,87000,500,3113964,3577092,
000037.SZ,000037,20251209,93329970,3581783,0,0,B,87000,100,3113964,3581782,
000037.SZ,000037,20251209,93334770,3623392,C,0, ,0,1700,0,2004678,
000037.SZ,000037,20251209,93337830,3649289,0,0,S,86900,500,3649288,3408687,
000037.SZ,000037,20251209,93337830,3649290,0,0,S,86900,100,3649288,3408837,
000037.SZ,000037,20251209,93337830,3649291,0,0,S,86900,200,3649288,3411069,
000037.SZ,000037,20251209,93337830,3649292,0,0,S,86900,400,3649288,3414759,
000037.SZ,000037,20251209,93339400,3665127,0,0,B,87000,200,3113964,3665126,
000037.SZ,000037,20251209,93339400,3665128,0,0,B,87000,2500,3266881,3665126,
000037.SZ,000037,20251209,93339400,3665129,0,0,B,87000,1600,3278677,3665126,
000037.SZ,000037,20251209,93339400,3665130,0,0,B,87000,100,3471539,3665126,
000037.SZ,000037,20251209,93339400,3665131,0,0,B,87000,2400,3478492,3665126,
000037.SZ,000037,20251209,93339410,3665296,0,0,S,86900,700,3665295,3414759,
000037.SZ,000037,20251209,93340420,3675273,C,0, ,0,1300,0,2498753,
000037.SZ,000037,20251209,93343820,3705967,0,0,S,86900,2400,3705966,3414759,
000037.SZ,000037,20251209,93343820,3705968,0,0,S,86900,600,3705966,3418553,
000037.SZ,000037,20251209,93349400,3756022,0,0,B,87000,300,3478492,3756021,
000037.SZ,000037,20251209,93350860,3767830,0,0,B,87000,1000,3478492,3767829,
000037.SZ,000037,20251209,93350860,3767831,0,0,B,87000,200,3524321,3767829,
000037.SZ,000037,20251209,93350860,3767832,0,0,B,87000,1000,3638050,3767829,
000037.SZ,000037,20251209,93350860,3767833,0,0,B,87000,100,3684591,3767829,
000037.SZ,000037,20251209,93350860,3767834,0,0,B,87000,5300,3728896,3767829,
000037.SZ,000037,20251209,93350860,3767835,0,0,B,87000,1400,3757242,3767829,
000037.SZ,000037,20251209,93350890,3768052,C,0, ,0,100,0,1250979,
000037.SZ,000037,20251209,93351010,3768782,C,0, ,0,100,0,3158438,
000037.SZ,000037,20251209,93351020,3768836,C,0, ,0,100,0,3146107,
000037.SZ,000037,20251209,93351250,3770980,0,0,S,87000,500,3770979,3768098,
000037.SZ,000037,20251209,93353160,3787960,0,0,S,87000,3400,3787959,3768098,
000037.SZ,000037,20251209,93353160,3787961,0,0,S,87000,2000,3787959,3768099,
000037.SZ,000037,20251209,93353160,3787962,0,0,S,87000,100,3787959,3768691,
000037.SZ,000037,20251209,93353160,3787963,0,0,S,87000,100,3787959,3769754,
000037.SZ,000037,20251209,93354230,3795828,0,0,S,87000,100,3795827,3779087,
000037.SZ,000037,20251209,93354230,3795829,0,0,S,87000,100,3795827,3779207,
000037.SZ,000037,20251209,93354230,3795830,0,0,S,87000,100,3795827,3779269,
000037.SZ,000037,20251209,93354330,3796721,0,0,S,86900,300,3796720,3418553,
000037.SZ,000037,20251209,93355480,3806486,0,0,S,87000,100,3806485,3801886,
000037.SZ,000037,20251209,93355480,3806487,0,0,S,87000,100,3806485,3804931,
000037.SZ,000037,20251209,93355480,3806488,0,0,S,86900,100,3806485,3418553,
000037.SZ,000037,20251209,93355480,3806489,0,0,S,86900,400,3806485,3422189,
000037.SZ,000037,20251209,93355480,3806490,0,0,S,86900,300,3806485,3422324,
000037.SZ,000037,20251209,93357340,3820361,C,0, ,0,800,3771955,0,
000037.SZ,000037,20251209,93357350,3820476,0,0,S,87000,100,3820475,3819950,
000037.SZ,000037,20251209,93357350,3820477,0,0,S,86900,800,3820475,3422324,
000037.SZ,000037,20251209,93358250,3827816,0,0,B,87000,100,3827771,3827815,
000037.SZ,000037,20251209,93358250,3827819,0,0,B,87000,400,3827771,3827818,
000037.SZ,000037,20251209,93358250,3827860,0,0,B,87000,500,3827771,3827859,
000037.SZ,000037,20251209,93359350,3836444,C,0, ,0,500,0,3827859,
000037.SZ,000037,20251209,93400840,3849329,0,0,B,87100,100,818964,3849328,
000037.SZ,000037,20251209,93400860,3849617,0,0,B,87100,100,818964,3849616,
000037.SZ,000037,20251209,93400890,3850242,0,0,B,87100,200,818964,3850241,
000037.SZ,000037,20251209,93401760,3859323,0,0,B,87100,100,818964,3859322,
000037.SZ,000037,20251209,93402150,3862743,0,0,B,87100,200,818964,3862742,
000037.SZ,000037,20251209,93402440,3865083,C,0, ,0,900,0,3120665,
000037.SZ,000037,20251209,93402570,3866226,C,0, ,0,100,0,3609234,
000037.SZ,000037,20251209,93403820,3876621,0,0,B,87100,1800,818964,3876620,
000037.SZ,000037,20251209,93403820,3876632,0,0,B,87100,400,818964,3876631,
000037.SZ,000037,20251209,93403820,3876633,0,0,B,87100,1600,2638071,3876631,
000037.SZ,000037,20251209,93403820,3876634,0,0,B,87100,1600,3853771,3876631,
000037.SZ,000037,20251209,93404920,3885733,C,0, ,0,1800,0,3876631,
000037.SZ,000037,20251209,93405260,3888613,0,0,B,87200,100,742248,3888612,
000037.SZ,000037,20251209,93405970,3893482,0,0,B,87200,100,742248,3893481,
000037.SZ,000037,20251209,93406160,3895139,0,0,B,87200,700,742248,3895138,
000037.SZ,000037,20251209,93406160,3895159,0,0,B,87200,100,742248,3895158,
000037.SZ,000037,20251209,93406160,3895161,0,0,B,87200,200,742248,3895160,
000037.SZ,000037,20251209,93406160,3895163,0,0,B,87200,100,742248,3895162,
000037.SZ,000037,20251209,93406160,3895165,0,0,B,87200,800,742248,3895164,
000037.SZ,000037,20251209,93406160,3895167,0,0,B,87200,100,742248,3895166,
000037.SZ,000037,20251209,93406160,3895177,0,0,B,87200,200,742248,3895176,
000037.SZ,000037,20251209,93406160,3895182,0,0,B,87200,400,742248,3895181,
000037.SZ,000037,20251209,93406160,3895184,0,0,B,87200,100,742248,3895183,
000037.SZ,000037,20251209,93406160,3895186,0,0,B,87200,300,742248,3895185,
000037.SZ,000037,20251209,93406160,3895188,0,0,B,87200,100,742248,3895187,
000037.SZ,000037,20251209,93406160,3895191,0,0,B,87200,300,742248,3895190,
000037.SZ,000037,20251209,93408060,3911591,C,0, ,0,900,0,3865140,
000037.SZ,000037,20251209,93408060,3911593,C,0, ,0,700,0,3234535,
000037.SZ,000037,20251209,93408060,3911594,C,0, ,0,1500,0,3624654,
000037.SZ,000037,20251209,93408060,3911595,C,0, ,0,700,0,3496633,
000037.SZ,000037,20251209,93408060,3911596,C,0, ,0,1100,0,3624658,
000037.SZ,000037,20251209,93408070,3911692,C,0, ,0,1100,0,3865085,
000037.SZ,000037,20251209,93408140,3912320,0,0,B,87300,200,259169,3912319,
000037.SZ,000037,20251209,93408140,3912321,0,0,B,87300,100,277494,3912319,
000037.SZ,000037,20251209,93408140,3912322,0,0,B,87300,500,3159819,3912319,
000037.SZ,000037,20251209,93408140,3912323,0,0,B,87300,400,3597828,3912319,
000037.SZ,000037,20251209,93409140,3919685,0,0,B,87300,1800,3597828,3919684,
000037.SZ,000037,20251209,93409220,3920194,0,0,B,87300,1400,3597828,3920193,
000037.SZ,000037,20251209,93409330,3921260,0,0,B,87300,100,3597828,3921259,
000037.SZ,000037,20251209,93409990,3926865,0,0,S,87200,700,3926864,3895192,
000037.SZ,000037,20251209,93410720,3933116,0,0,S,87200,200,3933115,3895192,
000037.SZ,000037,20251209,93411380,3937521,0,0,S,87200,600,3937520,3895192,
000037.SZ,000037,20251209,93412160,3942891,C,0, ,0,400,0,3895192,
000037.SZ,000037,20251209,93412160,3942900,C,0, ,0,900,0,3895242,
000037.SZ,000037,20251209,93412160,3942904,C,0, ,0,200,0,3895246,
000037.SZ,000037,20251209,93412160,3942906,C,0, ,0,100,0,3895243,
000037.SZ,000037,20251209,93412160,3942907,C,0, ,0,600,0,3895248,
000037.SZ,000037,20251209,93412190,3943122,C,0, ,0,400,0,3895506,
000037.SZ,000037,20251209,93412190,3943125,C,0, ,0,200,0,3895806,
000037.SZ,000037,20251209,93412190,3943133,C,0, ,0,500,0,3895559,
000037.SZ,000037,20251209,93412200,3943167,C,0, ,0,100,0,3895597,
000037.SZ,000037,20251209,93412200,3943168,C,0, ,0,400,0,3895598,
000037.SZ,000037,20251209,93412200,3943186,C,0, ,0,200,0,3895634,
000037.SZ,000037,20251209,93412200,3943191,C,0, ,0,700,0,3895819,
000037.SZ,000037,20251209,93412200,3943192,C,0, ,0,100,0,3895656,
000037.SZ,000037,20251209,93412220,3943357,C,0, ,0,400,0,3895587,
000037.SZ,000037,20251209,93412260,3943760,C,0, ,0,100,0,3896545,
000037.SZ,000037,20251209,93414550,3962394,0,0,S,87200,700,3962393,3911635,
000037.SZ,000037,20251209,93414600,3962827,C,0, ,0,600,0,3639987,
000037.SZ,000037,20251209,93415880,3972344,C,0, ,0,1600,0,2029554,
000037.SZ,000037,20251209,93416520,3977824,0,0,B,87300,2000,3597828,3977823,
000037.SZ,000037,20251209,93421110,4012676,C,0, ,0,200,0,3851664,
000037.SZ,000037,20251209,93421110,4012677,C,0, ,0,100,0,3851662,
000037.SZ,000037,20251209,93423190,4030517,0,0,B,87300,1300,3597828,4030516,
000037.SZ,000037,20251209,93423190,4030518,0,0,B,87300,100,3956054,4030516,
000037.SZ,000037,20251209,93423190,4030519,0,0,B,87300,100,3956073,4030516,
000037.SZ,000037,20251209,93423190,4030520,0,0,B,87400,100,3114758,4030516,
000037.SZ,000037,20251209,93424860,4043000,0,0,B,87300,100,4042919,4042999,
000037.SZ,000037,20251209,93426450,4055260,C,0, ,0,700,0,3979022,
000037.SZ,000037,20251209,93426870,4057985,C,0, ,0,1900,1018496,0,
000037.SZ,000037,20251209,93431620,4092562,C,0, ,0,2000,0,3311098,
000037.SZ,000037,20251209,93432460,4098781,C,0, ,0,700,0,4055308,
000037.SZ,000037,20251209,93433880,4110484,0,0,B,87300,500,4087940,4110483,
000037.SZ,000037,20251209,93434680,4117160,0,0,S,87200,300,4117159,3911635,
000037.SZ,000037,20251209,93434680,4117161,0,0,S,87200,200,4117159,3962344,
000037.SZ,000037,20251209,93434680,4117162,0,0,S,87200,200,4117159,4017917,
000037.SZ,000037,20251209,93439830,4154400,C,0, ,0,10000,0,3262022,
000037.SZ,000037,20251209,93439850,4154529,C,0, ,0,500,0,3454863,
000037.SZ,000037,20251209,93444850,4193747,0,0,B,87300,100,4087940,4193746,
000037.SZ,000037,20251209,93448140,4218279,C,0, ,0,900,0,3880745,
000037.SZ,000037,20251209,93452540,4253550,C,0, ,0,2000,832278,0,
000037.SZ,000037,20251209,93452670,4254867,C,0, ,0,2300,0,3340319,
000037.SZ,000037,20251209,93457880,4292285,C,0, ,0,1500,1012610,0,
000037.SZ,000037,20251209,93459290,4303710,0,0,S,87200,1000,4303709,4017917,
000037.SZ,000037,20251209,93459290,4303755,0,0,B,87300,200,4110067,4303754,
000037.SZ,000037,20251209,93459360,4304234,C,0, ,0,3500,0,3843922,
000037.SZ,000037,20251209,93459670,4306503,C,0, ,0,2000,0,2378477,
000037.SZ,000037,20251209,93459880,4307626,C,0, ,0,900,1094525,0,
000037.SZ,000037,20251209,93502350,4333098,0,0,S,87200,2000,4333097,4166169,
000037.SZ,000037,20251209,93502350,4333099,0,0,S,87200,100,4333097,4186886,
000037.SZ,000037,20251209,93502350,4333100,0,0,S,87200,400,4333097,4222161,
000037.SZ,000037,20251209,93503570,4344158,0,0,B,87300,1000,4110067,4344157,
000037.SZ,000037,20251209,93503570,4344159,0,0,B,87300,500,4177164,4344157,
000037.SZ,000037,20251209,93504000,4348227,0,0,B,87300,100,4344325,4348226,
000037.SZ,000037,20251209,93504850,4358336,C,0, ,0,100,0,3507029,
000037.SZ,000037,20251209,93505010,4359666,0,0,B,87300,100,4344350,4359665,
000037.SZ,000037,20251209,93505030,4359959,0,0,B,87400,2900,3114758,4359958,
000037.SZ,000037,20251209,93505030,4359960,0,0,B,87400,3000,4172296,4359958,
000037.SZ,000037,20251209,93505030,4359961,0,0,B,87400,3000,4305646,4359958,
000037.SZ,000037,20251209,93505030,4359962,0,0,B,87400,1500,4350259,4359958,
000037.SZ,000037,20251209,93506150,4371151,C,0, ,0,100,0,3879773,
000037.SZ,000037,20251209,93506150,4371155,C,0, ,0,300,0,2025508,
000037.SZ,000037,20251209,93506150,4371168,C,0, ,0,200,0,2025272,
000037.SZ,000037,20251209,93506360,4373817,C,0, ,0,700,0,3911636,
000037.SZ,000037,20251209,93506360,4373819,C,0, ,0,1100,0,3911638,
000037.SZ,000037,20251209,93506360,4373823,C,0, ,0,1600,0,3911765,
000037.SZ,000037,20251209,93506360,4373824,C,0, ,0,700,0,4098802,
000037.SZ,000037,20251209,93506360,4373825,C,0, ,0,1100,0,4098782,
000037.SZ,000037,20251209,93506360,4373826,C,0, ,0,1600,0,4300807,
000037.SZ,000037,20251209,93506360,4373828,C,0, ,0,2300,0,4300806,
000037.SZ,000037,20251209,93506380,4373988,0,0,S,87400,200,4373987,4372681,
000037.SZ,000037,20251209,93506380,4373989,0,0,S,87300,200,4373987,4359668,
000037.SZ,000037,20251209,93506380,4373990,0,0,S,87300,200,4373987,4359703,
000037.SZ,000037,20251209,93506380,4373991,0,0,S,87300,100,4373987,4359704,
000037.SZ,000037,20251209,93506380,4373992,0,0,S,87300,800,4373987,4372615,
000037.SZ,000037,20251209,93506380,4373993,0,0,S,87300,400,4373987,4373846,
000037.SZ,000037,20251209,93506380,4373994,0,0,S,87300,1100,4373987,4373847,
000037.SZ,000037,20251209,93506380,4374003,C,0, ,0,900,0,3911631,
000037.SZ,000037,20251209,93506380,4374004,C,0, ,0,700,0,3911634,
000037.SZ,000037,20251209,93506490,4374961,C,0, ,0,200,0,3882742,
000037.SZ,000037,20251209,93507860,4389728,C,0, ,0,100,0,4348326,
000037.SZ,000037,20251209,93515160,4461483,0,0,S,87400,1500,4461482,4374059,
000037.SZ,000037,20251209,93515170,4461559,0,0,S,87400,200,4461558,4401595,
000037.SZ,000037,20251209,93516270,4473169,0,0,S,87400,100,4473168,4401595,
000037.SZ,000037,20251209,93516270,4473170,0,0,S,87400,200,4473168,4401698,
000037.SZ,000037,20251209,93517020,4480188,0,0,B,87400,700,4473168,4480187,
000037.SZ,000037,20251209,93517020,4480189,0,0,B,87400,1300,4473217,4480187,
000037.SZ,000037,20251209,93517020,4480190,0,0,B,87400,1200,4473236,4480187,
000037.SZ,000037,20251209,93517310,4482966,0,0,S,87400,100,4482965,4480187,
000037.SZ,000037,20251209,93518660,4493793,0,0,B,87400,3400,4482965,4493792,
000037.SZ,000037,20251209,93518670,4493850,0,0,S,87400,1000,4493849,4493792,
000037.SZ,000037,20251209,93519410,4499827,0,0,B,87500,3000,501559,4499826,
000037.SZ,000037,20251209,93519690,4502126,C,0, ,0,2400,3219738,0,
000037.SZ,000037,20251209,93522420,4522791,C,0, ,0,500,4479405,0,
000037.SZ,000037,20251209,93524300,4536758,0,0,S,87400,1000,4536757,4493792,
000037.SZ,000037,20251209,93524310,4536849,0,0,S,87400,500,4536848,4493792,
000037.SZ,000037,20251209,93525000,4543208,0,0,S,87400,900,4543207,4493792,
000037.SZ,000037,20251209,93525000,4543209,0,0,S,87400,300,4543207,4513021,
000037.SZ,000037,20251209,93525000,4543210,0,0,S,87400,1500,4543207,4536354,
000037.SZ,000037,20251209,93525020,4543344,0,0,S,87400,100,4543343,4536354,
000037.SZ,000037,20251209,93528110,4566417,0,0,S,87400,300,4566416,4536354,
000037.SZ,000037,20251209,93529610,4578448,0,0,S,87400,400,4578447,4536354,
000037.SZ,000037,20251209,93529640,4578560,0,0,S,87400,1200,4578559,4536354,
000037.SZ,000037,20251209,93529640,4578584,0,0,S,87400,200,4578583,4536354,
000037.SZ,000037,20251209,93531760,4595762,0,0,B,87500,2600,501559,4595761,
000037.SZ,000037,20251209,93536080,4630634,C,0, ,0,100,0,4595877,
000037.SZ,000037,20251209,93536080,4630677,C,0, ,0,100,0,4595907,
000037.SZ,000037,20251209,93536080,4630680,C,0, ,0,100,0,4596005,
000037.SZ,000037,20251209,93538300,4650365,C,0, ,0,200,4471779,0,
000037.SZ,000037,20251209,93539000,4655843,C,0, ,0,500,0,2573477,
000037.SZ,000037,20251209,93539640,4662364,C,0, ,0,5700,0,2201056,
000037.SZ,000037,20251209,93539740,4663223,C,0, ,0,5700,0,1988565,
000037.SZ,000037,20251209,93540870,4675352,0,0,B,87500,100,501559,4675351,
000037.SZ,000037,20251209,93542150,4687409,0,0,S,87300,200,4687408,4373847,
000037.SZ,000037,20251209,93543440,4699031,0,0,B,87500,300,501559,4699030,
000037.SZ,000037,20251209,93543440,4699032,0,0,B,87500,200,4261029,4699030,
000037.SZ,000037,20251209,93544760,4710188,0,0,B,87500,100,4261029,4710187,
000037.SZ,000037,20251209,93546610,4729990,C,0, ,0,500,0,2293929,
000037.SZ,000037,20251209,93548200,4745334,0,0,S,87300,100,4745333,4373847,
000037.SZ,000037,20251209,93548900,4753451,C,0, ,0,100,1021073,0,
000037.SZ,000037,20251209,93549180,4757178,C,0, ,0,700,0,1929519,
000037.SZ,000037,20251209,93550090,4766805,0,0,B,87400,200,4763655,4766804,
000037.SZ,000037,20251209,93550120,4767094,0,0,B,87400,100,4763655,4767093,
000037.SZ,000037,20251209,93551010,4773685,0,0,B,87400,100,4763655,4773684,
000037.SZ,000037,20251209,93551010,4773687,0,0,B,87400,100,4763655,4773686,
000037.SZ,000037,20251209,93551010,4773697,0,0,B,87400,100,4763655,4773696,
000037.SZ,000037,20251209,93551010,4773706,0,0,B,87400,100,4763655,4773705,
000037.SZ,000037,20251209,93551010,4773709,0,0,B,87400,100,4763655,4773708,
000037.SZ,000037,20251209,93551010,4773712,0,0,B,87400,100,4763655,4773711,
000037.SZ,000037,20251209,93551010,4773714,0,0,B,87400,100,4763655,4773713,
000037.SZ,000037,20251209,93551010,4773723,0,0,B,87400,100,4763655,4773722,
000037.SZ,000037,20251209,93551020,4773762,0,0,B,87400,100,4763655,4773761,
000037.SZ,000037,20251209,93551150,4774626,0,0,B,87400,100,4763655,4774625,
000037.SZ,000037,20251209,93551150,4774653,0,0,S,87300,200,4774652,4373847,
000037.SZ,000037,20251209,93551180,4775033,0,0,B,87400,100,4763655,4775032,
000037.SZ,000037,20251209,93551220,4775509,0,0,B,87400,100,4763655,4775508,
000037.SZ,000037,20251209,93551220,4775516,0,0,B,87400,100,4763655,4775515,
000037.SZ,000037,20251209,93551330,4777143,0,0,B,87400,100,4763655,4777142,
000037.SZ,000037,20251209,93551390,4777600,0,0,B,87400,100,4763655,4777599,
000037.SZ,000037,20251209,93551470,4778294,0,0,B,87400,100,4763655,4778293,
000037.SZ,000037,20251209,93551470,4778296,0,0,B,87400,100,4763655,4778295,
000037.SZ,000037,20251209,93551480,4778364,0,0,B,87400,100,4763655,4778363,
000037.SZ,000037,20251209,93552420,4786376,C,0, ,0,2000,0,1686668,
000037.SZ,000037,20251209,93556860,4821698,0,0,B,87400,1900,4763655,4821697,
000037.SZ,000037,20251209,93556860,4821699,0,0,B,87400,1000,4798142,4821697,
000037.SZ,000037,20251209,93556860,4821700,0,0,B,87400,1800,4805388,4821697,
000037.SZ,000037,20251209,93556880,4821872,0,0,B,87400,100,4805388,4821871,
000037.SZ,000037,20251209,93556910,4822024,0,0,B,87400,100,4805388,4822023,
000037.SZ,000037,20251209,93556910,4822110,0,0,B,87400,1000,4805388,4822109,
000037.SZ,000037,20251209,93557140,4823607,0,0,B,87400,200,4805388,4823606,
000037.SZ,000037,20251209,93558370,4834452,0,0,B,87400,300,4805388,4834451,
000037.SZ,000037,20251209,93558870,4838729,C,0, ,0,400,0,518889,
000037.SZ,000037,20251209,93558980,4839739,C,0, ,0,400,0,3933679,
000037.SZ,000037,20251209,93601260,4865293,0,0,B,87500,4700,4261029,4865292,
000037.SZ,000037,20251209,93601260,4865294,0,0,B,87500,11400,4480210,4865292,
000037.SZ,000037,20251209,93601260,4865295,0,0,B,87500,6000,4480211,4865292,
000037.SZ,000037,20251209,93601260,4865296,0,0,B,87500,3000,4541680,4865292,
000037.SZ,000037,20251209,93601260,4865297,0,0,B,87500,1700,4566302,4865292,
000037.SZ,000037,20251209,93601260,4865298,0,0,B,87500,1500,4567558,4865292,
000037.SZ,000037,20251209,93601260,4865299,0,0,B,87500,700,4820615,4865292,
000037.SZ,000037,20251209,93601260,4865300,0,0,B,87500,1300,4844703,4865292,
000037.SZ,000037,20251209,93601340,4866401,0,0,B,87600,2000,4475815,4866400,
000037.SZ,000037,20251209,93601840,4873558,C,0, ,0,400,0,4865608,
000037.SZ,000037,20251209,93602070,4875893,C,0, ,0,100,0,4766937,
000037.SZ,000037,20251209,93602070,4875938,C,0, ,0,100,0,4766951,
000037.SZ,000037,20251209,93602080,4876000,C,0, ,0,100,0,4767079,
000037.SZ,000037,20251209,93602630,4881309,C,0, ,0,2300,0,4765845,
000037.SZ,000037,20251209,93602630,4881310,C,0, ,0,2200,0,4765847,
000037.SZ,000037,20251209,93602630,4881311,C,0, ,0,1900,0,4765852,
000037.SZ,000037,20251209,93602650,4881432,C,0, ,0,1400,0,4765850,
000037.SZ,000037,20251209,93603340,4887525,0,0,S,87500,800,4887524,4866036,
000037.SZ,000037,20251209,93605310,4905913,C,0, ,0,400,0,4873573,
000037.SZ,000037,20251209,93605310,4905989,0,0,S,87600,200,4905988,4905766,
000037.SZ,000037,20251209,93605310,4905990,0,0,S,87600,100,4905988,4905776,
000037.SZ,000037,20251209,93605310,4905991,0,0,S,87600,100,4905988,4905777,
000037.SZ,000037,20251209,93605510,4907657,0,0,S,87600,100,4907656,4905778,
000037.SZ,000037,20251209,93605510,4907658,0,0,S,87600,100,4907656,4905811,
000037.SZ,000037,20251209,93605510,4907659,0,0,S,87600,100,4907656,4905813,
000037.SZ,000037,20251209,93605510,4907660,0,0,S,87600,400,4907656,4905939,
000037.SZ,000037,20251209,93605510,4907661,0,0,S,87600,400,4907656,4906830,
000037.SZ,000037,20251209,93605510,4907662,0,0,S,87500,1500,4907656,4866036,
000037.SZ,000037,20251209,93605510,4907663,0,0,S,87500,2000,4907656,4881474,
000037.SZ,000037,20251209,93605510,4907664,0,0,S,87400,400,4907656,4834451,
000037.SZ,000037,20251209,93605510,4907665,0,0,S,87400,100,4907656,4865602,
000037.SZ,000037,20251209,93605520,4907698,0,0,B,87400,2300,4907656,4907697,
000037.SZ,000037,20251209,93605560,4908030,C,0, ,0,200,0,4389666,
000037.SZ,000037,20251209,93606340,4913967,0,0,S,87500,600,4913966,4912769,
000037.SZ,000037,20251209,93606340,4913968,0,0,S,87500,300,4913966,4912961,
000037.SZ,000037,20251209,93606350,4914072,0,0,B,87500,900,4913966,4914071,
000037.SZ,000037,20251209,93606350,4914074,0,0,B,87500,900,4913966,4914073,
000037.SZ,000037,20251209,93606350,4914079,0,0,B,87500,200,4913966,4914078,
000037.SZ,000037,20251209,93606350,4914081,0,0,B,87500,200,4913966,4914080,
000037.SZ,000037,20251209,93606350,4914084,0,0,B,87500,100,4913966,4914083,
000037.SZ,000037,20251209,93606350,4914086,0,0,B,87500,100,4913966,4914085,
000037.SZ,000037,20251209,93606350,4914089,0,0,B,87500,500,4913966,4914088,
000037.SZ,000037,20251209,93606350,4914094,0,0,B,87500,100,4913966,4914093,
000037.SZ,000037,20251209,93606350,4914125,0,0,B,87500,100,4913966,4914124,
000037.SZ,000037,20251209,93606360,4914183,0,0,B,87500,1300,4913966,4914182,
000037.SZ,000037,20251209,93606360,4914185,0,0,B,87500,500,4913966,4914184,
000037.SZ,000037,20251209,93606360,4914187,0,0,B,87500,1200,4913966,4914186,
000037.SZ,000037,20251209,93606610,4916604,C,0, ,0,1700,0,4907708,
000037.SZ,000037,20251209,93606610,4916613,C,0, ,0,2300,0,4907702,
000037.SZ,000037,20251209,93606620,4916674,C,0, ,0,2300,0,4907704,
000037.SZ,000037,20251209,93606620,4916675,C,0, ,0,2300,0,4907757,
000037.SZ,000037,20251209,93606620,4916680,C,0, ,0,2300,0,4907703,
000037.SZ,000037,20251209,93606630,4916735,C,0, ,0,2300,0,4907699,
000037.SZ,000037,20251209,93606630,4916752,C,0, ,0,1200,0,4907753,
000037.SZ,000037,20251209,93607120,4921702,C,0, ,0,2300,0,4907707,
000037.SZ,000037,20251209,93607130,4921828,C,0, ,0,1500,0,4907722,
000037.SZ,000037,20251209,93607130,4921830,C,0, ,0,1300,0,4907720,
000037.SZ,000037,20251209,93607130,4921831,C,0, ,0,1400,0,4907725,
000037.SZ,000037,20251209,93607130,4921832,C,0, ,0,2700,0,4907718,
000037.SZ,000037,20251209,93607130,4921833,C,0, ,0,2300,0,4907726,
000037.SZ,000037,20251209,93607130,4921834,C,0, ,0,1600,0,4907727,
000037.SZ,000037,20251209,93607140,4921857,C,0, ,0,1900,0,4907736,
000037.SZ,000037,20251209,93607140,4921858,C,0, ,0,2000,0,4907737,
000037.SZ,000037,20251209,93607170,4922231,C,0, ,0,200,0,4908286,
000037.SZ,000037,20251209,93607190,4922331,C,0, ,0,200,0,4908325,
000037.SZ,000037,20251209,93607250,4922963,C,0, ,0,100,0,4908282,
000037.SZ,000037,20251209,93607620,4926334,C,0, ,0,2300,0,4907734,
000037.SZ,000037,20251209,93607620,4926335,C,0, ,0,2100,0,4907735,
000037.SZ,000037,20251209,93607620,4926336,C,0, ,0,200,0,4907732,
000037.SZ,000037,20251209,93607620,4926337,C,0, ,0,1700,0,4907733,
000037.SZ,000037,20251209,93608020,4929467,C,0, ,0,2300,0,4907719,
000037.SZ,000037,20251209,93608020,4929468,C,0, ,0,800,0,4907716,
000037.SZ,000037,20251209,93608020,4929469,C,0, ,0,2300,0,4907723,
000037.SZ,000037,20251209,93608030,4929528,C,0, ,0,1100,0,4914195,
000037.SZ,000037,20251209,93608040,4929702,C,0, ,0,1100,0,4907701,
000037.SZ,000037,20251209,93608040,4929703,C,0, ,0,200,0,4907711,
000037.SZ,000037,20251209,93608040,4929704,C,0, ,0,500,0,4907776,
000037.SZ,000037,20251209,93608040,4929705,C,0, ,0,2300,0,4907717,
000037.SZ,000037,20251209,93608040,4929706,C,0, ,0,500,0,4907715,
000037.SZ,000037,20251209,93608040,4929707,C,0, ,0,200,0,4907710,
000037.SZ,000037,20251209,93608040,4929708,C,0, ,0,500,0,4907713,
000037.SZ,000037,20251209,93608040,4929718,C,0, ,0,200,0,4907750,
000037.SZ,000037,20251209,93608080,4929968,C,0, ,0,1500,0,4907712,
000037.SZ,000037,20251209,93608180,4930693,C,0, ,0,2300,0,4907706,
000037.SZ,000037,20251209,93608500,4933322,C,0, ,0,800,522324,0,
000037.SZ,000037,20251209,93608510,4933427,C,0, ,0,1100,0,4907795,
000037.SZ,000037,20251209,93608660,4934416,C,0, ,0,2300,0,4907828,
000037.SZ,000037,20251209,93609160,4937871,0,0,S,87600,100,4937870,4929609,
000037.SZ,000037,20251209,93609200,4938219,C,0, ,0,100,0,4907972,
000037.SZ,000037,20251209,93609200,4938221,C,0, ,0,100,0,4907969,
000037.SZ,000037,20251209,93609200,4938222,C,0, ,0,100,0,4907967,
000037.SZ,000037,20251209,93609200,4938225,C,0, ,0,400,0,4907970,
000037.SZ,000037,20251209,93609200,4938227,C,0, ,0,100,0,4907968,
000037.SZ,000037,20251209,93609200,4938236,C,0, ,0,200,0,4907869,
000037.SZ,000037,20251209,93609200,4938242,C,0, ,0,600,0,4907893,
000037.SZ,000037,20251209,93609200,4938243,C,0, ,0,100,0,4907867,
000037.SZ,000037,20251209,93609200,4938244,C,0, ,0,100,0,4907879,
000037.SZ,000037,20251209,93609200,4938252,C,0, ,0,200,0,4907864,
000037.SZ,000037,20251209,93609210,4938321,C,0, ,0,100,0,4908044,
000037.SZ,000037,20251209,93609210,4938322,C,0, ,0,100,0,4908046,
000037.SZ,000037,20251209,93609210,4938325,C,0, ,0,100,0,4908052,
000037.SZ,000037,20251209,93609210,4938326,C,0, ,0,100,0,4908045,
000037.SZ,000037,20251209,93609210,4938330,C,0, ,0,100,0,4908057,
000037.SZ,000037,20251209,93609220,4938434,C,0, ,0,100,0,4908054,
000037.SZ,000037,20251209,93609220,4938437,C,0, ,0,1000,0,4908043,
000037.SZ,000037,20251209,93611170,4959993,C,0, ,0,2200,0,4374060,
000037.SZ,000037,20251209,93611170,4959994,C,0, ,0,1100,0,4881340,
000037.SZ,000037,20251209,93611180,4960133,C,0, ,0,100,0,4907724,
000037.SZ,000037,20251209,93611180,4960134,C,0, ,0,200,0,4907721,
000037.SZ,000037,20251209,93611180,4960135,C,0, ,0,100,0,4907730,
000037.SZ,000037,20251209,93611180,4960136,C,0, ,0,100,0,4907728,
000037.SZ,000037,20251209,93611180,4960137,C,0, ,0,100,0,4907751,
000037.SZ,000037,20251209,93611210,4960509,C,0, ,0,1200,0,4907926,
000037.SZ,000037,20251209,93612080,4968098,C,0, ,0,5500,0,1921925,
000037.SZ,000037,20251209,93612150,4968487,0,0,S,87600,100,4968486,4946590,
000037.SZ,000037,20251209,93614380,4989700,C,0, ,0,4300,0,4914448,
000037.SZ,000037,20251209,93614380,4989707,C,0, ,0,8600,0,4914467,
000037.SZ,000037,20251209,93615320,4998360,0,0,B,87700,300,3933044,4998359,
000037.SZ,000037,20251209,93615350,4998736,C,0, ,0,800,0,4907771,
000037.SZ,000037,20251209,93615350,4998738,C,0, ,0,300,0,4907767,
000037.SZ,000037,20251209,93615350,4998740,C,0, ,0,400,0,4907766,
000037.SZ,000037,20251209,93615350,4998744,C,0, ,0,300,0,4907772,
000037.SZ,000037,20251209,93616740,5012647,C,0, ,0,100,0,4907842,
000037.SZ,000037,20251209,93616740,5012648,C,0, ,0,100,0,4907843,
000037.SZ,000037,20251209,93616740,5012651,C,0, ,0,100,0,4907840,
000037.SZ,000037,20251209,93616740,5012655,C,0, ,0,300,0,4907841,
000037.SZ,000037,20251209,93619300,5035628,0,0,S,87600,800,5035627,4946590,
000037.SZ,000037,20251209,93619300,5035629,0,0,S,87600,2300,5035627,4960092,
000037.SZ,000037,20251209,93619300,5035630,0,0,S,87600,300,5035627,5031484,
000037.SZ,000037,20251209,93619310,5035801,C,0, ,0,2100,0,4914186,
000037.SZ,000037,20251209,93619310,5035818,0,0,B,87600,300,5035627,5035817,
000037.SZ,000037,20251209,93623630,5070925,C,0, ,0,100,0,517263,
000037.SZ,000037,20251209,93626110,5090113,C,0, ,0,3000,0,408470,
000037.SZ,000037,20251209,93628140,5104431,0,0,B,87600,200,5035627,5104430,
000037.SZ,000037,20251209,93630150,5118201,0,0,S,87500,300,5118200,4914965,
000037.SZ,000037,20251209,93630660,5122249,0,0,B,87600,500,5035627,5122248,
000037.SZ,000037,20251209,93630670,5122297,C,0, ,0,700,0,4907778,
000037.SZ,000037,20251209,93632020,5132800,C,0, ,0,1200,0,2398414,
000037.SZ,000037,20251209,93637270,5171533,0,0,B,87600,5600,5035627,5171532,
000037.SZ,000037,20251209,93637270,5171534,0,0,B,87600,2200,5051210,5171532,
000037.SZ,000037,20251209,93637270,5171535,0,0,B,87600,100,5078186,5171532,
000037.SZ,000037,20251209,93637270,5171536,0,0,B,87600,200,5109732,5171532,
000037.SZ,000037,20251209,93639620,5188177,C,0, ,0,500,0,4754452,
000037.SZ,000037,20251209,93639910,5190451,0,0,B,87600,200,5109732,5190450,
000037.SZ,000037,20251209,93643910,5223603,C,0, ,0,5000,0,560022,
000037.SZ,000037,20251209,93643930,5223770,C,0, ,0,5000,0,913784,
000037.SZ,000037,20251209,93643970,5223982,C,0, ,0,3000,0,1383994,
000037.SZ,000037,20251209,93643980,5224098,C,0, ,0,2000,0,2056470,
000037.SZ,000037,20251209,93644010,5224327,C,0, ,0,2000,0,3767392,
000037.SZ,000037,20251209,93644040,5224571,C,0, ,0,3000,0,4061991,
000037.SZ,000037,20251209,93646830,5244877,C,0, ,0,100,5165759,0,
000037.SZ,000037,20251209,93651690,5278904,C,0, ,0,900,0,4907700,
000037.SZ,000037,20251209,93651690,5278926,C,0, ,0,100,0,4907729,
000037.SZ,000037,20251209,93654240,5298787,0,0,S,87500,400,5298786,4959995,
000037.SZ,000037,20251209,93657160,5319781,C,0, ,0,1300,0,2456075,
000037.SZ,000037,20251209,93659790,5340115,0,0,B,87600,2300,5109732,5340114,
000037.SZ,000037,20251209,93659790,5340116,0,0,B,87600,100,5110539,5340114,
000037.SZ,000037,20251209,93659790,5340117,0,0,B,87600,100,5118349,5340114,
000037.SZ,000037,20251209,93700560,5346100,0,0,S,87500,1300,5346099,4959995,
000037.SZ,000037,20251209,93700560,5346101,0,0,S,87500,200,5346099,4959998,
000037.SZ,000037,20251209,93700890,5350244,C,0, ,0,1000,5268035,0,
000037.SZ,000037,20251209,93701500,5356994,0,0,S,87500,1200,5356993,4959998,
000037.SZ,000037,20251209,93701890,5360300,C,0, ,0,2400,4620990,0,
000037.SZ,000037,20251209,93703150,5372147,0,0,S,87500,200,5372146,4959998,
000037.SZ,000037,20251209,93703160,5372248,0,0,S,87500,100,5372247,4959998,
000037.SZ,000037,20251209,93703160,5372250,0,0,S,87500,200,5372249,4959999,
000037.SZ,000037,20251209,93703160,5372252,0,0,S,87500,100,5372251,4959999,
000037.SZ,000037,20251209,93703160,5372254,0,0,S,87500,100,5372253,4959999,
000037.SZ,000037,20251209,93703160,5372256,0,0,S,87500,200,5372255,4959999,
000037.SZ,000037,20251209,93703160,5372270,0,0,S,87500,100,5372269,4959999,
000037.SZ,000037,20251209,93703160,5372272,0,0,S,87500,400,5372271,4959999,
000037.SZ,000037,20251209,93703170,5372343,C,0, ,0,1400,0,4907709,
000037.SZ,000037,20251209,93703170,5372350,0,0,S,87500,100,5372349,4959999,
000037.SZ,000037,20251209,93705280,5392074,C,0, ,0,6400,0,5268055,
000037.SZ,000037,20251209,93705560,5394148,C,0, ,0,1000,0,4825557,
000037.SZ,000037,20251209,93706400,5401131,0,0,S,87500,1200,5401130,4960001,
000037.SZ,000037,20251209,93706410,5401172,0,0,S,87500,300,5401171,4960001,
000037.SZ,000037,20251209,93706410,5401173,0,0,S,87500,400,5401171,4960093,
000037.SZ,000037,20251209,93706410,5401181,0,0,S,87500,200,5401180,4960093,
000037.SZ,000037,20251209,93706420,5401256,0,0,S,87500,500,5401255,4960093,
000037.SZ,000037,20251209,93706420,5401260,0,0,S,87500,100,5401259,4960093,
000037.SZ,000037,20251209,93706420,5401262,0,0,S,87500,100,5401261,4960093,
000037.SZ,000037,20251209,93706420,5401264,0,0,S,87500,200,5401263,4960093,
000037.SZ,000037,20251209,93706430,5401320,0,0,S,87500,600,5401319,4960093,
000037.SZ,000037,20251209,93706430,5401321,0,0,S,87500,100,5401319,5043405,
000037.SZ,000037,20251209,93706430,5401322,0,0,S,87500,300,5401319,5043667,
000037.SZ,000037,20251209,93706430,5401323,0,0,S,87500,100,5401319,5063952,
000037.SZ,000037,20251209,93706430,5401324,0,0,S,87500,100,5401319,5063992,
000037.SZ,000037,20251209,93706430,5401325,0,0,S,87500,100,5401319,5063994,
000037.SZ,000037,20251209,93706430,5401326,0,0,S,87500,100,5401319,5075907,
000037.SZ,000037,20251209,93706430,5401327,0,0,S,87500,600,5401319,5089291,
000037.SZ,000037,20251209,93706430,5401328,0,0,S,87500,100,5401319,5089333,
000037.SZ,000037,20251209,93706430,5401329,0,0,S,87500,100,5401319,5104564,
000037.SZ,000037,20251209,93706430,5401330,0,0,S,87500,800,5401319,5123095,
000037.SZ,000037,20251209,93706430,5401347,0,0,S,87500,400,5401346,5123095,
000037.SZ,000037,20251209,93706430,5401348,0,0,S,87500,100,5401346,5163176,
000037.SZ,000037,20251209,93706430,5401349,0,0,S,87500,300,5401346,5170446,
000037.SZ,000037,20251209,93706430,5401350,0,0,S,87500,100,5401346,5209335,
000037.SZ,000037,20251209,93706430,5401351,0,0,S,87500,100,5401346,5209338,
000037.SZ,000037,20251209,93706430,5401352,0,0,S,87500,100,5401346,5267073,
000037.SZ,000037,20251209,93706430,5401353,0,0,S,87500,100,5401346,5327741,
000037.SZ,000037,20251209,93706430,5401359,0,0,S,87500,100,5401358,5366523,
000037.SZ,000037,20251209,93706440,5401442,C,0, ,0,2300,0,4907705,
000037.SZ,000037,20251209,93706450,5401502,C,0, ,0,6200,0,4907714,
000037.SZ,000037,20251209,93707350,5409710,0,0,B,87500,1000,5401358,5409709,
000037.SZ,000037,20251209,93707380,5409994,0,0,B,87500,200,5401358,5409993,
000037.SZ,000037,20251209,93707380,5409995,0,0,B,87500,100,5401362,5409993,
000037.SZ,000037,20251209,93707380,5409996,0,0,B,87500,100,5401363,5409993,
000037.SZ,000037,20251209,93707380,5409997,0,0,B,87500,100,5401364,5409993,
000037.SZ,000037,20251209,93707380,5409998,0,0,B,87500,1100,5401445,5409993,
000037.SZ,000037,20251209,93707380,5409999,0,0,B,87600,100,5118349,5409993,
000037.SZ,000037,20251209,93707380,5410000,0,0,B,87600,600,5123688,5409993,
000037.SZ,000037,20251209,93707380,5410001,0,0,B,87600,100,5124731,5409993,
000037.SZ,000037,20251209,93707380,5410002,0,0,B,87600,100,5131859,5409993,
000037.SZ,000037,20251209,93707380,5410003,0,0,B,87600,200,5135278,5409993,
000037.SZ,000037,20251209,93707380,5410004,0,0,B,87600,1500,5143283,5409993,
000037.SZ,000037,20251209,93707380,5410005,0,0,B,87600,100,5267045,5409993,
000037.SZ,000037,20251209,93707380,5410006,0,0,B,87600,2100,5278880,5409993,
000037.SZ,000037,20251209,93710900,5436580,C,0, ,0,1000,0,2557367,
000037.SZ,000037,20251209,93718100,5494005,C,0, ,0,2300,0,4907755,
000037.SZ,000037,20251209,93720780,5514580,C,0, ,0,200,0,4864879,
000037.SZ,000037,20251209,93722950,5530621,0,0,B,87500,3000,5440576,5530620,
000037.SZ,000037,20251209,93724520,5542616,C,0, ,0,2000,4603581,0,
000037.SZ,000037,20251209,93729070,5577748,C,0, ,0,2300,0,3993618,
000037.SZ,000037,20251209,93730560,5588078,C,0, ,0,5000,5288898,0,
000037.SZ,000037,20251209,93739870,5654300,0,0,B,87500,100,5440576,5654299,
000037.SZ,000037,20251209,93740380,5658513,C,0, ,0,800,4118446,0,
000037.SZ,000037,20251209,93740620,5660200,C,0, ,0,1500,5473278,0,
000037.SZ,000037,20251209,93740950,5662432,C,0, ,0,800,4623585,0,
000037.SZ,000037,20251209,93742010,5669296,0,0,B,87500,100,5440576,5669295,
000037.SZ,000037,20251209,93742010,5669308,0,0,B,87500,100,5440576,5669307,
000037.SZ,000037,20251209,93742010,5669321,0,0,B,87500,200,5440576,5669320,
000037.SZ,000037,20251209,93742010,5669325,0,0,B,87500,100,5440576,5669324,
000037.SZ,000037,20251209,93742020,5669347,0,0,B,87500,100,5440576,5669346,
000037.SZ,000037,20251209,93742020,5669349,0,0,B,87500,100,5440576,5669348,
000037.SZ,000037,20251209,93742020,5669351,0,0,B,87500,100,5440576,5669350,
000037.SZ,000037,20251209,93742020,5669353,0,0,B,87500,100,5484937,5669352,
000037.SZ,000037,20251209,93742020,5669355,0,0,B,87500,100,5493926,5669354,
000037.SZ,000037,20251209,93742020,5669357,0,0,B,87500,100,5493926,5669356,
000037.SZ,000037,20251209,93742020,5669364,0,0,B,87500,200,5493926,5669363,
000037.SZ,000037,20251209,93742160,5670734,0,0,B,87500,7900,5493926,5670733,
000037.SZ,000037,20251209,93742160,5670787,0,0,B,87500,16700,5493926,5670786,
000037.SZ,000037,20251209,93742160,5670788,0,0,B,87500,800,5569091,5670786,
000037.SZ,000037,20251209,93742160,5670789,0,0,B,87500,700,5627126,5670786,
000037.SZ,000037,20251209,93742160,5670790,0,0,B,87500,100,5649361,5670786,
000037.SZ,000037,20251209,93742160,5670791,0,0,B,87500,100,5650643,5670786,
000037.SZ,000037,20251209,93743760,5684918,0,0,B,87600,800,5278880,5684917,
000037.SZ,000037,20251209,93743770,5685017,C,0, ,0,300,0,5409892,
000037.SZ,000037,20251209,93745150,5694762,0,0,B,87600,15200,5278880,5694761,
000037.SZ,000037,20251209,93745160,5694778,0,0,B,87600,900,5278880,5694777,
000037.SZ,000037,20251209,93745160,5694780,0,0,B,87600,100,5278880,5694779,
000037.SZ,000037,20251209,93745160,5694782,0,0,B,87600,100,5278880,5694781,
000037.SZ,000037,20251209,93745160,5694786,0,0,B,87600,100,5278880,5694785,
000037.SZ,000037,20251209,93745160,5694791,0,0,B,87600,100,5278880,5694790,
000037.SZ,000037,20251209,93745160,5694799,0,0,B,87600,500,5278880,5694798,
000037.SZ,000037,20251209,93745160,5694837,0,0,B,87600,100,5278880,5694836,
000037.SZ,000037,20251209,93745160,5694839,0,0,B,87600,100,5278880,5694838,
000037.SZ,000037,20251209,93745160,5694861,0,0,B,87600,4400,5278880,5694860,
000037.SZ,000037,20251209,93745160,5694862,0,0,B,87600,1200,5307071,5694860,
000037.SZ,000037,20251209,93745160,5694863,0,0,B,87600,300,5337676,5694860,
000037.SZ,000037,20251209,93745160,5694864,0,0,B,87600,3000,5366401,5694860,
000037.SZ,000037,20251209,93745160,5694865,0,0,B,87600,10000,5421415,5694860,
000037.SZ,000037,20251209,93745160,5694866,0,0,B,87600,100,5422266,5694860,
000037.SZ,000037,20251209,93745160,5694867,0,0,B,87600,2000,5492773,5694860,
000037.SZ,000037,20251209,93745170,5694935,C,0, ,0,100,0,5453035,
000037.SZ,000037,20251209,93745170,5694936,C,0, ,0,100,0,5409846,
000037.SZ,000037,20251209,93745180,5694939,C,0, ,0,100,0,5440642,
000037.SZ,000037,20251209,93745180,5694945,C,0, ,0,100,0,5617822,
000037.SZ,000037,20251209,93745180,5694947,C,0, ,0,100,0,5538404,
000037.SZ,000037,20251209,93745180,5694979,C,0, ,0,500,0,5409904,
000037.SZ,000037,20251209,93745180,5694989,C,0, ,0,400,0,5538364,
000037.SZ,000037,20251209,93745180,5694995,C,0, ,0,300,0,5629161,
000037.SZ,000037,20251209,93745200,5695091,0,0,B,87700,100,3933044,5695090,
000037.SZ,000037,20251209,93745200,5695104,C,0, ,0,100,0,5409891,
000037.SZ,000037,20251209,93745240,5695728,0,0,B,87700,1300,3933044,5695727,
000037.SZ,000037,20251209,93745520,5697997,0,0,S,87600,500,5697996,5694860,
000037.SZ,000037,20251209,93746870,5709039,C,0, ,0,1500,0,5611865,
000037.SZ,000037,20251209,93746870,5709069,C,0, ,0,100,0,5484913,
000037.SZ,000037,20251209,93746870,5709070,C,0, ,0,100,0,5409837,
000037.SZ,000037,20251209,93746870,5709072,C,0, ,0,200,0,5409909,
000037.SZ,000037,20251209,93746870,5709073,C,0, ,0,100,0,5470924,
000037.SZ,000037,20251209,93746870,5709074,C,0, ,0,100,0,5563605,
000037.SZ,000037,20251209,93746870,5709075,C,0, ,0,100,0,5642654,
000037.SZ,000037,20251209,93746870,5709076,C,0, ,0,100,0,5445374,
000037.SZ,000037,20251209,93746870,5709077,C,0, ,0,100,0,5540896,
000037.SZ,000037,20251209,93746870,5709078,C,0, ,0,100,0,5563608,
000037.SZ,000037,20251209,93746870,5709087,C,0, ,0,16600,0,5694887,
000037.SZ,000037,20251209,93746880,5709094,C,0, ,0,1300,0,5452964,
000037.SZ,000037,20251209,93746880,5709145,C,0, ,0,100,0,5409839,
000037.SZ,000037,20251209,93746880,5709146,C,0, ,0,100,0,5484935,
000037.SZ,000037,20251209,93746880,5709147,C,0, ,0,100,0,5605044,
000037.SZ,000037,20251209,93746880,5709149,C,0, ,0,100,0,5409900,
000037.SZ,000037,20251209,93748590,5721515,0,0,S,87600,500,5721514,5694860,
000037.SZ,000037,20251209,93748770,5722856,C,0, ,0,6500,2242595,0,
000037.SZ,000037,20251209,93749130,5725458,0,0,S,87600,100,5725457,5694860,
000037.SZ,000037,20251209,93749130,5725459,0,0,S,87600,1400,5725457,5695864,
000037.SZ,000037,20251209,93749130,5725460,0,0,S,87600,100,5725457,5699078,
000037.SZ,000037,20251209,93749130,5725461,0,0,S,87600,100,5725457,5723198,
000037.SZ,000037,20251209,93749130,5725462,0,0,S,87500,300,5725457,5670882,
000037.SZ,000037,20251209,93749430,5727994,C,0, ,0,2000,4500382,0,
000037.SZ,000037,20251209,93749470,5728396,C,0, ,0,900,0,4273554,
000037.SZ,000037,20251209,93750310,5734830,0,0,S,87600,100,5734829,5725530,
000037.SZ,000037,20251209,93750330,5734985,0,0,S,87600,100,5734984,5725535,
000037.SZ,000037,20251209,93750340,5735316,0,0,S,87600,100,5735315,5725535,
000037.SZ,000037,20251209,93750370,5735661,C,0, ,0,1400,0,5156119,
000037.SZ,000037,20251209,93750370,5735662,C,0, ,0,1500,0,5186725,
000037.SZ,000037,20251209,93750370,5735663,C,0, ,0,1200,0,5398035,
000037.SZ,000037,20251209,93750370,5735664,C,0, ,0,1700,0,5709153,
000037.SZ,000037,20251209,93750370,5735665,C,0, ,0,1200,0,5709071,
000037.SZ,000037,20251209,93751170,5740585,C,0, ,0,100,0,5656846,
000037.SZ,000037,20251209,93751660,5744638,0,0,S,87600,300,5744637,5725535,
000037.SZ,000037,20251209,93751660,5744639,0,0,S,87600,100,5744637,5725536,
000037.SZ,000037,20251209,93753310,5755594,0,0,S,87600,100,5755593,5725536,
000037.SZ,000037,20251209,93754090,5760953,0,0,S,87600,400,5760952,5725577,
000037.SZ,000037,20251209,93754090,5760954,0,0,S,87600,200,5760952,5725578,
000037.SZ,000037,20251209,93754090,5760955,0,0,S,87600,100,5760952,5725581,
000037.SZ,000037,20251209,93754090,5760956,0,0,S,87600,200,5760952,5725584,
000037.SZ,000037,20251209,93754090,5760957,0,0,S,87600,100,5760952,5733538,
000037.SZ,000037,20251209,93754090,5760958,0,0,S,87600,400,5760952,5733547,
000037.SZ,000037,20251209,93754090,5760959,0,0,S,87600,100,5760952,5733646,
000037.SZ,000037,20251209,93754090,5760960,0,0,S,87600,2000,5760952,5741864,
000037.SZ,000037,20251209,93754090,5760987,0,0,B,87600,100,5760952,5760986,
000037.SZ,000037,20251209,93754090,5760989,0,0,B,87600,1100,5760952,5760988,
000037.SZ,000037,20251209,93754090,5760991,0,0,B,87600,100,5760952,5760990,
000037.SZ,000037,20251209,93754090,5761034,0,0,B,87600,200,5760952,5761033,
000037.SZ,000037,20251209,93756230,5777665,C,0, ,0,1000,0,4225276,
000037.SZ,000037,20251209,93756240,5777711,C,0, ,0,100,0,5761033,
000037.SZ,000037,20251209,93757740,5787730,0,0,B,87600,300,5780831,5787729,
000037.SZ,000037,20251209,93800380,5806116,C,0, ,0,600,0,5586515,
000037.SZ,000037,20251209,93800420,5806694,0,0,B,87600,200,5783526,5806693,
000037.SZ,000037,20251209,93800420,5806695,0,0,B,87600,100,5789747,5806693,
000037.SZ,000037,20251209,93801260,5815562,C,0, ,0,1200,0,5504407,
000037.SZ,000037,20251209,93801280,5815758,0,0,S,87600,100,5815757,5806693,
000037.SZ,000037,20251209,93803290,5833001,0,0,S,87600,100,5833000,5806693,
000037.SZ,000037,20251209,93803600,5836058,0,0,S,87600,100,5836057,5806693,
000037.SZ,000037,20251209,93805760,5854326,0,0,S,87600,300,5854325,5806693,
000037.SZ,000037,20251209,93806350,5858201,0,0,S,87600,100,5858200,5806693,
000037.SZ,000037,20251209,93807360,5865998,0,0,S,87600,100,5865997,5806693,
000037.SZ,000037,20251209,93807360,5866036,0,0,S,87600,100,5866035,5806693,
000037.SZ,000037,20251209,93807360,5866040,0,0,S,87600,200,5866039,5806693,
000037.SZ,000037,20251209,93807370,5866077,0,0,S,87600,100,5866076,5806693,
000037.SZ,000037,20251209,93807370,5866079,0,0,S,87600,100,5866078,5806693,
000037.SZ,000037,20251209,93807370,5866091,0,0,S,87600,100,5866090,5814202,
000037.SZ,000037,20251209,93807370,5866102,0,0,S,87600,100,5866101,5814202,
000037.SZ,000037,20251209,93807370,5866104,0,0,S,87600,100,5866103,5814202,
000037.SZ,000037,20251209,93807390,5866205,0,0,S,87600,300,5866204,5814202,
000037.SZ,000037,20251209,93807390,5866206,0,0,S,87600,200,5866204,5814910,
000037.SZ,000037,20251209,93807530,5867414,0,0,S,87600,500,5867413,5814910,
000037.SZ,000037,20251209,93807540,5867493,0,0,S,87600,200,5867492,5814910,
000037.SZ,000037,20251209,93807540,5867534,0,0,S,87600,100,5867533,5814910,
000037.SZ,000037,20251209,93807540,5867535,0,0,S,87600,100,5867533,5853020,
000037.SZ,000037,20251209,93807540,5867536,C,0, ,0,7600,0,5670882,
000037.SZ,000037,20251209,93808690,5875605,0,0,S,87600,400,5875604,5875572,
000037.SZ,000037,20251209,93811670,5900080,0,0,S,87500,100,5900079,5671730,
000037.SZ,000037,20251209,93811670,5900081,0,0,S,87500,100,5900079,5684986,
000037.SZ,000037,20251209,93811670,5900082,0,0,S,87500,500,5900079,5693317,
000037.SZ,000037,20251209,93811670,5900083,0,0,S,87500,100,5900079,5694752,
000037.SZ,000037,20251209,93811670,5900084,0,0,S,87500,100,5900079,5699192,
000037.SZ,000037,20251209,93811670,5900085,0,0,S,87500,400,5900079,5699944,
000037.SZ,000037,20251209,93811670,5900086,0,0,S,87500,100,5900079,5700539,
000037.SZ,000037,20251209,93811670,5900087,0,0,S,87500,1000,5900079,5733507,
000037.SZ,000037,20251209,93811670,5900088,0,0,S,87500,300,5900079,5753810,
000037.SZ,000037,20251209,93811670,5900122,0,0,S,87500,100,5900121,5753810,
000037.SZ,000037,20251209,93811670,5900134,0,0,S,87500,100,5900133,5753810,
000037.SZ,000037,20251209,93811680,5900147,0,0,S,87500,300,5900146,5758521,
000037.SZ,000037,20251209,93812000,5902205,0,0,S,87500,100,5902204,5790628,
000037.SZ,000037,20251209,93813700,5916445,C,0, ,0,100,5875609,0,
000037.SZ,000037,20251209,93818920,5956035,C,0, ,0,100,5722503,0,
000037.SZ,000037,20251209,93820370,5969290,0,0,S,87400,100,5969289,4907758,
000037.SZ,000037,20251209,93833130,6061176,C,0, ,0,900,5470839,0,
000037.SZ,000037,20251209,93835840,6081090,0,0,S,87400,700,6081089,4908249,
000037.SZ,000037,20251209,93835840,6081091,0,0,S,87400,100,6081089,4996307,
000037.SZ,000037,20251209,93836680,6086378,0,0,B,87500,1700,5902547,6086377,
000037.SZ,000037,20251209,93836680,6086379,0,0,B,87500,200,5958711,6086377,
000037.SZ,000037,20251209,93836680,6086380,0,0,B,87500,1000,6039499,6086377,
000037.SZ,000037,20251209,93836680,6086381,0,0,B,87500,200,6040638,6086377,
000037.SZ,000037,20251209,93836680,6086405,0,0,S,87500,100,6086404,6086377,
000037.SZ,000037,20251209,93836680,6086407,0,0,S,87500,100,6086406,6086377,
000037.SZ,000037,20251209,93836680,6086409,0,0,S,87500,100,6086408,6086377,
000037.SZ,000037,20251209,93836690,6086426,0,0,S,87500,4100,6086425,6086377,
000037.SZ,000037,20251209,93837240,6090519,0,0,B,87500,200,6086425,6090518,
000037.SZ,000037,20251209,93837790,6094827,C,0, ,0,100,6086425,0,
000037.SZ,000037,20251209,93843260,6131802,0,0,B,87500,100,6086428,6131801,
000037.SZ,000037,20251209,93843260,6131803,0,0,B,87500,100,6086444,6131801,
000037.SZ,000037,20251209,93843260,6131804,0,0,B,87500,100,6086872,6131801,
000037.SZ,000037,20251209,93850670,6182717,0,0,B,87500,100,6086872,6182716,
000037.SZ,000037,20251209,93850670,6182718,0,0,B,87500,100,6103180,6182716,
000037.SZ,000037,20251209,93850670,6182719,0,0,B,87500,800,6123609,6182716,
000037.SZ,000037,20251209,93850670,6182720,0,0,B,87500,7800,6123635,6182716,
000037.SZ,000037,20251209,93850670,6182756,0,0,S,87500,700,6182755,6182716,
000037.SZ,000037,20251209,93851550,6188377,C,0, ,0,100,0,4595914,
000037.SZ,000037,20251209,93851550,6188381,C,0, ,0,200,0,4595912,
000037.SZ,000037,20251209,93852670,6196890,C,0, ,0,2000,4840716,0,
000037.SZ,000037,20251209,93855690,6217293,C,0, ,0,700,6182760,0,
000037.SZ,000037,20251209,93856100,6220197,C,0, ,0,10000,0,1763888,
000037.SZ,000037,20251209,93856100,6220198,C,0, ,0,10000,0,4502728,
000037.SZ,000037,20251209,93856100,6220276,C,0, ,0,200,0,5911988,
000037.SZ,000037,20251209,93856100,6220279,C,0, ,0,300,0,5911998,
000037.SZ,000037,20251209,93858730,6239518,0,0,S,87400,200,6239517,5458007,
000037.SZ,000037,20251209,93859290,6242976,0,0,S,87400,100,6242975,5538331,
000037.SZ,000037,20251209,93859300,6243031,0,0,S,87400,100,6243030,5538331,
000037.SZ,000037,20251209,93900400,6250514,0,0,S,87400,200,6250513,5654668,
000037.SZ,000037,20251209,93903570,6276540,0,0,B,87500,100,6182757,6276539,
000037.SZ,000037,20251209,93903570,6276541,0,0,B,87500,100,6182808,6276539,
000037.SZ,000037,20251209,93903570,6276542,0,0,B,87500,800,6194309,6276539,
000037.SZ,000037,20251209,93903870,6278681,C,0, ,0,100,0,3856888,
000037.SZ,000037,20251209,93904260,6281754,0,0,B,87500,300,6194309,6281753,
000037.SZ,000037,20251209,93905580,6292449,0,0,B,87500,2900,6194309,6292448,
000037.SZ,000037,20251209,93905580,6292450,0,0,B,87500,1000,6217090,6292448,
000037.SZ,000037,20251209,93905580,6292451,0,0,B,87500,1100,6250615,6292448,
000037.SZ,000037,20251209,93906350,6297837,C,0, ,0,500,5022325,0,
000037.SZ,000037,20251209,93906890,6301304,C,0, ,0,500,0,6214322,
000037.SZ,000037,20251209,93909370,6318885,C,0, ,0,1000,0,2225664,
000037.SZ,000037,20251209,93917900,6381931,C,0, ,0,1500,194501,0,
000037.SZ,000037,20251209,93923680,6419248,0,0,S,87400,100,6419247,5654668,
000037.SZ,000037,20251209,93924040,6421175,C,0, ,0,100,0,917441,
000037.SZ,000037,20251209,93926890,6439315,C,0, ,0,200,0,1000678,
000037.SZ,000037,20251209,93939130,6517531,0,0,S,87400,300,6517530,5654668,
000037.SZ,000037,20251209,93939130,6517532,0,0,S,87400,1200,6517530,5901256,
000037.SZ,000037,20251209,93939130,6517533,0,0,S,87400,100,6517530,5911985,
000037.SZ,000037,20251209,93939130,6517534,0,0,S,87400,100,6517530,5911986,
000037.SZ,000037,20251209,93939130,6517535,0,0,S,87400,100,6517530,5911989,
000037.SZ,000037,20251209,93939130,6517536,0,0,S,87400,600,6517530,5912090,
000037.SZ,000037,20251209,93939130,6517537,0,0,S,87400,100,6517530,5912095,
000037.SZ,000037,20251209,93939130,6517538,0,0,S,87400,100,6517530,5912097,
000037.SZ,000037,20251209,93939130,6517539,0,0,S,87400,100,6517530,5912099,
000037.SZ,000037,20251209,93939130,6517540,0,0,S,87400,300,6517530,5978911,
000037.SZ,000037,20251209,93939150,6517621,C,0, ,0,100,6317391,0,
000037.SZ,000037,20251209,93939150,6517622,C,0, ,0,100,5878655,0,
000037.SZ,000037,20251209,93940300,6525743,0,0,S,87400,3000,6525742,5978911,
000037.SZ,000037,20251209,93940310,6525796,0,0,S,87400,16700,6525795,5978911,
000037.SZ,000037,20251209,93940310,6525797,0,0,S,87400,1100,6525795,6090633,
000037.SZ,000037,20251209,93940310,6525798,0,0,S,87400,100,6525795,6292501,
000037.SZ,000037,20251209,93940310,6525799,0,0,S,87400,100,6525795,6292503,
000037.SZ,000037,20251209,93940310,6525800,0,0,S,87400,100,6525795,6292506,
000037.SZ,000037,20251209,93940310,6525801,0,0,S,87400,100,6525795,6292507,
000037.SZ,000037,20251209,93940310,6525802,0,0,S,87400,100,6525795,6292508,
000037.SZ,000037,20251209,93940310,6525803,0,0,S,87400,100,6525795,6292509,
000037.SZ,000037,20251209,93940310,6525804,0,0,S,87400,800,6525795,6292511,
000037.SZ,000037,20251209,93940310,6525805,0,0,S,87400,500,6525795,6292514,
000037.SZ,000037,20251209,93940310,6525806,0,0,S,87400,800,6525795,6292520,
000037.SZ,000037,20251209,93940310,6525807,0,0,S,87400,200,6525795,6292524,
000037.SZ,000037,20251209,93940310,6525808,0,0,S,87400,100,6525795,6296094,
000037.SZ,000037,20251209,93940310,6525809,0,0,S,87400,100,6525795,6296096,
000037.SZ,000037,20251209,93940310,6525810,0,0,S,87400,100,6525795,6296097,
000037.SZ,000037,20251209,93940310,6525811,0,0,S,87400,300,6525795,6501482,
000037.SZ,000037,20251209,93940890,6529851,C,0, ,0,400,6307859,0,
000037.SZ,000037,20251209,93941530,6533378,C,0, ,0,1600,5880570,0,
000037.SZ,000037,20251209,93948970,6576797,C,0, ,0,200,0,5472857,
000037.SZ,000037,20251209,93951940,6596073,0,0,B,87400,100,6525814,6596072,
000037.SZ,000037,20251209,93951940,6596074,0,0,B,87400,100,6525860,6596072,
000037.SZ,000037,20251209,93951940,6596075,0,0,B,87400,400,6530380,6596072,
000037.SZ,000037,20251209,93951940,6596076,0,0,B,87400,900,6552383,6596072,
000037.SZ,000037,20251209,93953400,6605351,C,0, ,0,1000,0,1596174,
000037.SZ,000037,20251209,93954180,6609798,C,0, ,0,4700,0,5642510,
000037.SZ,000037,20251209,93956290,6622143,C,0, ,0,100,6357485,0,
000037.SZ,000037,20251209,93956480,6623350,0,0,S,87300,200,6623349,4397943,
000037.SZ,000037,20251209,94002800,6665360,C,0, ,0,500,6314172,0,
000037.SZ,000037,20251209,94003050,6666754,0,0,S,87300,100,6666753,4397943,
000037.SZ,000037,20251209,94008160,6707719,C,0, ,0,3400,5900052,0,
000037.SZ,000037,20251209,94010790,6724836,0,0,S,87300,500,6724835,4397943,
000037.SZ,000037,20251209,94030970,6867152,C,0, ,0,600,0,5906407,
000037.SZ,000037,20251209,94035550,6898381,0,0,B,87400,1500,6552383,6898380,
000037.SZ,000037,20251209,94036760,6904681,0,0,S,87300,700,6904680,4397943,
000037.SZ,000037,20251209,94036760,6904682,0,0,S,87300,500,6904680,4558337,
000037.SZ,000037,20251209,94036760,6904683,0,0,S,87300,100,6904680,4750610,
000037.SZ,000037,20251209,94036780,6904781,0,0,S,87300,1200,6904780,4750610,
000037.SZ,000037,20251209,94036780,6904782,0,0,S,87300,100,6904780,4907731,
000037.SZ,000037,20251209,94036780,6904783,0,0,S,87300,700,6904780,5025306,
000037.SZ,000037,20251209,94036780,6904784,0,0,S,87300,1400,6904780,5484806,
000037.SZ,000037,20251209,94036780,6904785,0,0,S,87300,3000,6904780,5645852,
000037.SZ,000037,20251209,94036780,6904786,0,0,S,87300,4800,6904780,5693299,
000037.SZ,000037,20251209,94036780,6904787,0,0,S,87300,5500,6904780,6274553,
000037.SZ,000037,20251209,94036780,6904788,0,0,S,87300,4900,6904780,6564637,
000037.SZ,000037,20251209,94036780,6904789,0,0,S,87300,9300,6904780,6772782,
000037.SZ,000037,20251209,94036780,6904790,0,0,S,87300,1100,6904780,6856072,
000037.SZ,000037,20251209,94036780,6904808,0,0,B,87300,100,6904780,6904807,
000037.SZ,000037,20251209,94037230,6907679,C,0, ,0,600,0,2653716,
000037.SZ,000037,20251209,94039220,6918551,0,0,B,87300,100,6904780,6918550,
000037.SZ,000037,20251209,94040090,6923870,0,0,B,87300,200,6904780,6923869,
000037.SZ,000037,20251209,94040090,6923889,0,0,B,87300,200,6904780,6923888,
000037.SZ,000037,20251209,94045540,6956090,0,0,S,87300,100,6956089,6923892,
000037.SZ,000037,20251209,94045540,6956091,0,0,S,87300,100,6956089,6924103,
000037.SZ,000037,20251209,94045540,6956092,0,0,S,87300,100,6956089,6941601,
000037.SZ,000037,20251209,94050140,6984951,C,0, ,0,3000,0,1151009,
000037.SZ,000037,20251209,94050540,6987613,0,0,S,87300,300,6987612,6941601,
000037.SZ,000037,20251209,94050540,6987614,0,0,S,87300,700,6987612,6944590,
000037.SZ,000037,20251209,94050540,6987615,0,0,S,87300,2000,6987612,6965736,
000037.SZ,000037,20251209,94055510,7019082,0,0,B,87300,200,6987612,7019081,
000037.SZ,000037,20251209,94100410,7048954,C,0, ,0,6000,6728705,0,
000037.SZ,000037,20251209,94103470,7071943,C,0, ,0,100,0,3333631,
000037.SZ,000037,20251209,94111040,7119920,C,0, ,0,3400,6798175,0,
000037.SZ,000037,20251209,94111120,7120558,0,0,B,87300,100,6987612,7120557,
000037.SZ,000037,20251209,94113560,7135489,C,0, ,0,1000,6727975,0,
000037.SZ,000037,20251209,94114370,7139999,C,0, ,0,8500,5187878,0,
000037.SZ,000037,20251209,94115840,7149580,C,0, ,0,3000,0,4922417,
000037.SZ,000037,20251209,94121060,7181148,C,0, ,0,500,0,7075074,
000037.SZ,000037,20251209,94122640,7190570,0,0,S,87200,300,7190569,4222161,
000037.SZ,000037,20251209,94122640,7190571,0,0,S,87200,500,7190569,4710456,
000037.SZ,000037,20251209,94122640,7190572,0,0,S,87200,5500,7190569,6134678,
000037.SZ,000037,20251209,94122640,7190573,0,0,S,87200,300,7190569,6238778,
000037.SZ,000037,20251209,94122640,7190574,0,0,S,87200,900,7190569,6336589,
000037.SZ,000037,20251209,94122640,7190575,0,0,S,87200,100,7190569,6649161,
000037.SZ,000037,20251209,94122640,7190576,0,0,S,87200,100,7190569,6746410,
000037.SZ,000037,20251209,94122640,7190577,0,0,S,87200,200,7190569,6786632,
000037.SZ,000037,20251209,94122640,7190578,0,0,S,87200,2500,7190569,6923446,
000037.SZ,000037,20251209,94122640,7190579,0,0,S,87200,3700,7190569,6923468,
000037.SZ,000037,20251209,94122640,7190580,0,0,S,87200,100,7190569,6928856,
000037.SZ,000037,20251209,94122640,7190581,0,0,S,87200,3000,7190569,6935408,
000037.SZ,000037,20251209,94122640,7190582,0,0,S,87200,100,7190569,7019104,
000037.SZ,000037,20251209,94122640,7190583,0,0,S,87200,800,7190569,7120429,
000037.SZ,000037,20251209,94122640,7190584,0,0,S,87200,3000,7190569,7175295,
000037.SZ,000037,20251209,94122640,7190624,0,0,B,87200,100,7190569,7190623,
000037.SZ,000037,20251209,94123510,7195001,0,0,B,87200,200,7190569,7195000,
000037.SZ,000037,20251209,94130110,7231804,0,0,S,87100,200,7231803,3901321,
000037.SZ,000037,20251209,94130110,7231805,0,0,S,87100,600,7231803,3902118,
000037.SZ,000037,20251209,94130110,7231806,0,0,S,87100,100,7231803,3902187,
000037.SZ,000037,20251209,94130110,7231807,0,0,S,87100,100,7231803,3908827,
000037.SZ,000037,20251209,94130110,7231808,0,0,S,87100,300,7231803,3919205,
000037.SZ,000037,20251209,94130110,7231809,0,0,S,87100,3000,7231803,5122340,
000037.SZ,000037,20251209,94130110,7231810,0,0,S,87100,1300,7231803,5977603,
000037.SZ,000037,20251209,94130820,7235776,C,0, ,0,1400,7110889,0,
000037.SZ,000037,20251209,94134270,7257486,0,0,S,87100,1000,7257485,5977603,
000037.SZ,000037,20251209,94134270,7257487,0,0,S,87100,1500,7257485,6713197,
000037.SZ,000037,20251209,94136150,7267974,0,0,B,87200,4100,7190569,7267973,
000037.SZ,000037,20251209,94137510,7275588,0,0,S,87100,500,7275587,6713197,
000037.SZ,000037,20251209,94140150,7290209,C,0, ,0,5000,0,5605011,
000037.SZ,000037,20251209,94140900,7294451,C,0, ,0,100,1119498,0,
000037.SZ,000037,20251209,94142030,7299887,0,0,S,87100,400,7299886,6713197,
000037.SZ,000037,20251209,94142250,7300930,0,0,S,87100,600,7300929,6713197,
000037.SZ,000037,20251209,94142250,7300931,0,0,S,87100,1400,7300929,7174776,
000037.SZ,000037,20251209,94148370,7337582,0,0,S,87100,300,7337581,7174776,
000037.SZ,000037,20251209,94148370,7337583,0,0,S,87100,1200,7337581,7190667,
000037.SZ,000037,20251209,94148600,7339001,0,0,S,87100,1800,7339000,7190667,
000037.SZ,000037,20251209,94150300,7349149,C,0, ,0,6000,7134730,0,
000037.SZ,000037,20251209,94153780,7368739,0,0,S,87100,500,7368738,7224579,
000037.SZ,000037,20251209,94157170,7387071,0,0,B,87200,2000,7190569,7387070,
000037.SZ,000037,20251209,94157170,7387098,0,0,B,87200,100,7190569,7387097,
000037.SZ,000037,20251209,94157560,7389288,0,0,B,87200,100,7190569,7389287,
000037.SZ,000037,20251209,94157910,7391042,0,0,S,87100,100,7391041,7224579,
000037.SZ,000037,20251209,94157910,7391043,0,0,S,87100,500,7391041,7278624,
000037.SZ,000037,20251209,94157910,7391044,0,0,S,87100,600,7391041,7284576,
000037.SZ,000037,20251209,94210630,7466790,0,0,B,87200,2200,7190569,7466789,
000037.SZ,000037,20251209,94210630,7466791,0,0,B,87200,2800,7194714,7466789,
000037.SZ,000037,20251209,94210630,7466806,0,0,B,87200,500,7194714,7466805,
000037.SZ,000037,20251209,94210640,7466857,0,0,B,87200,100,7194714,7466856,
000037.SZ,000037,20251209,94210640,7466858,0,0,B,87200,200,7204403,7466856,
000037.SZ,000037,20251209,94214560,7487535,0,0,B,87200,800,7204403,7487534,
000037.SZ,000037,20251209,94214560,7487536,0,0,B,87200,2400,7393400,7487534,
000037.SZ,000037,20251209,94215660,7493505,0,0,S,87100,400,7493504,7284576,
000037.SZ,000037,20251209,94215800,7494298,0,0,S,87100,600,7494297,7288299,
000037.SZ,000037,20251209,94215800,7494299,0,0,S,87100,2100,7494297,7299063,
000037.SZ,000037,20251209,94220930,7524938,C,0, ,0,900,7342350,0,
000037.SZ,000037,20251209,94223370,7539941,0,0,B,87200,6200,7393400,7539940,
000037.SZ,000037,20251209,94223380,7539965,0,0,B,87200,200,7393400,7539964,
000037.SZ,000037,20251209,94224220,7544036,C,0, ,0,500,0,6770718,
000037.SZ,000037,20251209,94224220,7544051,0,0,B,87200,500,7393400,7544050,
000037.SZ,000037,20251209,94224630,7546487,0,0,S,87100,900,7546486,7299063,
000037.SZ,000037,20251209,94224630,7546488,0,0,S,87100,200,7546486,7304010,
000037.SZ,000037,20251209,94225410,7550651,0,0,B,87200,3000,7393400,7550650,
000037.SZ,000037,20251209,94230160,7574912,0,0,B,87200,100,7393400,7574911,
000037.SZ,000037,20251209,94232210,7586450,C,0, ,0,10000,0,6307957,
000037.SZ,000037,20251209,94244470,7651191,0,0,B,87200,2500,7393400,7651190,
000037.SZ,000037,20251209,94244470,7651192,0,0,B,87200,300,7559166,7651190,
000037.SZ,000037,20251209,94244470,7651193,0,0,B,87200,3800,7600055,7651190,
000037.SZ,000037,20251209,94244470,7651194,0,0,B,87200,500,7602911,7651190,
000037.SZ,000037,20251209,94244480,7651208,0,0,B,87200,100,7602911,7651207,
000037.SZ,000037,20251209,94246280,7662727,C,0, ,0,5000,0,869673,
000037.SZ,000037,20251209,94246300,7662859,0,0,S,87200,100,7662858,7651213,
000037.SZ,000037,20251209,94247080,7667424,0,0,S,87200,100,7667423,7651348,
000037.SZ,000037,20251209,94247080,7667425,0,0,S,87200,100,7667423,7660647,
000037.SZ,000037,20251209,94247080,7667475,0,0,B,87200,100,7667423,7667474,
000037.SZ,000037,20251209,94247740,7671246,0,0,B,87200,1700,7667423,7671245,
000037.SZ,000037,20251209,94248490,7675025,0,0,S,87200,200,7675024,7671245,
000037.SZ,000037,20251209,94250310,7685112,0,0,S,87200,100,7685111,7671245,
000037.SZ,000037,20251209,94250310,7685113,0,0,S,87200,100,7685111,7671453,
000037.SZ,000037,20251209,94251590,7691118,0,0,B,87200,300,7685111,7691117,
000037.SZ,000037,20251209,94253100,7698523,0,0,B,87200,500,7685111,7698522,
000037.SZ,000037,20251209,94253100,7698524,0,0,B,87200,600,7692876,7698522,
000037.SZ,000037,20251209,94253100,7698525,0,0,B,87200,100,7696421,7698522,
000037.SZ,000037,20251209,94254960,7706964,C,0, ,0,7600,7228644,0,
000037.SZ,000037,20251209,94255570,7710516,0,0,B,87200,8100,7696421,7710515,
000037.SZ,000037,20251209,94304100,7756076,0,0,S,87200,1100,7756075,7710515,
000037.SZ,000037,20251209,94306240,7768154,C,0, ,0,10000,0,6378591,
000037.SZ,000037,20251209,94306440,7769602,0,0,S,87200,100,7769601,7710515,
000037.SZ,000037,20251209,94307910,7778729,C,0, ,0,100,0,6888244,
000037.SZ,000037,20251209,94309320,7785849,0,0,S,87200,100,7785848,7710515,
000037.SZ,000037,20251209,94312050,7799868,0,0,B,87300,100,6987612,7799867,
000037.SZ,000037,20251209,94312050,7799912,0,0,B,87300,200,6987612,7799911,
000037.SZ,000037,20251209,94313350,7806253,0,0,S,87200,8800,7806252,7710515,
000037.SZ,000037,20251209,94319060,7834680,0,0,B,87300,200,6987612,7834679,
000037.SZ,000037,20251209,94321120,7845133,C,0, ,0,8900,0,7455667,
000037.SZ,000037,20251209,94323120,7855748,0,0,S,87200,300,7855747,7710515,
000037.SZ,000037,20251209,94325730,7869682,C,0, ,0,900,7051719,0,
000037.SZ,000037,20251209,94348830,7979461,0,0,B,87300,100,6987612,7979460,
000037.SZ,000037,20251209,94351150,7990438,C,0, ,0,200,0,7422778,
000037.SZ,000037,20251209,94357830,8024305,0,0,S,87200,800,8024304,7710515,
000037.SZ,000037,20251209,94403310,8056582,0,0,S,87200,500,8056581,7710515,
000037.SZ,000037,20251209,94407100,8078131,0,0,S,87200,1600,8078130,7710515,
000037.SZ,000037,20251209,94410270,8094755,C,0, ,0,600,0,8011987,
000037.SZ,000037,20251209,94411280,8099849,0,0,B,87300,600,6987612,8099848,
000037.SZ,000037,20251209,94415480,8120203,0,0,B,87300,1000,6987612,8120202,
000037.SZ,000037,20251209,94423760,8163495,0,0,B,87300,100,6987612,8163494,
000037.SZ,000037,20251209,94423760,8163496,0,0,B,87300,1000,6992641,8163494,
000037.SZ,000037,20251209,94423760,8163497,0,0,B,87300,600,6998437,8163494,
000037.SZ,000037,20251209,94423760,8163498,0,0,B,87300,100,7125361,8163494,
000037.SZ,000037,20251209,94423760,8163499,0,0,B,87300,600,7788814,8163494,
000037.SZ,000037,20251209,94423760,8163500,0,0,B,87300,3200,7853618,8163494,
000037.SZ,000037,20251209,94423760,8163501,0,0,B,87300,600,8108317,8163494,
000037.SZ,000037,20251209,94423760,8163502,0,0,B,87300,2700,8158712,8163494,
000037.SZ,000037,20251209,94423760,8163511,0,0,B,87300,2000,8158712,8163510,
000037.SZ,000037,20251209,94431500,8202165,0,0,S,87200,100,8202164,7710515,
000037.SZ,000037,20251209,94432110,8205471,C,0, ,0,5000,0,5525874,
000037.SZ,000037,20251209,94432330,8206455,C,0, ,0,100,0,7409975,
000037.SZ,000037,20251209,94432330,8206457,C,0, ,0,100,0,3879637,
000037.SZ,000037,20251209,94432530,8207329,0,0,B,87300,200,8158712,8207328,
000037.SZ,000037,20251209,94432730,8208197,0,0,B,87300,1100,8158712,8208196,
000037.SZ,000037,20251209,94432730,8208198,0,0,B,87300,300,8205333,8208196,
000037.SZ,000037,20251209,94432770,8208378,C,0, ,0,2000,0,4170142,
000037.SZ,000037,20251209,94433480,8212447,C,0, ,0,100,0,850292,
000037.SZ,000037,20251209,94433870,8214419,0,0,B,87300,200,8205333,8214418,
000037.SZ,000037,20251209,94445550,8269171,0,0,B,87300,100,8205333,8269170,
000037.SZ,000037,20251209,94445550,8269172,0,0,B,87300,100,8213403,8269170,
000037.SZ,000037,20251209,94445550,8269173,0,0,B,87300,600,8244124,8269170,
000037.SZ,000037,20251209,94445550,8269174,0,0,B,87300,200,8249875,8269170,
000037.SZ,000037,20251209,94446270,8272494,C,0, ,0,200,0,7930272,
000037.SZ,000037,20251209,94447750,8278355,0,0,B,87300,400,8249875,8278354,
000037.SZ,000037,20251209,94447750,8278356,0,0,B,87300,100,8250907,8278354,
000037.SZ,000037,20251209,94447750,8278357,0,0,B,87300,600,8258272,8278354,
000037.SZ,000037,20251209,94449800,8286854,C,0, ,0,100,0,7801052,
000037.SZ,000037,20251209,94451570,8294115,C,0, ,0,300,0,7800534,
000037.SZ,000037,20251209,94500190,8332173,C,0, ,0,100,0,3878087,
000037.SZ,000037,20251209,94501580,8342086,0,0,B,87300,100,8258272,8342085,
000037.SZ,000037,20251209,94504450,8358010,0,0,B,87300,700,8258272,8358009,
000037.SZ,000037,20251209,94504450,8358011,0,0,B,87300,600,8296325,8358009,
000037.SZ,000037,20251209,94504450,8358012,0,0,B,87300,3800,8326436,8358009,
000037.SZ,000037,20251209,94507700,8375444,0,0,S,87300,100,8375443,8358009,
000037.SZ,000037,20251209,94509210,8384580,0,0,S,87300,100,8384579,8358009,
000037.SZ,000037,20251209,94509220,8384619,0,0,S,87300,100,8384618,8358009,
000037.SZ,000037,20251209,94510070,8391401,0,0,S,87300,200,8391400,8358009,
000037.SZ,000037,20251209,94510110,8391716,0,0,S,87300,1300,8391715,8358009,
000037.SZ,000037,20251209,94510320,8393231,0,0,S,87300,200,8393230,8358009,
000037.SZ,000037,20251209,94510340,8393325,0,0,S,87300,100,8393324,8358009,
000037.SZ,000037,20251209,94510360,8393438,0,0,S,87300,100,8393437,8358009,
000037.SZ,000037,20251209,94511670,8401576,0,0,S,87300,100,8401575,8358009,
000037.SZ,000037,20251209,94511710,8401727,0,0,S,87300,800,8401726,8358009,
000037.SZ,000037,20251209,94512870,8408469,C,0, ,0,1200,0,6845203,
000037.SZ,000037,20251209,94513070,8409628,0,0,B,87400,1600,6552383,8409627,
000037.SZ,000037,20251209,94513070,8409629,0,0,B,87400,1500,6686209,8409627,
000037.SZ,000037,20251209,94513070,8409630,0,0,B,87400,500,6962269,8409627,
000037.SZ,000037,20251209,94513070,8409631,0,0,B,87400,2800,7143004,8409627,
000037.SZ,000037,20251209,94513070,8409632,0,0,B,87400,900,8078085,8409627,
000037.SZ,000037,20251209,94513070,8409633,0,0,B,87400,1800,8372815,8409627,
000037.SZ,000037,20251209,94513070,8409634,0,0,B,87400,100,8403772,8409627,
000037.SZ,000037,20251209,94513080,8409683,0,0,S,87400,400,8409682,8409627,
000037.SZ,000037,20251209,94513080,8409685,0,0,S,87400,1800,8409684,8409627,
000037.SZ,000037,20251209,94513080,8409687,0,0,S,87400,4400,8409686,8409627,
000037.SZ,000037,20251209,94513080,8409689,0,0,S,87400,3600,8409688,8409627,
000037.SZ,000037,20251209,94514080,8416571,C,0, ,0,3600,8409738,0,
000037.SZ,000037,20251209,94514370,8418286,C,0, ,0,5800,0,933890,
000037.SZ,000037,20251209,94514390,8418423,0,0,S,87300,200,8418422,8358009,
000037.SZ,000037,20251209,94515180,8422376,C,0, ,0,800,8409688,0,
000037.SZ,000037,20251209,94515190,8422396,C,0, ,0,3600,8409741,0,
000037.SZ,000037,20251209,94517590,8441282,C,0, ,0,3600,8409729,0,
000037.SZ,000037,20251209,94517590,8441283,C,0, ,0,800,8409735,0,
000037.SZ,000037,20251209,94517590,8441284,C,0, ,0,3600,8409731,0,
000037.SZ,000037,20251209,94517590,8441285,C,0, ,0,3600,8409734,0,
000037.SZ,000037,20251209,94517590,8441286,C,0, ,0,300,8409737,0,
000037.SZ,000037,20251209,94517590,8441287,C,0, ,0,3600,8409736,0,
000037.SZ,000037,20251209,94517600,8441308,0,0,B,87400,100,8409690,8441307,
000037.SZ,000037,20251209,94517600,8441342,C,0, ,0,300,0,8441307,
000037.SZ,000037,20251209,94517610,8441377,0,0,B,87400,100,8441355,8441376,
000037.SZ,000037,20251209,94517610,8441387,C,0, ,0,300,0,8441376,
000037.SZ,000037,20251209,94519070,8453038,C,0, ,0,100,0,8108410,
000037.SZ,000037,20251209,94519530,8457422,0,0,B,87400,100,8453117,8457421,
000037.SZ,000037,20251209,94519530,8457423,0,0,B,87400,100,8453119,8457421,
000037.SZ,000037,20251209,94519530,8457424,0,0,B,87400,100,8453300,8457421,
000037.SZ,000037,20251209,94519530,8457425,0,0,B,87400,200,8457307,8457421,
000037.SZ,000037,20251209,94520060,8460293,0,0,B,87400,100,8457574,8460292,
000037.SZ,000037,20251209,94523640,8481014,C,0, ,0,500,0,8307039,
000037.SZ,000037,20251209,94528090,8502705,0,0,S,87400,700,8502704,8498980,
000037.SZ,000037,20251209,94528100,8502738,C,0, ,0,100,0,7919023,
000037.SZ,000037,20251209,94530310,8514290,0,0,S,87400,700,8514289,8498980,
000037.SZ,000037,20251209,94535770,8544992,0,0,B,87400,300,8514289,8544991,
000037.SZ,000037,20251209,94535770,8544993,0,0,B,87400,400,8527581,8544991,
000037.SZ,000037,20251209,94536260,8547477,C,0, ,0,5000,0,7476525,
000037.SZ,000037,20251209,94546380,8597579,C,0, ,0,200,0,265500,
000037.SZ,000037,20251209,94547650,8604055,C,0, ,0,2500,4814597,0,
000037.SZ,000037,20251209,94548150,8606344,0,0,S,87300,400,8606343,8358009,
000037.SZ,000037,20251209,94552270,8627158,C,0, ,0,1300,0,7799854,
000037.SZ,000037,20251209,94553380,8632885,0,0,S,87300,100,8632884,8358009,
000037.SZ,000037,20251209,94554250,8636793,0,0,S,87300,100,8636792,8358009,
000037.SZ,000037,20251209,94555320,8644357,0,0,S,87300,100,8644356,8358009,
000037.SZ,000037,20251209,94555330,8644377,0,0,S,87300,10900,8644376,8358009,
000037.SZ,000037,20251209,94555330,8644378,0,0,S,87300,600,8644376,8387659,
000037.SZ,000037,20251209,94555330,8644379,0,0,S,87300,1000,8644376,8441261,
000037.SZ,000037,20251209,94555330,8644380,0,0,S,87300,200,8644376,8493033,
000037.SZ,000037,20251209,94555330,8644381,0,0,S,87300,100,8644376,8493036,
000037.SZ,000037,20251209,94555330,8644382,0,0,S,87300,100,8644376,8530051,
000037.SZ,000037,20251209,94555330,8644383,0,0,S,87300,100,8644376,8530079,
000037.SZ,000037,20251209,94555330,8644384,0,0,S,87300,300,8644376,8530197,
000037.SZ,000037,20251209,94555330,8644385,0,0,S,87300,200,8644376,8530268,
000037.SZ,000037,20251209,94555330,8644386,0,0,S,87300,200,8644376,8530269,
000037.SZ,000037,20251209,94555330,8644387,0,0,S,87300,100,8644376,8530303,
000037.SZ,000037,20251209,94555330,8644388,0,0,S,87300,100,8644376,8530304,
000037.SZ,000037,20251209,94555330,8644389,0,0,S,87300,200,8644376,8547689,
000037.SZ,000037,20251209,94555330,8644390,0,0,S,87300,100,8644376,8560194,
000037.SZ,000037,20251209,94556930,8652693,0,0,B,87300,1000,8644415,8652692,
000037.SZ,000037,20251209,94556940,8652753,0,0,B,87300,3000,8644415,8652752,
000037.SZ,000037,20251209,94558830,8662488,C,0, ,0,100,0,8634499,
000037.SZ,000037,20251209,94600600,8672354,0,0,B,87300,500,8644415,8672353,
000037.SZ,000037,20251209,94600610,8672401,0,0,B,87300,100,8644415,8672400,
000037.SZ,000037,20251209,94602040,8681010,C,0, ,0,1000,0,7557190,
000037.SZ,000037,20251209,94604730,8697310,C,0, ,0,5000,0,270176,
000037.SZ,000037,20251209,94606430,8707357,0,0,B,87300,1000,8644415,8707356,
000037.SZ,000037,20251209,94606460,8707548,0,0,S,87200,200,8707547,7710515,
000037.SZ,000037,20251209,94607400,8714018,C,0, ,0,1700,0,3678755,
000037.SZ,000037,20251209,94610520,8732605,C,0, ,0,100,7330807,0,
000037.SZ,000037,20251209,94619490,8775725,0,0,S,87200,100,8775724,7710515,
000037.SZ,000037,20251209,94620140,8778588,0,0,S,87200,1500,8778587,7710515,
000037.SZ,000037,20251209,94620240,8778977,C,0, ,0,100,6262796,0,
000037.SZ,000037,20251209,94620240,8778979,C,0, ,0,100,6262797,0,
000037.SZ,000037,20251209,94623840,8795805,0,0,S,87200,2000,8795804,7710515,
000037.SZ,000037,20251209,94624050,8796623,C,0, ,0,1200,0,2737232,
000037.SZ,000037,20251209,94627300,8812759,0,0,B,87300,1800,8644415,8812758,
000037.SZ,000037,20251209,94627300,8812760,0,0,B,87300,600,8711587,8812758,
000037.SZ,000037,20251209,94627300,8812761,0,0,B,87300,200,8755634,8812758,
000037.SZ,000037,20251209,94627300,8812762,0,0,B,87300,3800,8778608,8812758,
000037.SZ,000037,20251209,94629710,8824820,0,0,S,87200,3000,8824819,7710515,
000037.SZ,000037,20251209,94632610,8839243,0,0,S,87200,2000,8839242,7710515,
000037.SZ,000037,20251209,94634470,8848561,C,0, ,0,100,0,8663751,
000037.SZ,000037,20251209,94634690,8849810,C,0, ,0,500,8778608,0,
000037.SZ,000037,20251209,94636120,8856759,C,0, ,0,1100,0,7945191,
000037.SZ,000037,20251209,94636160,8856999,0,0,S,87200,1000,8856998,7710515,
000037.SZ,000037,20251209,94636570,8859495,C,0, ,0,6000,8810447,0,
000037.SZ,000037,20251209,94637270,8862906,0,0,S,87200,2000,8862905,7710515,
000037.SZ,000037,20251209,94637850,8865708,C,0, ,0,1000,0,8811355,
000037.SZ,000037,20251209,94640880,8879795,0,0,S,87200,19400,8879794,7710515,
000037.SZ,000037,20251209,94640880,8879796,0,0,S,87200,1000,8879794,7797576,
