万得代码,交易所代码,自然日,时间,委托编号,交易所委托号,委托类型,委托代码,委托价格,委托数量,
000037.SZ,000037,20251209,91500000,0,1817,0,S,92500,200,
000037.SZ,000037,20251209,91500050,0,4210,0,S,96100,100,
000037.SZ,000037,20251209,91500060,0,5572,0,S,88800,1000,
000037.SZ,000037,20251209,91500060,0,5573,0,S,90200,1000,
000037.SZ,000037,20251209,91500060,0,6615,0,S,90800,5300,
000037.SZ,000037,20251209,91500060,0,6617,0,S,92600,5400,
000037.SZ,000037,20251209,91500060,0,8973,0,S,88800,5000,
000037.SZ,000037,20251209,91500070,0,10626,0,S,95500,3500,
000037.SZ,000037,20251209,91500080,0,16988,0,S,96100,500,
000037.SZ,000037,20251209,91500080,0,17014,0,S,95600,500,
000037.SZ,000037,20251209,91500090,0,18342,0,S,96100,5000,
000037.SZ,000037,20251209,91500090,0,18410,0,S,90000,2000,
000037.SZ,000037,20251209,91500100,0,25726,0,S,94500,5000,
000037.SZ,000037,20251209,91500110,0,27970,0,S,96000,200,
000037.SZ,000037,20251209,91500110,0,28122,0,S,94300,15200,
000037.SZ,000037,20251209,91500120,0,31559,0,B,86500,1000,
000037.SZ,000037,20251209,91500130,0,36337,0,S,96100,23200,
000037.SZ,000037,20251209,91500130,0,36362,0,B,78700,11700,
000037.SZ,000037,20251209,91500130,0,36822,0,S,91800,1000,
000037.SZ,000037,20251209,91500130,0,36824,0,S,93000,1000,
000037.SZ,000037,20251209,91500140,0,38966,0,B,86000,2000,
000037.SZ,000037,20251209,91500140,0,38994,0,S,90000,5000,
000037.SZ,000037,20251209,91500140,0,39403,0,S,88000,100,
000037.SZ,000037,20251209,91500140,0,39508,0,S,95800,500,
000037.SZ,000037,20251209,91500150,0,43021,0,S,91600,500,
000037.SZ,000037,20251209,91500150,0,43232,0,B,83100,600,
000037.SZ,000037,20251209,91500150,0,43233,0,B,81100,600,
000037.SZ,000037,20251209,91500150,0,43234,0,B,79100,700,
000037.SZ,000037,20251209,91500150,0,43235,0,S,88900,600,
000037.SZ,000037,20251209,91500150,0,43236,0,S,90900,600,
000037.SZ,000037,20251209,91500150,0,43237,0,S,92900,600,
000037.SZ,000037,20251209,91500150,0,43238,0,S,94900,600,
000037.SZ,000037,20251209,91500150,0,43580,0,S,94400,300,
000037.SZ,000037,20251209,91500150,0,43582,0,S,96100,500,
000037.SZ,000037,20251209,91500150,0,44359,0,S,96100,10000,
000037.SZ,000037,20251209,91500160,0,48152,0,S,96100,300,
000037.SZ,000037,20251209,91500160,0,48153,0,S,95000,200,
000037.SZ,000037,20251209,91500160,0,48932,0,S,96000,1000,
000037.SZ,000037,20251209,91500160,0,48946,0,S,96000,1600,
000037.SZ,000037,20251209,91500160,0,49048,0,S,96100,700,
000037.SZ,000037,20251209,91500170,0,50262,0,B,86000,500,
000037.SZ,000037,20251209,91500170,0,50264,0,B,79000,1000,
000037.SZ,000037,20251209,91500170,0,51734,0,S,96100,300,
000037.SZ,000037,20251209,91500180,0,53956,0,B,86000,3500,
000037.SZ,000037,20251209,91500180,0,53982,0,B,85500,1900,
000037.SZ,000037,20251209,91500180,0,56034,0,S,88500,3000,
000037.SZ,000037,20251209,91500180,0,56035,0,S,88900,3000,
000037.SZ,000037,20251209,91500180,0,56036,0,S,89300,3000,
000037.SZ,000037,20251209,91500180,0,56037,0,S,94500,1700,
000037.SZ,000037,20251209,91500180,0,56039,0,S,91600,1100,
000037.SZ,000037,20251209,91500190,0,58971,0,S,96000,2400,
000037.SZ,000037,20251209,91500210,0,63118,0,S,96000,700,
000037.SZ,000037,20251209,91500230,0,67724,0,S,96100,2000,
000037.SZ,000037,20251209,91500230,0,67789,0,S,90000,400,
000037.SZ,000037,20251209,91500230,0,67978,0,B,84000,400,
000037.SZ,000037,20251209,91500230,0,68028,0,B,86900,1000,
000037.SZ,000037,20251209,91500230,0,68029,0,B,86600,2000,
000037.SZ,000037,20251209,91500230,0,68030,0,B,86300,3000,
000037.SZ,000037,20251209,91500230,0,68073,0,B,85900,5000,
000037.SZ,000037,20251209,91500230,0,68074,0,B,85100,10000,
000037.SZ,000037,20251209,91500230,0,68854,0,S,96100,2400,
000037.SZ,000037,20251209,91500230,0,68858,0,B,78700,1000,
000037.SZ,000037,20251209,91500230,0,68860,0,S,96100,1000,
000037.SZ,000037,20251209,91500240,0,70582,0,S,89800,5000,
000037.SZ,000037,20251209,91500240,0,70924,0,S,94400,1600,
000037.SZ,000037,20251209,91500250,0,72339,0,S,92000,2200,
000037.SZ,000037,20251209,91500250,0,72341,0,S,95500,5400,
000037.SZ,000037,20251209,91500250,0,72392,0,B,84000,2300,
000037.SZ,000037,20251209,91500270,0,74710,0,S,95000,1700,
000037.SZ,000037,20251209,91500270,0,75771,0,S,95300,300,
000037.SZ,000037,20251209,91500270,0,75772,0,S,92500,300,
000037.SZ,000037,20251209,91500270,0,75777,0,S,89500,300,
000037.SZ,000037,20251209,91500290,0,79165,0,S,96100,800,
000037.SZ,000037,20251209,91500290,0,79175,0,B,84400,800,
000037.SZ,000037,20251209,91500300,0,80517,0,B,78800,2000,
000037.SZ,000037,20251209,91500300,0,80606,0,S,96100,400,
000037.SZ,000037,20251209,91500300,0,80607,0,S,91800,400,
000037.SZ,000037,20251209,91500310,0,82288,0,B,82100,100,
000037.SZ,000037,20251209,91500310,0,82478,0,B,87000,500,
000037.SZ,000037,20251209,91500310,0,82483,0,B,86500,1000,
000037.SZ,000037,20251209,91500320,0,84660,0,B,84000,400,
000037.SZ,000037,20251209,91500330,0,85784,0,S,95500,300,
000037.SZ,000037,20251209,91500330,0,86874,0,S,94000,500,
000037.SZ,000037,20251209,91500350,0,90349,0,S,96100,1000,
000037.SZ,000037,20251209,91500360,0,91692,0,S,88000,1600,
000037.SZ,000037,20251209,91500360,0,92232,0,S,96100,500,
000037.SZ,000037,20251209,91500400,0,96427,0,B,85100,200,
000037.SZ,000037,20251209,91500400,0,97014,0,B,87400,100,
000037.SZ,000037,20251209,91500410,0,98157,0,S,96100,15800,
000037.SZ,000037,20251209,91500410,0,98697,0,B,85100,100,
000037.SZ,000037,20251209,91500430,0,101109,0,B,78800,20000,
000037.SZ,000037,20251209,91500440,0,102416,0,B,87000,1200,
000037.SZ,000037,20251209,91500440,0,102417,0,B,86500,1200,
000037.SZ,000037,20251209,91500450,0,103972,0,S,95600,1200,
000037.SZ,000037,20251209,91500450,0,104112,0,S,96100,1200,
000037.SZ,000037,20251209,91500460,0,104353,0,S,91000,600,
000037.SZ,000037,20251209,91500460,0,104710,0,B,86500,200,
000037.SZ,000037,20251209,91500460,0,104715,0,S,89700,700,
000037.SZ,000037,20251209,91500480,0,106802,0,S,96000,400,
000037.SZ,000037,20251209,91500490,0,108721,0,S,96100,1800,
000037.SZ,000037,20251209,91500510,0,111657,0,S,95000,300,
000037.SZ,000037,20251209,91500510,0,111819,0,S,96000,600,
000037.SZ,000037,20251209,91500530,0,113576,0,S,90500,300,
000037.SZ,000037,20251209,91500530,0,113577,0,S,95000,300,
000037.SZ,000037,20251209,91500550,0,115826,0,B,86100,800,
000037.SZ,000037,20251209,91500550,0,115846,0,S,96000,2000,
000037.SZ,000037,20251209,91500560,0,116856,0,S,96000,300,
000037.SZ,000037,20251209,91500580,0,119297,0,S,88900,1200,
000037.SZ,000037,20251209,91500580,0,119300,0,S,92100,1000,
000037.SZ,000037,20251209,91500580,0,119725,0,S,96100,3000,
000037.SZ,000037,20251209,91500590,0,120250,0,B,87300,1000,
000037.SZ,000037,20251209,91500600,0,121551,0,S,94000,9100,
000037.SZ,000037,20251209,91500610,0,122327,0,B,84000,3000,
000037.SZ,000037,20251209,91500650,0,127347,0,S,94300,3000,
000037.SZ,000037,20251209,91500660,0,127651,0,S,88500,1100,
000037.SZ,000037,20251209,91500660,0,127665,0,S,89700,1100,
000037.SZ,000037,20251209,91500670,0,129124,0,S,96100,5700,
000037.SZ,000037,20251209,91500680,0,130222,0,S,88200,3000,
000037.SZ,000037,20251209,91500680,0,130223,0,B,85900,3000,
000037.SZ,000037,20251209,91500680,0,130231,0,S,89800,3000,
000037.SZ,000037,20251209,91500680,0,130232,0,S,90200,3000,
000037.SZ,000037,20251209,91500680,0,130247,0,S,91000,3000,
000037.SZ,000037,20251209,91500680,0,130282,0,S,91600,1900,
000037.SZ,000037,20251209,91500680,0,130285,0,S,92500,3000,
000037.SZ,000037,20251209,91500680,0,130286,0,S,93500,3000,
000037.SZ,000037,20251209,91500680,0,130298,0,S,93000,600,
000037.SZ,000037,20251209,91500700,0,132452,0,S,92800,16200,
000037.SZ,000037,20251209,91500700,0,132453,0,S,93800,16300,
000037.SZ,000037,20251209,91500710,0,133576,0,S,96100,300,
000037.SZ,000037,20251209,91500720,0,134668,0,B,85700,2000,
000037.SZ,000037,20251209,91500720,0,134819,0,S,95600,200,
000037.SZ,000037,20251209,91500760,0,138208,0,S,96000,100,
000037.SZ,000037,20251209,91500770,0,138875,0,S,91800,100,
000037.SZ,000037,20251209,91500770,0,138881,0,S,92800,100,
000037.SZ,000037,20251209,91500770,0,138883,0,S,93800,100,
000037.SZ,000037,20251209,91500770,0,138884,0,S,95000,100,
000037.SZ,000037,20251209,91500770,0,138885,0,S,95800,100,
000037.SZ,000037,20251209,91500800,0,141288,0,S,89700,8000,
000037.SZ,000037,20251209,91500810,0,142689,0,S,95000,200,
000037.SZ,000037,20251209,91500830,0,144451,0,S,96100,3800,
000037.SZ,000037,20251209,91500890,0,149055,0,S,96000,1000,
000037.SZ,000037,20251209,91500890,0,149186,0,S,96100,14200,
000037.SZ,000037,20251209,91500930,0,151625,0,B,85000,500,
000037.SZ,000037,20251209,91500950,0,153224,0,S,90800,6400,
000037.SZ,000037,20251209,91501020,0,159310,0,S,96100,600,
000037.SZ,000037,20251209,91501030,0,160191,0,S,96000,3500,
000037.SZ,000037,20251209,91501060,0,161818,0,S,91900,1000,
000037.SZ,000037,20251209,91501090,0,164228,0,B,82600,200,
000037.SZ,000037,20251209,91501110,0,165873,0,B,83300,9200,
000037.SZ,000037,20251209,91501140,0,167934,0,B,86000,4900,
000037.SZ,000037,20251209,91501150,0,168226,0,S,96100,1000,
000037.SZ,000037,20251209,91501150,0,168714,0,S,88700,300,
000037.SZ,000037,20251209,91501150,0,168720,0,S,93500,600,
000037.SZ,000037,20251209,91501150,0,168751,0,S,96000,400,
000037.SZ,000037,20251209,91501180,0,171068,0,S,88600,2000,
000037.SZ,000037,20251209,91501180,0,171111,0,S,96000,500,
000037.SZ,000037,20251209,91501190,0,171874,0,S,96000,1800,
000037.SZ,000037,20251209,91501190,0,171875,0,S,95000,1000,
000037.SZ,000037,20251209,91501190,0,171876,0,S,94000,1000,
000037.SZ,000037,20251209,91501190,0,171877,0,S,93000,1000,
000037.SZ,000037,20251209,91501190,0,171941,0,B,81900,100,
000037.SZ,000037,20251209,91501250,0,175887,0,S,96100,200,
000037.SZ,000037,20251209,91501300,0,178665,0,S,94500,1000,
000037.SZ,000037,20251209,91501300,0,178771,0,S,88500,1000,
000037.SZ,000037,20251209,91501310,0,179107,0,B,80000,400,
000037.SZ,000037,20251209,91501360,0,182283,0,S,96000,3200,
000037.SZ,000037,20251209,91501370,0,182748,0,B,85000,100,
000037.SZ,000037,20251209,91501380,0,183373,0,S,96000,100,
000037.SZ,000037,20251209,91501400,0,184870,0,B,86000,1200,
000037.SZ,000037,20251209,91501400,0,184871,0,B,85500,1200,
000037.SZ,000037,20251209,91501410,0,186040,0,S,96100,10000,
000037.SZ,000037,20251209,91501420,0,186498,0,S,96100,3000,
000037.SZ,000037,20251209,91501420,0,186505,0,S,96000,3000,
000037.SZ,000037,20251209,91501420,0,186887,0,S,88500,900,
000037.SZ,000037,20251209,91501470,0,189804,0,S,90500,35000,
000037.SZ,000037,20251209,91501490,0,191114,0,B,80000,500,
000037.SZ,000037,20251209,91501500,0,192098,0,S,96100,500,
000037.SZ,000037,20251209,91501500,0,192259,0,B,86500,2000,
000037.SZ,000037,20251209,91501520,0,194342,0,S,96100,700,
000037.SZ,000037,20251209,91501520,0,194501,0,S,88900,1500,
000037.SZ,000037,20251209,91501520,0,194557,0,B,87100,2000,
000037.SZ,000037,20251209,91501570,0,198598,0,S,88600,3400,
000037.SZ,000037,20251209,91501590,0,199927,0,B,85200,1000,
000037.SZ,000037,20251209,91501590,0,199937,0,S,90800,4000,
000037.SZ,000037,20251209,91501640,0,202636,0,S,90000,300,
000037.SZ,000037,20251209,91501690,0,206531,0,B,86000,1200,
000037.SZ,000037,20251209,91501700,0,206731,0,S,96000,600,
000037.SZ,000037,20251209,91501750,0,209455,0,S,96100,1100,
000037.SZ,000037,20251209,91501800,0,211603,0,S,89900,3000,
000037.SZ,000037,20251209,91501810,0,212090,0,S,95700,2200,
000037.SZ,000037,20251209,91501820,0,212389,0,S,95000,500,
000037.SZ,000037,20251209,91501840,0,213147,0,S,96100,100,
000037.SZ,000037,20251209,91501840,0,213407,0,S,92800,8900,
000037.SZ,000037,20251209,91501840,0,213476,0,B,86400,100,
000037.SZ,000037,20251209,91501840,0,213477,0,B,86900,100,
000037.SZ,000037,20251209,91501980,0,219397,0,S,95600,104500,
000037.SZ,000037,20251209,91501980,0,219778,0,S,94500,8000,
000037.SZ,000037,20251209,91502120,0,226533,0,S,95200,500,
000037.SZ,000037,20251209,91502130,0,226844,0,B,82900,9600,
000037.SZ,000037,20251209,91502150,0,227312,0,B,87400,200,
000037.SZ,000037,20251209,91502150,0,227738,0,S,96100,4000,
000037.SZ,000037,20251209,91502170,0,228586,0,S,88200,100,
000037.SZ,000037,20251209,91502200,0,230619,0,S,96100,500,
000037.SZ,000037,20251209,91502200,0,230632,0,S,88000,1500,
000037.SZ,000037,20251209,91502230,0,231976,0,S,88500,400,
000037.SZ,000037,20251209,91502290,0,234289,0,S,94400,200,
000037.SZ,000037,20251209,91502300,0,234609,0,S,95500,200,
000037.SZ,000037,20251209,91502320,0,235433,0,S,94400,200,
000037.SZ,000037,20251209,91502330,0,236303,0,S,96000,2000,
000037.SZ,000037,20251209,91502410,0,238875,0,S,88400,100,
000037.SZ,000037,20251209,91502410,0,238882,0,S,89400,100,
000037.SZ,000037,20251209,91502410,0,238883,0,S,89800,100,
000037.SZ,000037,20251209,91502420,0,239640,0,S,88500,1200,
000037.SZ,000037,20251209,91502420,0,239641,0,S,89000,1200,
000037.SZ,000037,20251209,91502420,0,239642,0,S,89500,1200,
000037.SZ,000037,20251209,91502420,0,239644,0,S,90000,1200,
000037.SZ,000037,20251209,91502420,0,239646,0,S,90500,1200,
000037.SZ,000037,20251209,91502420,0,239650,0,S,91000,1100,
000037.SZ,000037,20251209,91502420,0,239652,0,S,91500,1100,
000037.SZ,000037,20251209,91502420,0,239653,0,S,92000,1100,
000037.SZ,000037,20251209,91502420,0,239655,0,S,92500,1100,
000037.SZ,000037,20251209,91502420,0,239658,0,S,93000,1100,
000037.SZ,000037,20251209,91502420,0,239663,0,S,93500,1100,
000037.SZ,000037,20251209,91502420,0,239664,0,S,94000,1100,
000037.SZ,000037,20251209,91502420,0,239677,0,S,94500,1100,
000037.SZ,000037,20251209,91502420,0,239679,0,S,95000,1100,
000037.SZ,000037,20251209,91502420,0,239705,0,S,95500,1100,
000037.SZ,000037,20251209,91502430,0,239707,0,S,96000,1100,
000037.SZ,000037,20251209,91502670,0,251416,0,B,85600,100,
000037.SZ,000037,20251209,91502670,0,251418,0,B,86100,100,
000037.SZ,000037,20251209,91502670,0,251421,0,S,89300,200,
000037.SZ,000037,20251209,91502670,0,251426,0,S,90000,200,
000037.SZ,000037,20251209,91502670,0,251428,0,S,90900,300,
000037.SZ,000037,20251209,91502670,0,251438,0,S,91100,200,
000037.SZ,000037,20251209,91502670,0,251444,0,S,96100,1200,
000037.SZ,000037,20251209,91502670,0,251453,0,S,89100,100,
000037.SZ,000037,20251209,91502670,0,251459,0,S,89800,100,
000037.SZ,000037,20251209,91502700,0,252499,0,S,91600,1000,
000037.SZ,000037,20251209,91502800,0,255126,0,S,95000,100,
000037.SZ,000037,20251209,91502800,0,255129,0,S,93500,200,
000037.SZ,000037,20251209,91502800,0,255134,0,S,95000,300,
000037.SZ,000037,20251209,91502950,0,259169,0,S,87300,200,
000037.SZ,000037,20251209,91503020,0,261839,0,S,89500,100,
000037.SZ,000037,20251209,91503020,0,261841,0,S,91300,200,
000037.SZ,000037,20251209,91503020,0,261843,0,S,92100,200,
000037.SZ,000037,20251209,91503020,0,261845,0,S,95200,300,
000037.SZ,000037,20251209,91503020,0,261846,0,S,96100,300,
000037.SZ,000037,20251209,91503100,0,264062,0,S,86900,100,
000037.SZ,000037,20251209,91503150,0,265500,0,B,86700,1000,
000037.SZ,000037,20251209,91503180,0,266663,0,S,89500,500,
000037.SZ,000037,20251209,91503180,0,266664,0,S,90400,1000,
000037.SZ,000037,20251209,91503320,0,269433,0,S,92800,3400,
000037.SZ,000037,20251209,91503350,0,270176,0,B,79700,5000,
000037.SZ,000037,20251209,91503460,0,272977,0,B,84200,100,
000037.SZ,000037,20251209,91503550,0,276377,0,B,85000,4600,
000037.SZ,000037,20251209,91503560,0,276834,0,B,85900,1200,
000037.SZ,000037,20251209,91503580,0,277494,0,S,87300,100,
000037.SZ,000037,20251209,91503590,0,277732,0,S,90000,900,
000037.SZ,000037,20251209,91503620,0,278594,0,S,96100,4000,
000037.SZ,000037,20251209,91503630,0,278902,0,S,89000,800,
000037.SZ,000037,20251209,91503670,0,279851,0,S,95600,500,
000037.SZ,000037,20251209,91503730,0,281483,0,S,96000,20000,
000037.SZ,000037,20251209,91503770,0,282065,0,S,96100,3000,
000037.SZ,000037,20251209,91503840,0,282919,0,S,89700,1000,
000037.SZ,000037,20251209,91503840,0,282920,0,S,90400,1000,
000037.SZ,000037,20251209,91503870,0,283113,0,B,86900,3000,
000037.SZ,000037,20251209,91504190,0,288609,0,S,96100,4100,
000037.SZ,000037,20251209,91504210,0,288897,0,B,85000,400,
000037.SZ,000037,20251209,91504210,0,288898,0,S,90300,600,
000037.SZ,000037,20251209,91504380,0,291205,0,S,92500,1400,
000037.SZ,000037,20251209,91504440,0,292124,0,S,94300,200,
000037.SZ,000037,20251209,91504530,0,293729,0,S,94500,1000,
000037.SZ,000037,20251209,91504540,0,293852,0,B,87000,1000,
000037.SZ,000037,20251209,91504540,0,293853,0,B,85900,1000,
000037.SZ,000037,20251209,91504540,0,293854,0,S,88500,1000,
000037.SZ,000037,20251209,91504540,0,293855,0,S,89300,1000,
000037.SZ,000037,20251209,91504570,0,294899,0,B,87400,100,
000037.SZ,000037,20251209,91504650,0,296195,0,S,86000,200,
000037.SZ,000037,20251209,91504750,0,297627,0,S,88900,1000,
000037.SZ,000037,20251209,91504750,0,297631,0,S,89800,1000,
000037.SZ,000037,20251209,91504750,0,297632,0,S,90300,600,
000037.SZ,000037,20251209,91505160,0,299973,0,S,96000,3100,
000037.SZ,000037,20251209,91505180,0,300320,0,B,85600,2000,
000037.SZ,000037,20251209,91505230,0,300832,0,S,96100,100,
000037.SZ,000037,20251209,91505330,0,301388,0,S,88800,400,
000037.SZ,000037,20251209,91505560,0,303926,0,S,89400,1800,
000037.SZ,000037,20251209,91505620,0,304909,0,S,96000,500,
000037.SZ,000037,20251209,91506110,0,307585,0,S,96100,1900,
000037.SZ,000037,20251209,91506110,0,307592,0,S,90200,5600,
000037.SZ,000037,20251209,91506190,0,308278,0,S,90300,400,
000037.SZ,000037,20251209,91506190,0,308279,0,S,92700,800,
000037.SZ,000037,20251209,91506560,0,310262,0,B,85800,200,
000037.SZ,000037,20251209,91506580,0,310407,0,S,96100,100,
000037.SZ,000037,20251209,91506620,0,310778,0,S,95700,600,
000037.SZ,000037,20251209,91506620,0,310779,0,S,93600,300,
000037.SZ,000037,20251209,91506620,0,310780,0,S,91800,200,
000037.SZ,000037,20251209,91506750,0,311729,0,S,96000,1300,
000037.SZ,000037,20251209,91507090,0,312788,0,S,96100,1000,
000037.SZ,000037,20251209,91507230,0,313608,0,S,96100,1500,
000037.SZ,000037,20251209,91507340,0,313917,0,S,90400,400,
000037.SZ,000037,20251209,91507520,0,314367,0,S,96100,400,
000037.SZ,000037,20251209,91507640,0,315300,0,S,89300,100,
000037.SZ,000037,20251209,91508540,0,317338,0,S,92600,1900,
000037.SZ,000037,20251209,91508540,0,317339,0,S,94400,1000,
000037.SZ,000037,20251209,91508650,0,318058,0,S,91600,1500,
000037.SZ,000037,20251209,91508650,0,318059,0,S,93600,1000,
000037.SZ,000037,20251209,91510620,0,321579,0,S,92500,1000,
000037.SZ,000037,20251209,91510620,0,321583,0,S,93500,1000,
000037.SZ,000037,20251209,91510620,0,321585,0,S,95500,1000,
000037.SZ,000037,20251209,91511290,0,322374,0,S,91500,4400,
000037.SZ,000037,20251209,91511550,0,322667,0,S,96100,3000,
000037.SZ,000037,20251209,91511650,0,323047,0,S,88900,200,
000037.SZ,000037,20251209,91511650,0,323049,0,B,86900,200,
000037.SZ,000037,20251209,91512200,0,323476,0,S,96100,4000,
000037.SZ,000037,20251209,91512730,0,324175,0,S,96100,2300,
000037.SZ,000037,20251209,91514580,0,324908,0,S,96100,400,
000037.SZ,000037,20251209,91558360,0,336638,0,B,87000,1800,
000037.SZ,000037,20251209,91603260,0,338345,0,S,91600,100,
000037.SZ,000037,20251209,91605620,0,339195,0,S,96100,300,
000037.SZ,000037,20251209,91608110,0,340026,0,S,93300,1000,
000037.SZ,000037,20251209,91630650,0,346880,0,B,86000,500,
000037.SZ,000037,20251209,91641240,0,350324,0,S,96000,3700,
000037.SZ,000037,20251209,91642480,0,350661,0,S,93000,800,
000037.SZ,000037,20251209,91656130,0,355116,0,B,86200,11900,
000037.SZ,000037,20251209,91710840,0,360139,0,S,96000,3600,
000037.SZ,000037,20251209,91725370,0,365239,0,S,96000,24700,
000037.SZ,000037,20251209,91732560,0,367795,0,S,95300,2000,
000037.SZ,000037,20251209,91739870,0,370455,0,S,95500,3000,
000037.SZ,000037,20251209,91745040,0,372343,0,B,86400,4000,
000037.SZ,000037,20251209,91751080,0,374704,0,S,89400,1600,
000037.SZ,000037,20251209,91755930,0,376468,0,S,93600,300,
000037.SZ,000037,20251209,91756020,0,376498,0,S,90000,800,
000037.SZ,000037,20251209,91803040,0,379161,0,S,93900,1000,
000037.SZ,000037,20251209,91803900,0,379435,0,B,78700,500,
000037.SZ,000037,20251209,91805610,0,380032,0,S,96100,18000,
000037.SZ,000037,20251209,91819420,0,385348,0,B,86300,800,
000037.SZ,000037,20251209,91819570,0,385384,0,S,91500,3300,
000037.SZ,000037,20251209,91820990,0,385921,0,S,93700,1000,
000037.SZ,000037,20251209,91821010,0,385932,0,S,90000,200,
000037.SZ,000037,20251209,91823530,0,386859,0,S,90600,6600,
000037.SZ,000037,20251209,91837800,0,392330,0,S,93300,5500,
000037.SZ,000037,20251209,91849310,0,396790,0,S,94300,600,
000037.SZ,000037,20251209,91852620,0,398056,0,S,96100,1000,
000037.SZ,000037,20251209,91855680,0,399356,0,S,95500,200,
000037.SZ,000037,20251209,91858050,0,400277,0,B,86000,100,
000037.SZ,000037,20251209,91902870,0,402272,0,S,90000,1500,
000037.SZ,000037,20251209,91916290,0,407800,0,S,87800,1000,
000037.SZ,000037,20251209,91917950,0,408470,0,B,86000,3000,
000037.SZ,000037,20251209,91920880,0,409786,0,S,96100,30000,
000037.SZ,000037,20251209,91927460,0,412621,0,S,87300,8400,
000037.SZ,000037,20251209,91935470,0,416148,0,S,96100,1400,
000037.SZ,000037,20251209,91939540,0,417894,0,S,96100,100,
000037.SZ,000037,20251209,92007320,0,429718,0,S,88900,200,
000037.SZ,000037,20251209,92009080,0,430269,0,S,90000,2200,
000037.SZ,000037,20251209,92015880,0,432662,0,B,87300,1000,
000037.SZ,000037,20251209,92021520,0,434541,0,S,88600,1100,
000037.SZ,000037,20251209,92039450,0,440919,0,B,86600,2400,
000037.SZ,000037,20251209,92053700,0,446002,0,S,96100,3100,
000037.SZ,000037,20251209,92057950,0,447584,0,B,78700,1300,
000037.SZ,000037,20251209,92058810,0,447902,0,B,86000,1000,
000037.SZ,000037,20251209,92059470,0,448135,0,S,88900,200,
000037.SZ,000037,20251209,92110090,0,452197,0,S,90800,300,
000037.SZ,000037,20251209,92112180,0,452995,0,S,92000,1200,
000037.SZ,000037,20251209,92120120,0,456015,0,S,90000,500,
000037.SZ,000037,20251209,92120720,0,456237,0,S,89100,500,
000037.SZ,000037,20251209,92128880,0,459343,0,S,88100,1200,
000037.SZ,000037,20251209,92130630,0,460098,0,B,86500,500,
000037.SZ,000037,20251209,92131020,0,460264,0,S,89000,48700,
000037.SZ,000037,20251209,92131950,0,460616,0,S,91200,600,
000037.SZ,000037,20251209,92139230,0,463449,0,S,91000,1000,
000037.SZ,000037,20251209,92140430,0,463972,0,S,91200,300,
000037.SZ,000037,20251209,92149950,0,467769,0,B,86700,100,
000037.SZ,000037,20251209,92151930,0,468564,0,S,93000,800,
000037.SZ,000037,20251209,92202560,0,473206,0,S,87300,500,
000037.SZ,000037,20251209,92202980,0,473432,0,S,89300,73000,
000037.SZ,000037,20251209,92205710,0,474607,0,B,87100,4000,
000037.SZ,000037,20251209,92214820,0,478530,0,S,95700,300,
000037.SZ,000037,20251209,92216480,0,479239,0,S,89700,300,
000037.SZ,000037,20251209,92216930,0,479419,0,B,86800,4000,
000037.SZ,000037,20251209,92220450,0,480875,0,S,95000,3000,
000037.SZ,000037,20251209,92227210,0,483936,0,B,87400,4000,
000037.SZ,000037,20251209,92228640,0,484518,0,S,93500,300,
000037.SZ,000037,20251209,92241530,0,490245,0,S,87200,300,
000037.SZ,000037,20251209,92242990,0,490922,0,S,95200,2300,
000037.SZ,000037,20251209,92247430,0,492959,0,S,90700,1300,
000037.SZ,000037,20251209,92249540,0,493912,0,S,87300,1000,
000037.SZ,000037,20251209,92250980,0,494595,0,S,89200,1000,
000037.SZ,000037,20251209,92251620,0,494934,0,B,86400,3300,
000037.SZ,000037,20251209,92253610,0,495787,0,S,92300,2000,
000037.SZ,000037,20251209,92259250,0,498436,0,S,88200,4000,
000037.SZ,000037,20251209,92300380,0,499004,0,S,91200,1000,
000037.SZ,000037,20251209,92304340,0,500915,0,S,96100,3000,
000037.SZ,000037,20251209,92305770,0,501559,0,S,87500,6000,
000037.SZ,000037,20251209,92305910,0,501617,0,B,85800,1000,
000037.SZ,000037,20251209,92309290,0,503256,0,B,85000,1500,
000037.SZ,000037,20251209,92311720,0,504466,0,B,87000,500,
000037.SZ,000037,20251209,92315380,0,506324,0,S,88100,2000,
000037.SZ,000037,20251209,92318950,0,508080,0,S,95500,200,
000037.SZ,000037,20251209,92322030,0,509725,0,B,86500,100,
000037.SZ,000037,20251209,92325720,0,511654,0,B,86300,400,
000037.SZ,000037,20251209,92332710,0,515620,0,B,87000,3000,
000037.SZ,000037,20251209,92334060,0,516346,0,S,88100,5000,
000037.SZ,000037,20251209,92335680,0,517263,0,B,86500,100,
000037.SZ,000037,20251209,92338330,0,518889,0,B,85800,400,
000037.SZ,000037,20251209,92344560,0,522324,0,S,88300,800,
000037.SZ,000037,20251209,92346100,0,523203,0,B,87100,400,
000037.SZ,000037,20251209,92354400,0,528015,0,S,96100,600,
000037.SZ,000037,20251209,92354770,0,528231,0,B,87300,300,
000037.SZ,000037,20251209,92356820,0,529339,0,B,86900,5000,
000037.SZ,000037,20251209,92403070,0,533331,0,B,86000,10000,
000037.SZ,000037,20251209,92403320,0,533493,0,S,96100,7000,
000037.SZ,000037,20251209,92406430,0,535618,0,S,95900,100,
000037.SZ,000037,20251209,92408660,0,537216,0,S,88200,1200,
000037.SZ,000037,20251209,92412620,0,540133,0,S,87900,3000,
000037.SZ,000037,20251209,92419580,0,545495,0,B,87200,200,
000037.SZ,000037,20251209,92421370,0,547010,0,S,96100,3000,
000037.SZ,000037,20251209,92424250,0,549465,0,B,86300,4900,
000037.SZ,000037,20251209,92431790,0,556272,0,S,88800,4000,
000037.SZ,000037,20251209,92436080,0,560022,0,B,86100,5000,
000037.SZ,000037,20251209,92441130,0,565243,0,S,87900,2000,
000037.SZ,000037,20251209,92442060,0,566167,0,S,87200,200,
000037.SZ,000037,20251209,92443500,0,567544,0,S,96000,1100,
000037.SZ,000037,20251209,92444200,0,568288,0,S,78700,6600,
000037.SZ,000037,20251209,92447300,0,571438,0,B,87600,400,
000037.SZ,000037,20251209,92450000,0,574803,0,S,94100,13900,
000037.SZ,000037,20251209,92450130,0,575089,0,B,88200,600,
000037.SZ,000037,20251209,92450230,0,575285,0,S,85800,1000,
000037.SZ,000037,20251209,92453870,0,580741,0,S,94000,600,
000037.SZ,000037,20251209,92455840,0,584090,0,B,78800,5000,
000037.SZ,000037,20251209,92458400,0,591258,0,B,89400,300,
000037.SZ,000037,20251209,92459890,0,596778,0,S,84600,1100,
000037.SZ,000037,20251209,93000050,0,700399,0,S,96100,5300,
000037.SZ,000037,20251209,93000060,0,703384,0,S,89800,5400,
000037.SZ,000037,20251209,93000060,0,705625,0,S,87100,400,
000037.SZ,000037,20251209,93000080,0,716265,0,S,96100,3000,
000037.SZ,000037,20251209,93000080,0,717464,0,S,87100,500,
000037.SZ,000037,20251209,93000090,0,723837,0,B,87200,1600,
000037.SZ,000037,20251209,93000110,0,731838,0,S,96100,1000,
000037.SZ,000037,20251209,93000110,0,731841,0,S,89700,2000,
000037.SZ,000037,20251209,93000110,0,732041,0,S,88200,1000,
000037.SZ,000037,20251209,93000120,0,742248,0,S,87200,4700,
000037.SZ,000037,20251209,93000140,0,749803,0,S,88000,12700,
000037.SZ,000037,20251209,93000150,0,756204,0,S,96000,400,
000037.SZ,000037,20251209,93000180,0,772583,0,S,93900,2700,
000037.SZ,000037,20251209,93000190,0,777749,0,S,96100,2500,
000037.SZ,000037,20251209,93000200,0,784809,0,S,87100,19100,
000037.SZ,000037,20251209,93000210,0,787934,0,S,87100,1600,
000037.SZ,000037,20251209,93000230,0,792714,0,B,87100,100,
000037.SZ,000037,20251209,93000240,0,798121,0,S,89000,1000,
000037.SZ,000037,20251209,93000250,0,800516,0,S,87900,2100,
000037.SZ,000037,20251209,93000260,0,806567,0,S,88000,1000,
000037.SZ,000037,20251209,93000270,0,807585,0,B,87200,1100,
000037.SZ,000037,20251209,93000290,0,815244,0,B,86300,1000,
000037.SZ,000037,20251209,93000300,0,816768,0,B,85100,400,
000037.SZ,000037,20251209,93000300,0,818964,0,S,87100,4600,
000037.SZ,000037,20251209,93000330,0,826173,0,B,86900,500,
000037.SZ,000037,20251209,93000330,0,827836,0,B,87100,5500,
000037.SZ,000037,20251209,93000350,0,831098,0,B,87200,500,
000037.SZ,000037,20251209,93000350,0,832278,0,S,87800,2000,
000037.SZ,000037,20251209,93000380,0,837626,0,S,96000,1400,
000037.SZ,000037,20251209,93000430,0,848088,0,S,90300,5900,
000037.SZ,000037,20251209,93000450,0,850292,0,B,83000,100,
000037.SZ,000037,20251209,93000450,0,851171,0,S,87100,100,
000037.SZ,000037,20251209,93000510,0,860227,0,B,87000,1500,
000037.SZ,000037,20251209,93000530,0,862370,0,B,85900,1000,
000037.SZ,000037,20251209,93000550,0,866832,0,S,92000,200,
000037.SZ,000037,20251209,93000550,0,866866,0,S,96100,200,
000037.SZ,000037,20251209,93000570,0,869673,0,B,86500,5000,
000037.SZ,000037,20251209,93000570,0,870404,0,S,89800,300,
000037.SZ,000037,20251209,93000580,0,871660,0,B,86800,1000,
000037.SZ,000037,20251209,93000660,0,884817,0,S,89900,500,
000037.SZ,000037,20251209,93000670,0,886326,0,B,86600,500,
000037.SZ,000037,20251209,93000680,0,888124,0,S,87100,100,
000037.SZ,000037,20251209,93000680,0,888633,0,B,86300,1000,
000037.SZ,000037,20251209,93000680,0,888921,0,B,86500,800,
000037.SZ,000037,20251209,93000680,0,889176,0,S,91000,6000,
000037.SZ,000037,20251209,93000690,0,890990,0,S,96100,1000,
000037.SZ,000037,20251209,93000740,0,898319,0,S,94000,6000,
000037.SZ,000037,20251209,93000750,0,899330,0,B,86500,10000,
000037.SZ,000037,20251209,93000780,0,904088,0,B,87000,1000,
000037.SZ,000037,20251209,93000800,0,906877,0,S,87100,5000,
000037.SZ,000037,20251209,93000800,0,907458,0,B,85000,5500,
000037.SZ,000037,20251209,93000820,0,909842,0,B,85200,1900,
000037.SZ,000037,20251209,93000830,0,911097,0,S,88500,1000,
000037.SZ,000037,20251209,93000840,0,913784,0,B,86200,5000,
000037.SZ,000037,20251209,93000850,0,914471,0,S,90700,200,
000037.SZ,000037,20251209,93000850,0,915039,0,B,86000,2200,
000037.SZ,000037,20251209,93000850,0,915250,0,S,91800,5600,
000037.SZ,000037,20251209,93000860,0,916399,0,S,88900,200,
000037.SZ,000037,20251209,93000860,0,917441,0,B,85200,100,
000037.SZ,000037,20251209,93000950,0,930585,0,B,86600,600,
000037.SZ,000037,20251209,93000970,0,933890,0,B,86100,5800,
000037.SZ,000037,20251209,93001010,0,938853,0,B,85100,500,
000037.SZ,000037,20251209,93001010,0,939168,0,S,96100,300,
000037.SZ,000037,20251209,93001030,0,942144,0,S,89200,1000,
000037.SZ,000037,20251209,93001030,0,943035,0,S,88500,300,
000037.SZ,000037,20251209,93001050,0,945569,0,B,87100,500,
000037.SZ,000037,20251209,93001080,0,949145,0,S,94000,1500,
000037.SZ,000037,20251209,93001080,0,949172,0,S,88200,3000,
000037.SZ,000037,20251209,93001090,0,949925,0,B,87100,200,
000037.SZ,000037,20251209,93001100,0,951508,0,S,89900,1100,
000037.SZ,000037,20251209,93001110,0,952375,0,B,85100,700,
000037.SZ,000037,20251209,93001120,0,952633,0,S,95900,500,
000037.SZ,000037,20251209,93001130,0,954785,0,B,86500,100,
000037.SZ,000037,20251209,93001130,0,955438,0,B,85200,500,
000037.SZ,000037,20251209,93001140,0,956464,0,S,89000,5100,
000037.SZ,000037,20251209,93001160,0,957622,0,S,87100,3200,
000037.SZ,000037,20251209,93001200,0,962343,0,B,86200,1500,
000037.SZ,000037,20251209,93001240,0,965949,0,B,86500,500,
000037.SZ,000037,20251209,93001310,0,971823,0,B,86600,200,
000037.SZ,000037,20251209,93001360,0,974946,0,S,88100,21800,
000037.SZ,000037,20251209,93001380,0,976759,0,S,91300,1600,
000037.SZ,000037,20251209,93001460,0,983077,0,B,87000,100,
000037.SZ,000037,20251209,93001460,0,983187,0,B,86700,200,
000037.SZ,000037,20251209,93001480,0,984702,0,B,87100,500,
000037.SZ,000037,20251209,93001570,0,993707,0,S,91800,500,
000037.SZ,000037,20251209,93001610,0,997316,0,S,87800,400,
000037.SZ,000037,20251209,93001640,0,1000400,0,S,88600,200,
000037.SZ,000037,20251209,93001640,0,1000678,0,B,85700,200,
000037.SZ,000037,20251209,93001670,0,1003366,0,S,90600,1000,
000037.SZ,000037,20251209,93001730,0,1008753,0,S,91000,1300,
000037.SZ,000037,20251209,93001740,0,1009574,0,B,87100,1500,
000037.SZ,000037,20251209,93001770,0,1011639,0,B,86800,300,
000037.SZ,000037,20251209,93001780,0,1012223,0,B,86900,1200,
000037.SZ,000037,20251209,93001780,0,1012610,0,S,90000,1500,
000037.SZ,000037,20251209,93001780,0,1012783,0,B,82200,10000,
000037.SZ,000037,20251209,93001810,0,1015611,0,B,85200,300,
000037.SZ,000037,20251209,93001850,0,1018496,0,S,87900,1900,
000037.SZ,000037,20251209,93001860,0,1019766,0,B,87000,2000,
000037.SZ,000037,20251209,93001870,0,1021073,0,S,87900,100,
000037.SZ,000037,20251209,93001900,0,1023288,0,B,87200,200,
000037.SZ,000037,20251209,93001920,0,1024901,0,B,85900,1000,
000037.SZ,000037,20251209,93002000,0,1034493,0,S,87100,500,
000037.SZ,000037,20251209,93002130,0,1045702,0,B,81600,20000,
000037.SZ,000037,20251209,93002300,0,1057038,0,B,87100,100,
000037.SZ,000037,20251209,93002300,0,1057084,0,B,87100,100,
000037.SZ,000037,20251209,93002300,0,1057150,0,B,87100,100,
000037.SZ,000037,20251209,93002310,0,1057163,0,B,87100,100,
000037.SZ,000037,20251209,93002310,0,1057266,0,S,88400,10000,
000037.SZ,000037,20251209,93002350,0,1059580,0,S,87200,5800,
000037.SZ,000037,20251209,93002370,0,1060451,0,S,88000,1000,
000037.SZ,000037,20251209,93002410,0,1062215,0,S,96100,600,
000037.SZ,000037,20251209,93002410,0,1062318,0,S,88200,2000,
000037.SZ,000037,20251209,93002460,0,1066092,0,S,96100,500,
000037.SZ,000037,20251209,93002550,0,1070940,0,B,85500,1000,
000037.SZ,000037,20251209,93002590,0,1073473,0,B,85200,1000,
000037.SZ,000037,20251209,93002600,0,1074214,0,B,87000,100,
000037.SZ,000037,20251209,93002630,0,1076791,0,B,86000,500,
000037.SZ,000037,20251209,93002660,0,1079241,0,B,86800,2000,
000037.SZ,000037,20251209,93002680,0,1080777,0,B,86500,500,
000037.SZ,000037,20251209,93002730,0,1083176,0,S,91600,200,
000037.SZ,000037,20251209,93002850,0,1090528,0,S,87800,6000,
000037.SZ,000037,20251209,93002920,0,1094525,0,S,87500,900,
000037.SZ,000037,20251209,93002930,0,1095226,0,B,86100,100,
000037.SZ,000037,20251209,93002960,0,1097857,0,S,88300,13200,
000037.SZ,000037,20251209,93003130,0,1109865,0,S,96100,2200,
000037.SZ,000037,20251209,93003170,0,1112474,0,S,91800,67700,
000037.SZ,000037,20251209,93003190,0,1113519,0,S,94800,22100,
000037.SZ,000037,20251209,93003200,0,1114046,0,S,87000,12200,
000037.SZ,000037,20251209,93003220,0,1114853,0,S,88200,800,
000037.SZ,000037,20251209,93003270,0,1117289,0,S,94800,100,
000037.SZ,000037,20251209,93003280,0,1117791,0,S,87000,1400,
000037.SZ,000037,20251209,93003290,0,1118152,0,S,87000,1200,
000037.SZ,000037,20251209,93003290,0,1118153,0,S,87000,1100,
000037.SZ,000037,20251209,93003300,0,1118898,0,S,87000,300,
000037.SZ,000037,20251209,93003310,0,1119345,0,S,87000,600,
000037.SZ,000037,20251209,93003320,0,1119498,0,S,88000,100,
000037.SZ,000037,20251209,93003320,0,1119691,0,S,87000,1200,
000037.SZ,000037,20251209,93003430,0,1124706,0,B,87000,1000,
000037.SZ,000037,20251209,93003470,0,1126523,0,B,87100,100,
000037.SZ,000037,20251209,93003470,0,1126622,0,S,96000,31400,
000037.SZ,000037,20251209,93003580,0,1132228,0,S,95000,400,
000037.SZ,000037,20251209,93003580,0,1132283,0,S,86900,500,
000037.SZ,000037,20251209,93003650,0,1136422,0,S,93500,1400,
000037.SZ,000037,20251209,93003670,0,1137526,0,S,89200,1000,
000037.SZ,000037,20251209,93003680,0,1138517,0,S,87000,1500,
000037.SZ,000037,20251209,93003690,0,1139224,0,B,79000,100,
000037.SZ,000037,20251209,93003780,0,1144304,0,B,85600,100,
000037.SZ,000037,20251209,93003840,0,1146655,0,B,81800,600,
000037.SZ,000037,20251209,93003860,0,1147527,0,S,85500,11100,
000037.SZ,000037,20251209,93003950,0,1151009,0,B,86500,3000,
000037.SZ,000037,20251209,93003950,0,1151406,0,B,87300,1600,
000037.SZ,000037,20251209,93004030,0,1156299,0,B,85800,400,
000037.SZ,000037,20251209,93004100,0,1159998,0,B,87100,2300,
000037.SZ,000037,20251209,93004230,0,1165507,0,B,85700,2600,
000037.SZ,000037,20251209,93004960,0,1194895,0,B,86500,400,
000037.SZ,000037,20251209,93005040,0,1199286,0,B,86500,200,
000037.SZ,000037,20251209,93005130,0,1203158,0,S,96000,300,
000037.SZ,000037,20251209,93005520,0,1212670,0,S,88500,400,
000037.SZ,000037,20251209,93005570,0,1214027,0,S,89000,400,
000037.SZ,000037,20251209,93005870,0,1222530,0,S,94000,100,
000037.SZ,000037,20251209,93005990,0,1226111,0,S,85500,7500,
000037.SZ,000037,20251209,93006150,0,1232969,0,S,87000,100,
000037.SZ,000037,20251209,93006150,0,1232977,0,B,86800,900,
000037.SZ,000037,20251209,93006230,0,1235284,0,B,86800,500,
000037.SZ,000037,20251209,93006240,0,1235650,0,B,86800,900,
000037.SZ,000037,20251209,93006250,0,1235681,0,B,86700,1200,
000037.SZ,000037,20251209,93006330,0,1238170,0,B,87000,800,
000037.SZ,000037,20251209,93006510,0,1242537,0,S,90500,1600,
000037.SZ,000037,20251209,93006680,0,1248770,0,B,86600,1000,
000037.SZ,000037,20251209,93006750,0,1250271,0,B,86700,900,
000037.SZ,000037,20251209,93006770,0,1250979,0,B,86700,100,
000037.SZ,000037,20251209,93007620,0,1274286,0,B,87000,1200,
000037.SZ,000037,20251209,93008070,0,1286024,0,B,86700,100,
000037.SZ,000037,20251209,93008370,0,1290100,0,B,86800,500,
000037.SZ,000037,20251209,93008610,0,1293849,0,B,87000,5000,
000037.SZ,000037,20251209,93008660,0,1294744,0,S,87000,2300,
000037.SZ,000037,20251209,93009190,0,1303280,0,S,87000,700,
000037.SZ,000037,20251209,93009250,0,1304365,0,S,87000,300,
000037.SZ,000037,20251209,93009250,0,1304377,0,S,87000,400,
000037.SZ,000037,20251209,93009300,0,1305206,0,S,87000,400,
000037.SZ,000037,20251209,93009620,0,1314393,0,B,84200,500,
000037.SZ,000037,20251209,93009730,0,1316672,0,S,90800,600,
000037.SZ,000037,20251209,93010550,0,1331403,0,B,86800,100,
000037.SZ,000037,20251209,93012720,0,1362300,0,B,85000,500,
000037.SZ,000037,20251209,93012840,0,1363765,0,S,87000,1300,
000037.SZ,000037,20251209,93012840,0,1363876,0,S,87000,1500,
000037.SZ,000037,20251209,93013000,0,1366530,0,B,87000,500,
000037.SZ,000037,20251209,93013010,0,1366598,0,B,87000,100,
000037.SZ,000037,20251209,93013970,0,1382486,0,B,87000,200,
000037.SZ,000037,20251209,93014080,0,1383994,0,B,86300,3000,
000037.SZ,000037,20251209,93014470,0,1388334,0,B,87000,400,
000037.SZ,000037,20251209,93014860,0,1392804,0,S,87000,21500,
000037.SZ,000037,20251209,93015180,0,1396579,0,S,86900,100,
000037.SZ,000037,20251209,93015190,0,1397602,0,B,86800,100,
000037.SZ,000037,20251209,93015250,0,1399189,0,B,86800,100,
000037.SZ,000037,20251209,93015310,0,1400983,0,S,86900,100,
000037.SZ,000037,20251209,93015660,0,1408427,0,S,86900,200,
000037.SZ,000037,20251209,93015730,0,1411506,0,S,87000,100,
000037.SZ,000037,20251209,93017130,0,1437921,0,S,96100,400,
000037.SZ,000037,20251209,93017720,0,1444682,0,B,86500,1000,
000037.SZ,000037,20251209,93017840,0,1445801,0,B,86900,100,
000037.SZ,000037,20251209,93017840,0,1445917,0,S,87000,1000,
000037.SZ,000037,20251209,93021410,0,1500171,0,S,88000,700,
000037.SZ,000037,20251209,93021880,0,1509177,0,B,86800,1000,
000037.SZ,000037,20251209,93021970,0,1510299,0,S,86900,700,
000037.SZ,000037,20251209,93022150,0,1512833,0,S,87000,100,
000037.SZ,000037,20251209,93024600,0,1548863,0,B,86800,700,
000037.SZ,000037,20251209,93024870,0,1553706,0,B,86900,3000,
000037.SZ,000037,20251209,93025120,0,1557287,0,S,86900,700,
000037.SZ,000037,20251209,93025480,0,1563874,0,S,86900,600,
000037.SZ,000037,20251209,93025870,0,1569293,0,B,86900,200,
000037.SZ,000037,20251209,93027150,0,1583309,0,S,86900,300,
000037.SZ,000037,20251209,93027150,0,1583311,0,S,86900,200,
000037.SZ,000037,20251209,93027150,0,1583317,0,S,86900,200,
000037.SZ,000037,20251209,93027150,0,1583323,0,S,86900,400,
000037.SZ,000037,20251209,93027920,0,1596174,0,B,86700,1000,
000037.SZ,000037,20251209,93028600,0,1607391,0,B,86700,3000,
000037.SZ,000037,20251209,93028750,0,1609741,0,B,86900,900,
000037.SZ,000037,20251209,93030060,0,1627019,0,S,96100,10000,
000037.SZ,000037,20251209,93030220,0,1629456,0,S,86900,700,
000037.SZ,000037,20251209,93030390,0,1633275,0,B,86900,500,
000037.SZ,000037,20251209,93030480,0,1634782,0,B,86900,300,
000037.SZ,000037,20251209,93030490,0,1635024,0,B,86900,200,
000037.SZ,000037,20251209,93030570,0,1636284,0,B,86900,600,
000037.SZ,000037,20251209,93030600,0,1636754,0,B,86900,600,
000037.SZ,000037,20251209,93030650,0,1637831,0,B,86900,400,
000037.SZ,000037,20251209,93030840,0,1641358,0,B,86500,1300,
000037.SZ,000037,20251209,93030940,0,1642790,0,B,86600,2700,
000037.SZ,000037,20251209,93031530,0,1651957,0,B,86800,500,
000037.SZ,000037,20251209,93031880,0,1657035,0,B,86500,1100,
000037.SZ,000037,20251209,93032210,0,1660742,0,B,86900,2200,
000037.SZ,000037,20251209,93032220,0,1660860,0,S,86900,400,
000037.SZ,000037,20251209,93032220,0,1660870,0,S,86900,100,
000037.SZ,000037,20251209,93033210,0,1671308,0,S,86900,100,
000037.SZ,000037,20251209,93033220,0,1671462,0,S,88100,11300,
000037.SZ,000037,20251209,93033230,0,1671555,0,S,86900,600,
000037.SZ,000037,20251209,93034210,0,1686668,0,B,86000,2000,
000037.SZ,000037,20251209,93035910,0,1712717,0,S,86900,100,
000037.SZ,000037,20251209,93037110,0,1736833,0,S,88000,300,
000037.SZ,000037,20251209,93037220,0,1739368,0,S,86900,3500,
000037.SZ,000037,20251209,93038260,0,1755915,0,B,86900,3900,
000037.SZ,000037,20251209,93038270,0,1756065,0,B,86900,100,
000037.SZ,000037,20251209,93038500,0,1759892,0,B,85800,1100,
000037.SZ,000037,20251209,93038750,0,1763888,0,B,86400,10000,
000037.SZ,000037,20251209,93038780,0,1764321,0,S,88100,1200,
000037.SZ,000037,20251209,93039140,0,1770336,0,B,86700,500,
000037.SZ,000037,20251209,93040160,0,1789091,0,S,87000,800,
000037.SZ,000037,20251209,93040270,0,1791168,0,S,87000,100,
000037.SZ,000037,20251209,93040930,0,1802874,0,S,87000,700,
000037.SZ,000037,20251209,93041150,0,1806643,0,S,88000,1000,
000037.SZ,000037,20251209,93042160,0,1824066,0,S,89500,600,
000037.SZ,000037,20251209,93043370,0,1847829,0,S,86900,600,
000037.SZ,000037,20251209,93043490,0,1850020,0,S,86900,1200,
000037.SZ,000037,20251209,93044250,0,1861134,0,S,88900,300,
000037.SZ,000037,20251209,93044960,0,1869478,0,B,86500,1000,
000037.SZ,000037,20251209,93045410,0,1876318,0,S,86900,500,
000037.SZ,000037,20251209,93045460,0,1877616,0,B,86500,12500,
000037.SZ,000037,20251209,93046090,0,1886629,0,S,86900,600,
000037.SZ,000037,20251209,93046140,0,1887290,0,B,86600,1600,
000037.SZ,000037,20251209,93046300,0,1890051,0,B,86500,5000,
000037.SZ,000037,20251209,93047080,0,1901901,0,B,86500,500,
000037.SZ,000037,20251209,93048180,0,1915139,0,B,86500,1200,
000037.SZ,000037,20251209,93048650,0,1921925,0,B,86600,5500,
000037.SZ,000037,20251209,93049160,0,1929202,0,S,86900,1100,
000037.SZ,000037,20251209,93049180,0,1929519,0,B,86800,700,
000037.SZ,000037,20251209,93049180,0,1929526,0,S,87000,100,
000037.SZ,000037,20251209,93050820,0,1949361,0,S,91800,4600,
000037.SZ,000037,20251209,93052270,0,1968821,0,S,88000,1000,
000037.SZ,000037,20251209,93052770,0,1975648,0,S,86800,2000,
000037.SZ,000037,20251209,93053960,0,1988565,0,B,86600,5700,
000037.SZ,000037,20251209,93054170,0,1990962,0,B,86700,12000,
000037.SZ,000037,20251209,93054220,0,1991516,0,B,85100,300,
000037.SZ,000037,20251209,93054360,0,1993570,0,B,87100,200,
000037.SZ,000037,20251209,93054580,0,1996067,0,B,87100,400,
000037.SZ,000037,20251209,93054940,0,2001196,0,S,86900,4500,
000037.SZ,000037,20251209,93054950,0,2001302,0,B,86900,2700,
000037.SZ,000037,20251209,93055000,0,2001943,0,B,86900,100,
000037.SZ,000037,20251209,93055010,0,2002009,0,B,86900,1000,
000037.SZ,000037,20251209,93055010,0,2002011,0,B,86900,600,
000037.SZ,000037,20251209,93055030,0,2002182,0,B,86900,1700,
000037.SZ,000037,20251209,93055220,0,2004678,0,B,86500,1700,
000037.SZ,000037,20251209,93056290,0,2016936,0,S,86800,2200,
000037.SZ,000037,20251209,93057150,0,2025272,0,B,86800,200,
000037.SZ,000037,20251209,93057170,0,2025508,0,B,86800,300,
000037.SZ,000037,20251209,93057530,0,2029554,0,B,86800,1600,
000037.SZ,000037,20251209,93058130,0,2036357,0,S,86800,800,
000037.SZ,000037,20251209,93058360,0,2039033,0,B,86000,1100,
000037.SZ,000037,20251209,93059990,0,2056470,0,B,86700,2000,
000037.SZ,000037,20251209,93100460,0,2063816,0,B,87100,200,
000037.SZ,000037,20251209,93100710,0,2068246,0,B,87100,300,
000037.SZ,000037,20251209,93101200,0,2076955,0,B,86100,1000,
000037.SZ,000037,20251209,93101750,0,2085738,0,S,88400,3000,
000037.SZ,000037,20251209,93102140,0,2091069,0,B,86800,500,
000037.SZ,000037,20251209,93102140,0,2091080,0,B,86800,500,
000037.SZ,000037,20251209,93103560,0,2109148,0,S,95800,5100,
000037.SZ,000037,20251209,93103590,0,2109880,0,B,86800,400,
000037.SZ,000037,20251209,93103610,0,2110001,0,B,86900,100,
000037.SZ,000037,20251209,93103770,0,2112968,0,B,87100,3200,
000037.SZ,000037,20251209,93104270,0,2120294,0,B,86600,100,
000037.SZ,000037,20251209,93104470,0,2124224,0,B,86800,3000,
000037.SZ,000037,20251209,93107250,0,2160671,0,B,86900,1200,
000037.SZ,000037,20251209,93107270,0,2160969,0,B,87000,100,
000037.SZ,000037,20251209,93107280,0,2161238,0,B,87000,100,
000037.SZ,000037,20251209,93107280,0,2161265,0,B,87000,100,
000037.SZ,000037,20251209,93107280,0,2161390,0,B,87000,400,
000037.SZ,000037,20251209,93109200,0,2184512,0,B,86800,3700,
000037.SZ,000037,20251209,93109240,0,2185155,0,B,86800,3000,
000037.SZ,000037,20251209,93109910,0,2193612,0,B,86700,200,
000037.SZ,000037,20251209,93110480,0,2201056,0,B,86800,5700,
000037.SZ,000037,20251209,93111840,0,2216803,0,S,87100,400,
000037.SZ,000037,20251209,93112080,0,2219465,0,B,87000,1700,
000037.SZ,000037,20251209,93112300,0,2222323,0,B,83900,4200,
000037.SZ,000037,20251209,93112570,0,2225664,0,B,86800,1000,
000037.SZ,000037,20251209,93113550,0,2237909,0,B,87100,200,
000037.SZ,000037,20251209,93113970,0,2242595,0,S,91200,6500,
000037.SZ,000037,20251209,93114350,0,2246336,0,S,87000,2400,
000037.SZ,000037,20251209,93114730,0,2250589,0,B,86000,500,
000037.SZ,000037,20251209,93115150,0,2254997,0,B,86900,700,
000037.SZ,000037,20251209,93115530,0,2259683,0,B,86800,500,
000037.SZ,000037,20251209,93115640,0,2260884,0,B,86800,300,
000037.SZ,000037,20251209,93115750,0,2262241,0,B,87100,100,
000037.SZ,000037,20251209,93115770,0,2262528,0,B,86900,2200,
000037.SZ,000037,20251209,93115770,0,2262530,0,B,86900,2700,
000037.SZ,000037,20251209,93117170,0,2279056,0,B,86000,300,
000037.SZ,000037,20251209,93117190,0,2279330,0,B,87000,100,
000037.SZ,000037,20251209,93117240,0,2279773,0,S,86900,500,
000037.SZ,000037,20251209,93117380,0,2281435,0,B,87000,100,
000037.SZ,000037,20251209,93118010,0,2287176,0,B,86900,2700,
000037.SZ,000037,20251209,93118600,0,2293929,0,B,86800,500,
000037.SZ,000037,20251209,93118650,0,2294366,0,B,86900,300,
000037.SZ,000037,20251209,93119080,0,2298713,0,B,86800,2000,
000037.SZ,000037,20251209,93120430,0,2312227,0,S,96100,6500,
000037.SZ,000037,20251209,93120650,0,2314265,0,S,91000,500,
000037.SZ,000037,20251209,93121010,0,2316851,0,S,86900,12700,
000037.SZ,000037,20251209,93121030,0,2317019,0,B,86900,900,
000037.SZ,000037,20251209,93121030,0,2317021,0,B,86900,3100,
000037.SZ,000037,20251209,93121030,0,2317024,0,B,86900,3100,
000037.SZ,000037,20251209,93121030,0,2317026,0,B,86900,3100,
000037.SZ,000037,20251209,93121030,0,2317031,0,B,86900,100,
000037.SZ,000037,20251209,93121030,0,2317035,0,B,86900,100,
000037.SZ,000037,20251209,93121030,0,2317042,0,B,86800,100,
000037.SZ,000037,20251209,93121030,0,2317044,0,B,86900,1800,
000037.SZ,000037,20251209,93121030,0,2317063,0,B,86800,100,
000037.SZ,000037,20251209,93121030,0,2317074,0,B,86800,300,
000037.SZ,000037,20251209,93121040,0,2317229,0,B,86900,100,
000037.SZ,000037,20251209,93121060,0,2317457,0,B,86900,100,
000037.SZ,000037,20251209,93121070,0,2317503,0,B,86900,100,
000037.SZ,000037,20251209,93121080,0,2317587,0,B,86900,200,
000037.SZ,000037,20251209,93121110,0,2317867,0,B,86900,300,
000037.SZ,000037,20251209,93121180,0,2318538,0,S,90000,100,
000037.SZ,000037,20251209,93121220,0,2319010,0,B,87100,100,
000037.SZ,000037,20251209,93121220,0,2319012,0,B,87100,200,
000037.SZ,000037,20251209,93121220,0,2319014,0,B,87100,100,
000037.SZ,000037,20251209,93121220,0,2319016,0,B,87100,100,
000037.SZ,000037,20251209,93121220,0,2319019,0,B,87100,100,
000037.SZ,000037,20251209,93121220,0,2319021,0,B,87100,100,
000037.SZ,000037,20251209,93121220,0,2319023,0,B,87100,100,
000037.SZ,000037,20251209,93121220,0,2319025,0,B,87100,100,
000037.SZ,000037,20251209,93121220,0,2319027,0,B,87100,100,
000037.SZ,000037,20251209,93121220,0,2319029,0,B,87100,100,
000037.SZ,000037,20251209,93121220,0,2319035,0,B,87100,100,
000037.SZ,000037,20251209,93122770,0,2337029,0,S,96100,200,
000037.SZ,000037,20251209,93123650,0,2345590,0,B,87000,100,
000037.SZ,000037,20251209,93123660,0,2345663,0,S,87000,100,
000037.SZ,000037,20251209,93123670,0,2345812,0,B,87000,100,
000037.SZ,000037,20251209,93125190,0,2361996,0,B,86900,1000,
000037.SZ,000037,20251209,93125230,0,2362403,0,B,87100,500,
000037.SZ,000037,20251209,93125630,0,2367522,0,B,87000,200,
000037.SZ,000037,20251209,93125760,0,2369143,0,B,87100,500,
000037.SZ,000037,20251209,93126680,0,2378477,0,B,86800,2000,
000037.SZ,000037,20251209,93126680,0,2378483,0,B,86000,300,
000037.SZ,000037,20251209,93126870,0,2380119,0,B,86500,1200,
000037.SZ,000037,20251209,93126930,0,2380548,0,B,86900,3000,
000037.SZ,000037,20251209,93127030,0,2381496,0,B,87100,400,
000037.SZ,000037,20251209,93127030,0,2381500,0,B,87100,100,
000037.SZ,000037,20251209,93127150,0,2382908,0,B,87000,200,
000037.SZ,000037,20251209,93127330,0,2385330,0,B,87000,100,
000037.SZ,000037,20251209,93128470,0,2398414,0,B,85700,1200,
000037.SZ,000037,20251209,93128770,0,2402164,0,B,87100,500,
000037.SZ,000037,20251209,93128980,0,2404152,0,B,87100,400,
000037.SZ,000037,20251209,93129050,0,2404792,0,S,86900,10000,
000037.SZ,000037,20251209,93129070,0,2404966,0,B,86900,200,
000037.SZ,000037,20251209,93129070,0,2404968,0,B,86900,500,
000037.SZ,000037,20251209,93129070,0,2404970,0,B,86900,1800,
000037.SZ,000037,20251209,93129070,0,2404973,0,B,86900,3000,
000037.SZ,000037,20251209,93129070,0,2404975,0,B,86900,1500,
000037.SZ,000037,20251209,93129070,0,2404976,0,B,86900,1300,
000037.SZ,000037,20251209,93129070,0,2404977,0,B,86900,2000,
000037.SZ,000037,20251209,93129070,0,2404978,0,B,86900,2300,
000037.SZ,000037,20251209,93129070,0,2404980,0,B,86900,1900,
000037.SZ,000037,20251209,93129070,0,2404982,0,B,86900,1600,
000037.SZ,000037,20251209,93129070,0,2404996,0,B,86800,100,
000037.SZ,000037,20251209,93129070,0,2405026,0,B,86900,100,
000037.SZ,000037,20251209,93129070,0,2405064,0,B,86800,200,
000037.SZ,000037,20251209,93129070,0,2405098,0,B,86900,100,
000037.SZ,000037,20251209,93129070,0,2405101,0,B,86800,100,
000037.SZ,000037,20251209,93129070,0,2405102,0,B,86800,100,
000037.SZ,000037,20251209,93129080,0,2405132,0,B,86900,2700,
000037.SZ,000037,20251209,93129080,0,2405140,0,B,86900,300,
000037.SZ,000037,20251209,93129080,0,2405193,0,B,86900,2800,
000037.SZ,000037,20251209,93129090,0,2405332,0,B,87100,200,
000037.SZ,000037,20251209,93129090,0,2405413,0,B,87000,500,
000037.SZ,000037,20251209,93129980,0,2412984,0,S,86900,200,
000037.SZ,000037,20251209,93130030,0,2413462,0,B,87100,300,
000037.SZ,000037,20251209,93131950,0,2436757,0,B,86900,3000,
000037.SZ,000037,20251209,93132030,0,2437797,0,S,87000,8400,
000037.SZ,000037,20251209,93132150,0,2439142,0,B,87000,1200,
000037.SZ,000037,20251209,93133030,0,2447558,0,B,87000,200,
000037.SZ,000037,20251209,93133040,0,2447700,0,B,87000,100,
000037.SZ,000037,20251209,93133180,0,2448916,0,B,86900,400,
000037.SZ,000037,20251209,93133470,0,2451908,0,S,87100,7000,
000037.SZ,000037,20251209,93133870,0,2456075,0,B,86800,1300,
000037.SZ,000037,20251209,93134010,0,2457424,0,B,87000,500,
000037.SZ,000037,20251209,93134350,0,2461055,0,B,86900,700,
000037.SZ,000037,20251209,93135090,0,2469222,0,B,86900,200,
000037.SZ,000037,20251209,93135090,0,2469224,0,B,86900,100,
000037.SZ,000037,20251209,93135090,0,2469239,0,B,86900,200,
000037.SZ,000037,20251209,93135090,0,2469240,0,B,86900,200,
000037.SZ,000037,20251209,93135110,0,2469471,0,B,87000,100,
000037.SZ,000037,20251209,93136220,0,2480247,0,B,87000,100,
000037.SZ,000037,20251209,93136450,0,2482736,0,B,87000,6000,
000037.SZ,000037,20251209,93137810,0,2498753,0,B,86800,1300,
000037.SZ,000037,20251209,93138600,0,2506100,0,S,86900,1100,
000037.SZ,000037,20251209,93138620,0,2506298,0,B,87000,300,
000037.SZ,000037,20251209,93139190,0,2511300,0,B,86900,900,
000037.SZ,000037,20251209,93139450,0,2514162,0,S,96000,300,
000037.SZ,000037,20251209,93140470,0,2526782,0,S,87000,400,
000037.SZ,000037,20251209,93140490,0,2526989,0,B,86900,100,
000037.SZ,000037,20251209,93141600,0,2538565,0,B,87000,200,
000037.SZ,000037,20251209,93143000,0,2553838,0,S,87800,5000,
000037.SZ,000037,20251209,93143320,0,2557367,0,B,86500,1000,
000037.SZ,000037,20251209,93143930,0,2564066,0,S,87000,1900,
000037.SZ,000037,20251209,93144040,0,2565151,0,S,87000,11100,
000037.SZ,000037,20251209,93144490,0,2570058,0,S,87000,500,
000037.SZ,000037,20251209,93144760,0,2572395,0,S,89000,3000,
000037.SZ,000037,20251209,93144870,0,2573477,0,B,86800,500,
000037.SZ,000037,20251209,93145890,0,2585966,0,B,86900,2700,
000037.SZ,000037,20251209,93146140,0,2588703,0,B,86500,100,
000037.SZ,000037,20251209,93146430,0,2592400,0,B,87000,3000,
000037.SZ,000037,20251209,93146790,0,2596195,0,B,87000,800,
000037.SZ,000037,20251209,93147340,0,2601815,0,B,87100,1600,
000037.SZ,000037,20251209,93147360,0,2601933,0,B,86900,100,
000037.SZ,000037,20251209,93147360,0,2601936,0,B,86900,100,
000037.SZ,000037,20251209,93147360,0,2602030,0,B,86900,100,
000037.SZ,000037,20251209,93147540,0,2603985,0,S,87000,500,
000037.SZ,000037,20251209,93148700,0,2616526,0,S,95900,600,
000037.SZ,000037,20251209,93149280,0,2623206,0,B,86900,300,
000037.SZ,000037,20251209,93150390,0,2634814,0,B,86900,1200,
000037.SZ,000037,20251209,93150770,0,2638071,0,S,87100,1600,
000037.SZ,000037,20251209,93151170,0,2641547,0,S,96100,200,
000037.SZ,000037,20251209,93151590,0,2646928,0,B,86900,200,
000037.SZ,000037,20251209,93152140,0,2652707,0,S,90000,3000,
000037.SZ,000037,20251209,93152220,0,2653716,0,B,86700,600,
000037.SZ,000037,20251209,93152490,0,2657274,0,B,85200,2000,
000037.SZ,000037,20251209,93152550,0,2657781,0,B,86500,1500,
000037.SZ,000037,20251209,93152900,0,2661564,0,S,87000,600,
000037.SZ,000037,20251209,93157160,0,2706187,0,S,96100,1700,
000037.SZ,000037,20251209,93158130,0,2716954,0,B,86900,300,
000037.SZ,000037,20251209,93159630,0,2731788,0,B,86900,3700,
000037.SZ,000037,20251209,93200040,0,2735466,0,S,87000,2400,
000037.SZ,000037,20251209,93200150,0,2737232,0,B,86700,1200,
000037.SZ,000037,20251209,93200420,0,2741229,0,S,87000,1400,
000037.SZ,000037,20251209,93200560,0,2743419,0,B,85000,300,
000037.SZ,000037,20251209,93200590,0,2743918,0,S,92000,3000,
000037.SZ,000037,20251209,93201240,0,2752797,0,B,87000,2200,
000037.SZ,000037,20251209,93202730,0,2768953,0,B,87000,500,
000037.SZ,000037,20251209,93207500,0,2819566,0,S,95000,5000,
000037.SZ,000037,20251209,93207510,0,2819662,0,B,86900,200,
000037.SZ,000037,20251209,93207510,0,2819669,0,B,86900,300,
000037.SZ,000037,20251209,93207520,0,2819731,0,B,86900,100,
000037.SZ,000037,20251209,93207520,0,2819735,0,B,86900,100,
000037.SZ,000037,20251209,93207520,0,2819761,0,B,86900,700,
000037.SZ,000037,20251209,93208330,0,2828384,0,S,87000,500,
000037.SZ,000037,20251209,93208350,0,2828521,0,S,86800,700,
000037.SZ,000037,20251209,93208720,0,2832019,0,B,83000,200,
000037.SZ,000037,20251209,93209040,0,2834663,0,B,86900,100,
000037.SZ,000037,20251209,93209910,0,2843865,0,B,86900,1000,
000037.SZ,000037,20251209,93213340,0,2878786,0,B,86600,2000,
000037.SZ,000037,20251209,93213360,0,2878997,0,B,86900,100,
000037.SZ,000037,20251209,93214380,0,2893336,0,S,96000,5000,
000037.SZ,000037,20251209,93214420,0,2893911,0,S,87000,100,
000037.SZ,000037,20251209,93214430,0,2894043,0,S,87000,100,
000037.SZ,000037,20251209,93214440,0,2894136,0,S,87000,100,
000037.SZ,000037,20251209,93214660,0,2896646,0,B,86500,2000,
000037.SZ,000037,20251209,93216440,0,2918703,0,S,86900,100,
000037.SZ,000037,20251209,93216610,0,2920871,0,S,86900,900,
000037.SZ,000037,20251209,93216880,0,2923845,0,B,87000,4000,
000037.SZ,000037,20251209,93219530,0,2951985,0,B,86900,100,
000037.SZ,000037,20251209,93220960,0,2964814,0,B,86500,1900,
000037.SZ,000037,20251209,93221040,0,2965676,0,B,86900,300,
000037.SZ,000037,20251209,93225360,0,3006165,0,S,88500,1000,
000037.SZ,000037,20251209,93226650,0,3017833,0,S,86800,700,
000037.SZ,000037,20251209,93227150,0,3021626,0,B,86900,300,
000037.SZ,000037,20251209,93227350,0,3023385,0,B,83000,4600,
000037.SZ,000037,20251209,93227910,0,3028647,0,S,87900,100,
000037.SZ,000037,20251209,93228130,0,3030634,0,B,86900,600,
000037.SZ,000037,20251209,93228150,0,3030785,0,B,86900,100,
000037.SZ,000037,20251209,93228310,0,3032616,0,S,86900,400,
000037.SZ,000037,20251209,93228880,0,3037724,0,B,87000,400,
000037.SZ,000037,20251209,93229430,0,3042133,0,S,86900,400,
000037.SZ,000037,20251209,93230220,0,3049235,0,B,85700,500,
000037.SZ,000037,20251209,93230550,0,3052729,0,S,87900,2000,
000037.SZ,000037,20251209,93230700,0,3054421,0,B,87000,200,
000037.SZ,000037,20251209,93231070,0,3057656,0,B,86900,100,
000037.SZ,000037,20251209,93231140,0,3058487,0,S,87000,1000,
000037.SZ,000037,20251209,93231280,0,3059975,0,B,87000,300,
000037.SZ,000037,20251209,93231570,0,3063142,0,S,87900,1000,
000037.SZ,000037,20251209,93231600,0,3063495,0,B,87000,200,
000037.SZ,000037,20251209,93232020,0,3067336,0,B,87000,100,
000037.SZ,000037,20251209,93232030,0,3067469,0,B,86900,100,
000037.SZ,000037,20251209,93232040,0,3067591,0,B,87000,100,
000037.SZ,000037,20251209,93232260,0,3069474,0,B,87000,200,
000037.SZ,000037,20251209,93232260,0,3069508,0,B,87000,300,
000037.SZ,000037,20251209,93232270,0,3069581,0,B,87000,200,
000037.SZ,000037,20251209,93232270,0,3069590,0,B,87000,200,
000037.SZ,000037,20251209,93232440,0,3071280,0,S,86100,100,
000037.SZ,000037,20251209,93235540,0,3099638,0,S,86900,1200,
000037.SZ,000037,20251209,93235550,0,3099795,0,B,86900,300,
000037.SZ,000037,20251209,93235790,0,3101617,0,B,86800,200,
000037.SZ,000037,20251209,93236690,0,3109338,0,S,86900,1200,
000037.SZ,000037,20251209,93236920,0,3111530,0,B,86600,200,
000037.SZ,000037,20251209,93237150,0,3113964,0,S,87000,2000,
000037.SZ,000037,20251209,93237200,0,3114758,0,S,87400,3000,
000037.SZ,000037,20251209,93237720,0,3120665,0,B,86800,900,
000037.SZ,000037,20251209,93237720,0,3120668,0,B,86900,900,
000037.SZ,000037,20251209,93240560,0,3145891,0,S,86900,14000,
000037.SZ,000037,20251209,93240580,0,3146107,0,B,86800,100,
000037.SZ,000037,20251209,93240620,0,3146417,0,B,86900,100,
000037.SZ,000037,20251209,93241970,0,3158323,0,S,86900,700,
000037.SZ,000037,20251209,93241990,0,3158438,0,B,86800,100,
000037.SZ,000037,20251209,93242030,0,3158739,0,B,86900,5500,
000037.SZ,000037,20251209,93242040,0,3158884,0,B,86900,100,
000037.SZ,000037,20251209,93242040,0,3158908,0,B,86900,100,
000037.SZ,000037,20251209,93242150,0,3159819,0,S,87300,500,
000037.SZ,000037,20251209,93242530,0,3164266,0,S,86900,800,
000037.SZ,000037,20251209,93243250,0,3171176,0,B,86900,100,
000037.SZ,000037,20251209,93243260,0,3171288,0,B,86900,100,
000037.SZ,000037,20251209,93243260,0,3171296,0,B,86900,100,
000037.SZ,000037,20251209,93243270,0,3171375,0,B,86900,100,
000037.SZ,000037,20251209,93244090,0,3178388,0,B,86900,6000,
000037.SZ,000037,20251209,93244840,0,3183958,0,B,86900,100,
000037.SZ,000037,20251209,93245020,0,3185517,0,S,86900,100,
000037.SZ,000037,20251209,93245040,0,3185697,0,B,86900,100,
000037.SZ,000037,20251209,93245160,0,3186733,0,B,87200,100,
000037.SZ,000037,20251209,93245850,0,3192782,0,B,87000,100,
000037.SZ,000037,20251209,93245880,0,3193084,0,B,85800,300,
000037.SZ,000037,20251209,93248150,0,3211659,0,B,87000,100,
000037.SZ,000037,20251209,93248150,0,3211687,0,B,87000,100,
000037.SZ,000037,20251209,93248150,0,3211694,0,B,87000,100,
000037.SZ,000037,20251209,93248160,0,3211741,0,B,87000,1300,
000037.SZ,000037,20251209,93248190,0,3212031,0,B,87000,100,
000037.SZ,000037,20251209,93248190,0,3212033,0,B,86900,300,
000037.SZ,000037,20251209,93248200,0,3212182,0,B,87000,900,
000037.SZ,000037,20251209,93248260,0,3212601,0,B,87000,500,
000037.SZ,000037,20251209,93248730,0,3216717,0,B,84400,2000,
000037.SZ,000037,20251209,93248790,0,3217189,0,B,87000,900,
000037.SZ,000037,20251209,93249100,0,3219738,0,S,88200,2400,
000037.SZ,000037,20251209,93249220,0,3220781,0,S,86900,100,
000037.SZ,000037,20251209,93249810,0,3226526,0,B,86800,2200,
000037.SZ,000037,20251209,93250300,0,3230249,0,S,86900,500,
000037.SZ,000037,20251209,93250930,0,3234535,0,B,86800,700,
000037.SZ,000037,20251209,93251910,0,3243246,0,B,86900,700,
000037.SZ,000037,20251209,93253280,0,3255543,0,S,96100,2700,
000037.SZ,000037,20251209,93254120,0,3262022,0,B,86200,10000,
000037.SZ,000037,20251209,93254180,0,3262350,0,B,87000,100,
000037.SZ,000037,20251209,93254180,0,3262352,0,B,87000,100,
000037.SZ,000037,20251209,93254180,0,3262354,0,B,87000,100,
000037.SZ,000037,20251209,93254180,0,3262356,0,B,87000,100,
000037.SZ,000037,20251209,93254180,0,3262360,0,B,87000,100,
000037.SZ,000037,20251209,93254670,0,3266881,0,S,87000,2500,
000037.SZ,000037,20251209,93255420,0,3273895,0,B,86800,1000,
000037.SZ,000037,20251209,93255860,0,3278677,0,S,87000,1600,
000037.SZ,000037,20251209,93256960,0,3287023,0,S,94000,1000,
000037.SZ,000037,20251209,93257150,0,3288780,0,B,87000,200,
000037.SZ,000037,20251209,93257150,0,3288782,0,B,87000,100,
000037.SZ,000037,20251209,93257150,0,3288789,0,B,87000,100,
000037.SZ,000037,20251209,93258260,0,3298693,0,B,86900,3000,
000037.SZ,000037,20251209,93259750,0,3311098,0,B,86800,2000,
000037.SZ,000037,20251209,93300200,0,3314950,0,B,87000,100,
000037.SZ,000037,20251209,93301600,0,3330134,0,S,86900,100,
000037.SZ,000037,20251209,93301990,0,3333631,0,B,86800,100,
000037.SZ,000037,20251209,93302770,0,3340319,0,B,86800,2300,
000037.SZ,000037,20251209,93302900,0,3341231,0,B,87000,500,
000037.SZ,000037,20251209,93303600,0,3348027,0,S,91600,5000,
000037.SZ,000037,20251209,93305150,0,3363429,0,S,86900,9200,
000037.SZ,000037,20251209,93305250,0,3364383,0,B,86500,2000,
000037.SZ,000037,20251209,93306910,0,3380072,0,S,86900,500,
000037.SZ,000037,20251209,93309950,0,3408687,0,B,86900,700,
000037.SZ,000037,20251209,93309960,0,3408837,0,B,86900,100,
000037.SZ,000037,20251209,93310170,0,3411069,0,B,86900,200,
000037.SZ,000037,20251209,93310530,0,3414759,0,B,86900,3500,
000037.SZ,000037,20251209,93310930,0,3418419,0,B,87000,700,
000037.SZ,000037,20251209,93310950,0,3418553,0,B,86900,1000,
000037.SZ,000037,20251209,93310990,0,3418908,0,B,86000,1500,
000037.SZ,000037,20251209,93311340,0,3422189,0,B,86900,400,
000037.SZ,000037,20251209,93311360,0,3422324,0,B,86900,3000,
000037.SZ,000037,20251209,93312880,0,3435844,0,B,86500,500,
000037.SZ,000037,20251209,93315060,0,3454863,0,B,86900,500,
000037.SZ,000037,20251209,93315700,0,3460596,0,B,87100,100,
000037.SZ,000037,20251209,93316960,0,3471539,0,S,87000,100,
000037.SZ,000037,20251209,93317870,0,3478492,0,S,87000,3700,
000037.SZ,000037,20251209,93317890,0,3478610,0,S,90800,100,
000037.SZ,000037,20251209,93319000,0,3488287,0,S,86900,1000,
000037.SZ,000037,20251209,93319860,0,3496633,0,B,86800,700,
000037.SZ,000037,20251209,93321100,0,3507029,0,B,86900,100,
000037.SZ,000037,20251209,93322400,0,3519127,0,S,91100,1400,
000037.SZ,000037,20251209,93323020,0,3524321,0,S,87000,200,
000037.SZ,000037,20251209,93324480,0,3536073,0,B,86800,500,
000037.SZ,000037,20251209,93325230,0,3543013,0,B,85200,100,
000037.SZ,000037,20251209,93326160,0,3551171,0,S,86900,200,
000037.SZ,000037,20251209,93326200,0,3551455,0,B,86700,300,
000037.SZ,000037,20251209,93326670,0,3555236,0,S,94100,600,
000037.SZ,000037,20251209,93327620,0,3562976,0,S,91800,100,
000037.SZ,000037,20251209,93329280,0,3577092,0,B,87000,500,
000037.SZ,000037,20251209,93329970,0,3581782,0,B,87000,100,
000037.SZ,000037,20251209,93330900,0,3589773,0,S,96000,200,
000037.SZ,000037,20251209,93331740,0,3597828,0,S,87300,7000,
000037.SZ,000037,20251209,93332760,0,3606030,0,B,85800,2000,
000037.SZ,000037,20251209,93333180,0,3609234,0,B,86900,100,
000037.SZ,000037,20251209,93334950,0,3624654,0,B,86800,1500,
000037.SZ,000037,20251209,93334950,0,3624658,0,B,86800,1100,
000037.SZ,000037,20251209,93336710,0,3638050,0,S,87000,1000,
000037.SZ,000037,20251209,93336940,0,3639987,0,B,86600,600,
000037.SZ,000037,20251209,93337140,0,3641836,0,B,86900,800,
000037.SZ,000037,20251209,93337230,0,3642946,0,S,92800,200,
000037.SZ,000037,20251209,93337830,0,3649288,0,S,86900,1200,
000037.SZ,000037,20251209,93339400,0,3665126,0,B,87000,6800,
000037.SZ,000037,20251209,93339410,0,3665295,0,S,86800,700,
000037.SZ,000037,20251209,93340660,0,3677827,0,B,86900,100,
000037.SZ,000037,20251209,93340770,0,3678755,0,B,86700,1700,
000037.SZ,000037,20251209,93341460,0,3684591,0,S,87000,100,
000037.SZ,000037,20251209,93343250,0,3700729,0,S,89700,100,
000037.SZ,000037,20251209,93343820,0,3705966,0,S,86900,3000,
000037.SZ,000037,20251209,93346380,0,3728896,0,S,87000,5300,
000037.SZ,000037,20251209,93346960,0,3734309,0,B,86300,500,
000037.SZ,000037,20251209,93347860,0,3742181,0,S,93800,200,
000037.SZ,000037,20251209,93349160,0,3753370,0,B,86300,2000,
000037.SZ,000037,20251209,93349400,0,3756021,0,B,87100,300,
000037.SZ,000037,20251209,93349540,0,3757242,0,S,87000,1400,
000037.SZ,000037,20251209,93350790,0,3767392,0,B,86900,2000,
000037.SZ,000037,20251209,93350860,0,3767829,0,B,87000,9000,
000037.SZ,000037,20251209,93350900,0,3768098,0,B,87000,3900,
000037.SZ,000037,20251209,93350900,0,3768099,0,B,87000,2000,
000037.SZ,000037,20251209,93351000,0,3768691,0,B,87000,100,
000037.SZ,000037,20251209,93351070,0,3769261,0,B,86900,900,
000037.SZ,000037,20251209,93351130,0,3769754,0,B,87000,100,
000037.SZ,000037,20251209,93351250,0,3770979,0,S,86800,500,
000037.SZ,000037,20251209,93351350,0,3771955,0,S,87100,800,
000037.SZ,000037,20251209,93352150,0,3779087,0,B,87000,100,
000037.SZ,000037,20251209,93352160,0,3779207,0,B,87000,100,
000037.SZ,000037,20251209,93352170,0,3779269,0,B,87000,100,
000037.SZ,000037,20251209,93353160,0,3787959,0,S,86800,5600,
000037.SZ,000037,20251209,93353740,0,3792251,0,S,88200,500,
000037.SZ,000037,20251209,93354230,0,3795827,0,S,86800,300,
000037.SZ,000037,20251209,93354330,0,3796720,0,S,86800,300,
000037.SZ,000037,20251209,93354630,0,3799237,0,B,86500,100,
000037.SZ,000037,20251209,93354960,0,3801886,0,B,87000,100,
000037.SZ,000037,20251209,93355290,0,3804931,0,B,87000,100,
000037.SZ,000037,20251209,93355480,0,3806485,0,S,86900,1000,
000037.SZ,000037,20251209,93357310,0,3819950,0,B,87000,100,
000037.SZ,000037,20251209,93357350,0,3820475,0,S,86700,900,
000037.SZ,000037,20251209,93358240,0,3827771,0,S,87000,1000,
000037.SZ,000037,20251209,93358250,0,3827815,0,B,87000,100,
000037.SZ,000037,20251209,93358250,0,3827818,0,B,87000,400,
000037.SZ,000037,20251209,93358250,0,3827859,0,B,87000,1000,
000037.SZ,000037,20251209,93400350,0,3843922,0,B,86900,3500,
000037.SZ,000037,20251209,93400840,0,3849328,0,B,87300,100,
000037.SZ,000037,20251209,93400860,0,3849616,0,B,87300,100,
000037.SZ,000037,20251209,93400890,0,3850241,0,B,87300,200,
000037.SZ,000037,20251209,93401010,0,3851662,0,B,87000,100,
000037.SZ,000037,20251209,93401010,0,3851664,0,B,87000,200,
000037.SZ,000037,20251209,93401210,0,3853771,0,S,87100,1600,
000037.SZ,000037,20251209,93401510,0,3856888,0,B,87000,100,
000037.SZ,000037,20251209,93401760,0,3859322,0,B,87100,100,
000037.SZ,000037,20251209,93402150,0,3862742,0,B,87100,200,
000037.SZ,000037,20251209,93402440,0,3865085,0,B,86900,1100,
000037.SZ,000037,20251209,93402440,0,3865140,0,B,87000,900,
000037.SZ,000037,20251209,93403810,0,3876534,0,B,87000,1300,
000037.SZ,000037,20251209,93403820,0,3876620,0,B,87100,1800,
000037.SZ,000037,20251209,93403820,0,3876631,0,B,87100,5400,
000037.SZ,000037,20251209,93403920,0,3877552,0,B,87000,400,
000037.SZ,000037,20251209,93403970,0,3878087,0,B,87000,100,
000037.SZ,000037,20251209,93404140,0,3879637,0,B,87000,100,
000037.SZ,000037,20251209,93404150,0,3879773,0,B,87100,100,
000037.SZ,000037,20251209,93404260,0,3880745,0,B,87000,900,
000037.SZ,000037,20251209,93404500,0,3882742,0,B,87100,200,
000037.SZ,000037,20251209,93405260,0,3888612,0,B,87200,100,
000037.SZ,000037,20251209,93405970,0,3893481,0,B,87200,100,
000037.SZ,000037,20251209,93406160,0,3895138,0,B,87200,700,
000037.SZ,000037,20251209,93406160,0,3895158,0,B,87200,100,
000037.SZ,000037,20251209,93406160,0,3895160,0,B,87200,200,
000037.SZ,000037,20251209,93406160,0,3895162,0,B,87200,100,
000037.SZ,000037,20251209,93406160,0,3895164,0,B,87200,800,
000037.SZ,000037,20251209,93406160,0,3895166,0,B,87200,100,
000037.SZ,000037,20251209,93406160,0,3895176,0,B,87200,200,
000037.SZ,000037,20251209,93406160,0,3895181,0,B,87200,400,
000037.SZ,000037,20251209,93406160,0,3895183,0,B,87200,100,
000037.SZ,000037,20251209,93406160,0,3895185,0,B,87200,300,
000037.SZ,000037,20251209,93406160,0,3895187,0,B,87200,100,
000037.SZ,000037,20251209,93406160,0,3895190,0,B,87200,300,
000037.SZ,000037,20251209,93406160,0,3895192,0,B,87200,1900,
000037.SZ,000037,20251209,93406170,0,3895242,0,B,87200,900,
000037.SZ,000037,20251209,93406170,0,3895243,0,B,87200,100,
000037.SZ,000037,20251209,93406170,0,3895246,0,B,87200,200,
000037.SZ,000037,20251209,93406170,0,3895248,0,B,87200,600,
000037.SZ,000037,20251209,93406190,0,3895506,0,B,87200,400,
000037.SZ,000037,20251209,93406190,0,3895559,0,B,87200,500,
000037.SZ,000037,20251209,93406200,0,3895587,0,B,87200,400,
000037.SZ,000037,20251209,93406200,0,3895597,0,B,87200,100,
000037.SZ,000037,20251209,93406200,0,3895598,0,B,87200,400,
000037.SZ,000037,20251209,93406200,0,3895634,0,B,87200,200,
000037.SZ,000037,20251209,93406210,0,3895656,0,B,87200,100,
000037.SZ,000037,20251209,93406220,0,3895806,0,B,87200,200,
000037.SZ,000037,20251209,93406220,0,3895819,0,B,87200,700,
000037.SZ,000037,20251209,93406310,0,3896545,0,B,87200,100,
000037.SZ,000037,20251209,93406880,0,3901321,0,B,87100,200,
000037.SZ,000037,20251209,93406980,0,3902118,0,B,87100,600,
000037.SZ,000037,20251209,93406990,0,3902187,0,B,87100,100,
000037.SZ,000037,20251209,93407290,0,3905066,0,S,88900,400,
000037.SZ,000037,20251209,93407720,0,3908827,0,B,87100,100,
000037.SZ,000037,20251209,93408060,0,3911631,0,B,87100,900,
000037.SZ,000037,20251209,93408060,0,3911634,0,B,87100,700,
000037.SZ,000037,20251209,93408060,0,3911635,0,B,87200,1000,
000037.SZ,000037,20251209,93408060,0,3911636,0,B,87100,700,
000037.SZ,000037,20251209,93408060,0,3911638,0,B,87100,1100,
000037.SZ,000037,20251209,93408070,0,3911765,0,B,87100,1600,
000037.SZ,000037,20251209,93408140,0,3912319,0,B,87300,1200,
000037.SZ,000037,20251209,93408980,0,3918267,0,B,86900,2000,
000037.SZ,000037,20251209,93409090,0,3919205,0,B,87100,300,
000037.SZ,000037,20251209,93409140,0,3919684,0,B,87300,1800,
000037.SZ,000037,20251209,93409220,0,3920193,0,B,87300,1400,
000037.SZ,000037,20251209,93409330,0,3921259,0,B,87300,100,
000037.SZ,000037,20251209,93409990,0,3926864,0,S,87200,700,
000037.SZ,000037,20251209,93410710,0,3933044,0,S,87700,3000,
000037.SZ,000037,20251209,93410720,0,3933115,0,S,87200,200,
000037.SZ,000037,20251209,93410810,0,3933679,0,B,86900,400,
000037.SZ,000037,20251209,93411380,0,3937520,0,S,87100,600,
000037.SZ,000037,20251209,93413700,0,3955947,0,B,86900,100,
000037.SZ,000037,20251209,93413710,0,3956054,0,S,87300,100,
000037.SZ,000037,20251209,93413710,0,3956073,0,S,87300,100,
000037.SZ,000037,20251209,93414540,0,3962344,0,B,87200,200,
000037.SZ,000037,20251209,93414550,0,3962393,0,S,87100,700,
000037.SZ,000037,20251209,93415620,0,3970169,0,B,86900,1500,
000037.SZ,000037,20251209,93416520,0,3977823,0,B,87400,2000,
000037.SZ,000037,20251209,93416660,0,3979022,0,B,87100,700,
000037.SZ,000037,20251209,93417890,0,3988178,0,B,87000,1000,
000037.SZ,000037,20251209,93418600,0,3993618,0,B,86600,2300,
000037.SZ,000037,20251209,93419700,0,4002726,0,S,92000,400,
000037.SZ,000037,20251209,93420180,0,4005843,0,S,90100,500,
000037.SZ,000037,20251209,93420350,0,4007436,0,S,90000,300,
000037.SZ,000037,20251209,93421530,0,4015885,0,S,88800,700,
000037.SZ,000037,20251209,93421790,0,4017917,0,B,87200,1200,
000037.SZ,000037,20251209,93422540,0,4025040,0,S,88300,1000,
000037.SZ,000037,20251209,93422710,0,4026605,0,B,85000,10300,
000037.SZ,000037,20251209,93422770,0,4027171,0,B,87000,2000,
000037.SZ,000037,20251209,93423190,0,4030516,0,B,88800,1600,
000037.SZ,000037,20251209,93424850,0,4042919,0,S,87300,100,
000037.SZ,000037,20251209,93424860,0,4042999,0,B,87300,100,
000037.SZ,000037,20251209,93425510,0,4048624,0,S,96100,200,
000037.SZ,000037,20251209,93425900,0,4051506,0,B,86300,300,
000037.SZ,000037,20251209,93426460,0,4055308,0,B,86900,700,
000037.SZ,000037,20251209,93427400,0,4061991,0,B,87000,3000,
000037.SZ,000037,20251209,93431030,0,4087940,0,S,87300,600,
000037.SZ,000037,20251209,93431520,0,4091698,0,S,89600,500,
000037.SZ,000037,20251209,93431760,0,4093694,0,S,91000,3500,
000037.SZ,000037,20251209,93432320,0,4097695,0,S,89000,1500,
000037.SZ,000037,20251209,93432460,0,4098782,0,B,87100,1100,
000037.SZ,000037,20251209,93432470,0,4098802,0,B,87100,700,
000037.SZ,000037,20251209,93432640,0,4100228,0,S,87700,2100,
000037.SZ,000037,20251209,93433810,0,4110067,0,S,87300,1200,
000037.SZ,000037,20251209,93433880,0,4110483,0,B,87400,500,
000037.SZ,000037,20251209,93434680,0,4117159,0,S,87200,700,
000037.SZ,000037,20251209,93434880,0,4118446,0,S,87800,800,
000037.SZ,000037,20251209,93435600,0,4123423,0,B,85600,500,
000037.SZ,000037,20251209,93440770,0,4161717,0,S,96100,800,
000037.SZ,000037,20251209,93441390,0,4166169,0,B,87200,2000,
000037.SZ,000037,20251209,93441840,0,4170142,0,B,86000,2000,
000037.SZ,000037,20251209,93442140,0,4172296,0,S,87400,3000,
000037.SZ,000037,20251209,93442150,0,4172455,0,B,86800,5000,
000037.SZ,000037,20251209,93442760,0,4177164,0,S,87300,500,
000037.SZ,000037,20251209,93443910,0,4186851,0,B,86500,1000,
000037.SZ,000037,20251209,93443910,0,4186886,0,B,87200,100,
000037.SZ,000037,20251209,93444620,0,4192302,0,S,88000,10000,
000037.SZ,000037,20251209,93444850,0,4193746,0,B,87300,100,
000037.SZ,000037,20251209,93447020,0,4210558,0,B,86800,1000,
000037.SZ,000037,20251209,93447550,0,4214493,0,S,89500,2100,
000037.SZ,000037,20251209,93448570,0,4222161,0,B,87200,700,
000037.SZ,000037,20251209,93449000,0,4225276,0,B,87200,1000,
000037.SZ,000037,20251209,93449020,0,4225458,0,S,87700,1500,
000037.SZ,000037,20251209,93452780,0,4255549,0,S,90700,700,
000037.SZ,000037,20251209,93453600,0,4261029,0,S,87500,5000,
000037.SZ,000037,20251209,93455320,0,4273554,0,B,87200,900,
000037.SZ,000037,20251209,93455880,0,4278126,0,B,86500,1000,
000037.SZ,000037,20251209,93457930,0,4292670,0,S,88500,900,
000037.SZ,000037,20251209,93458910,0,4300806,0,B,87100,2300,
000037.SZ,000037,20251209,93458910,0,4300807,0,B,87100,1600,
000037.SZ,000037,20251209,93459290,0,4303709,0,S,87200,1000,
000037.SZ,000037,20251209,93459290,0,4303754,0,B,87300,200,
000037.SZ,000037,20251209,93459590,0,4305646,0,S,87400,3000,
000037.SZ,000037,20251209,93501820,0,4328382,0,S,88000,500,
000037.SZ,000037,20251209,93502350,0,4333097,0,S,87000,2500,
000037.SZ,000037,20251209,93503570,0,4344157,0,B,87300,1500,
000037.SZ,000037,20251209,93503580,0,4344325,0,S,87300,100,
000037.SZ,000037,20251209,93503580,0,4344350,0,S,87300,100,
000037.SZ,000037,20251209,93504000,0,4348226,0,B,87300,100,
000037.SZ,000037,20251209,93504010,0,4348326,0,B,87200,100,
000037.SZ,000037,20251209,93504220,0,4350259,0,S,87400,1500,
000037.SZ,000037,20251209,93505010,0,4359665,0,B,87300,100,
000037.SZ,000037,20251209,93505010,0,4359668,0,B,87300,200,
000037.SZ,000037,20251209,93505010,0,4359703,0,B,87300,200,
000037.SZ,000037,20251209,93505010,0,4359704,0,B,87300,100,
000037.SZ,000037,20251209,93505030,0,4359958,0,B,87400,10400,
000037.SZ,000037,20251209,93505060,0,4360277,0,B,86800,100,
000037.SZ,000037,20251209,93505850,0,4368867,0,S,91500,600,
000037.SZ,000037,20251209,93506270,0,4372615,0,B,87300,800,
000037.SZ,000037,20251209,93506280,0,4372681,0,B,87400,200,
000037.SZ,000037,20251209,93506360,0,4373846,0,B,87300,400,
000037.SZ,000037,20251209,93506360,0,4373847,0,B,87300,1600,
000037.SZ,000037,20251209,93506380,0,4373987,0,S,87300,3000,
000037.SZ,000037,20251209,93506390,0,4374059,0,B,87400,1500,
000037.SZ,000037,20251209,93506390,0,4374060,0,B,87300,2200,
000037.SZ,000037,20251209,93507850,0,4389666,0,B,87300,200,
000037.SZ,000037,20251209,93508750,0,4397943,0,B,87300,1500,
000037.SZ,000037,20251209,93509150,0,4401595,0,B,87400,300,
000037.SZ,000037,20251209,93509160,0,4401698,0,B,87400,200,
000037.SZ,000037,20251209,93511070,0,4421297,0,B,86000,1200,
000037.SZ,000037,20251209,93511300,0,4423399,0,B,87000,100,
000037.SZ,000037,20251209,93511880,0,4428653,0,S,90000,3000,
000037.SZ,000037,20251209,93514700,0,4456722,0,S,96000,4000,
000037.SZ,000037,20251209,93515160,0,4461482,0,S,87400,1500,
000037.SZ,000037,20251209,93515170,0,4461558,0,S,87400,200,
000037.SZ,000037,20251209,93515960,0,4470068,0,B,85800,300,
000037.SZ,000037,20251209,93516150,0,4471779,0,S,87500,200,
000037.SZ,000037,20251209,93516270,0,4473168,0,S,87400,1000,
000037.SZ,000037,20251209,93516280,0,4473217,0,S,87400,1300,
000037.SZ,000037,20251209,93516280,0,4473236,0,S,87400,1200,
000037.SZ,000037,20251209,93516500,0,4475815,0,S,87600,2000,
000037.SZ,000037,20251209,93516910,0,4479405,0,S,88800,500,
000037.SZ,000037,20251209,93517020,0,4480187,0,B,87400,3300,
000037.SZ,000037,20251209,93517020,0,4480210,0,S,87500,11400,
000037.SZ,000037,20251209,93517020,0,4480211,0,S,87500,6000,
000037.SZ,000037,20251209,93517310,0,4482965,0,S,87400,3500,
000037.SZ,000037,20251209,93518660,0,4493792,0,B,87400,6800,
000037.SZ,000037,20251209,93518670,0,4493849,0,S,87400,1000,
000037.SZ,000037,20251209,93519410,0,4499826,0,B,87500,3000,
000037.SZ,000037,20251209,93519480,0,4500382,0,S,89000,2000,
000037.SZ,000037,20251209,93519780,0,4502728,0,B,86500,10000,
000037.SZ,000037,20251209,93521200,0,4513021,0,B,87400,300,
000037.SZ,000037,20251209,93524260,0,4536354,0,B,87400,3700,
000037.SZ,000037,20251209,93524300,0,4536757,0,S,87300,1000,
000037.SZ,000037,20251209,93524310,0,4536848,0,S,87400,500,
000037.SZ,000037,20251209,93524800,0,4541680,0,S,87500,3000,
000037.SZ,000037,20251209,93525000,0,4543207,0,S,87400,2700,
000037.SZ,000037,20251209,93525020,0,4543343,0,S,87400,100,
000037.SZ,000037,20251209,93527090,0,4558337,0,B,87300,500,
000037.SZ,000037,20251209,93528100,0,4566302,0,S,87500,1700,
000037.SZ,000037,20251209,93528110,0,4566416,0,S,87400,300,
000037.SZ,000037,20251209,93528220,0,4567558,0,S,87500,1500,
000037.SZ,000037,20251209,93529610,0,4578447,0,S,85800,400,
000037.SZ,000037,20251209,93529640,0,4578559,0,S,87400,1200,
000037.SZ,000037,20251209,93529640,0,4578583,0,S,87400,200,
000037.SZ,000037,20251209,93530810,0,4587305,0,B,84700,500,
000037.SZ,000037,20251209,93531760,0,4595761,0,B,87500,2600,
000037.SZ,000037,20251209,93531770,0,4595877,0,B,87400,100,
000037.SZ,000037,20251209,93531780,0,4595907,0,B,87400,100,
000037.SZ,000037,20251209,93531780,0,4595912,0,B,87300,200,
000037.SZ,000037,20251209,93531780,0,4595914,0,B,87300,100,
000037.SZ,000037,20251209,93531790,0,4596005,0,B,87400,100,
000037.SZ,000037,20251209,93532750,0,4603321,0,S,92300,600,
000037.SZ,000037,20251209,93532790,0,4603581,0,S,88500,2000,
000037.SZ,000037,20251209,93534800,0,4620990,0,S,88100,2400,
000037.SZ,000037,20251209,93535130,0,4623585,0,S,88500,800,
000037.SZ,000037,20251209,93536070,0,4630618,0,B,87000,500,
000037.SZ,000037,20251209,93537320,0,4641516,0,S,88500,600,
000037.SZ,000037,20251209,93540450,0,4670358,0,B,86700,3000,
000037.SZ,000037,20251209,93540870,0,4675351,0,B,87500,100,
000037.SZ,000037,20251209,93542150,0,4687408,0,S,87300,200,
000037.SZ,000037,20251209,93543040,0,4695411,0,S,87900,1200,
000037.SZ,000037,20251209,93543440,0,4699030,0,B,87500,500,
000037.SZ,000037,20251209,93544760,0,4710187,0,B,87500,100,
000037.SZ,000037,20251209,93544790,0,4710456,0,B,87200,500,
000037.SZ,000037,20251209,93548200,0,4745333,0,S,87300,100,
000037.SZ,000037,20251209,93548650,0,4750610,0,B,87300,1300,
000037.SZ,000037,20251209,93548960,0,4754452,0,B,87200,500,
000037.SZ,000037,20251209,93549740,0,4763655,0,S,87400,4000,
000037.SZ,000037,20251209,93549980,0,4765845,0,B,87200,2300,
000037.SZ,000037,20251209,93549980,0,4765847,0,B,87200,2200,
000037.SZ,000037,20251209,93549980,0,4765850,0,B,87200,1400,
000037.SZ,000037,20251209,93549980,0,4765852,0,B,87200,1900,
000037.SZ,000037,20251209,93550090,0,4766804,0,B,87500,200,
000037.SZ,000037,20251209,93550100,0,4766937,0,B,87300,100,
000037.SZ,000037,20251209,93550110,0,4766951,0,B,87300,100,
000037.SZ,000037,20251209,93550120,0,4767079,0,B,87300,100,
000037.SZ,000037,20251209,93550120,0,4767093,0,B,87400,100,
000037.SZ,000037,20251209,93551010,0,4773684,0,B,87400,100,
000037.SZ,000037,20251209,93551010,0,4773686,0,B,87400,100,
000037.SZ,000037,20251209,93551010,0,4773696,0,B,87400,100,
000037.SZ,000037,20251209,93551010,0,4773705,0,B,87400,100,
000037.SZ,000037,20251209,93551010,0,4773708,0,B,87400,100,
000037.SZ,000037,20251209,93551010,0,4773711,0,B,87400,100,
000037.SZ,000037,20251209,93551010,0,4773713,0,B,87400,100,
000037.SZ,000037,20251209,93551010,0,4773722,0,B,87400,100,
000037.SZ,000037,20251209,93551020,0,4773761,0,B,87400,100,
000037.SZ,000037,20251209,93551060,0,4774052,0,B,87000,100,
000037.SZ,000037,20251209,93551150,0,4774625,0,B,87400,100,
000037.SZ,000037,20251209,93551150,0,4774652,0,S,87300,200,
000037.SZ,000037,20251209,93551180,0,4775032,0,B,87500,100,
000037.SZ,000037,20251209,93551220,0,4775508,0,B,87400,100,
000037.SZ,000037,20251209,93551220,0,4775515,0,B,87400,100,
000037.SZ,000037,20251209,93551330,0,4777142,0,B,87400,100,
000037.SZ,000037,20251209,93551390,0,4777599,0,B,87400,100,
000037.SZ,000037,20251209,93551470,0,4778293,0,B,87400,100,
000037.SZ,000037,20251209,93551470,0,4778295,0,B,87400,100,
000037.SZ,000037,20251209,93551480,0,4778363,0,B,87400,100,
000037.SZ,000037,20251209,93553990,0,4798142,0,S,87400,1000,
000037.SZ,000037,20251209,93554760,0,4805323,0,S,93400,1000,
000037.SZ,000037,20251209,93554760,0,4805388,0,S,87400,3500,
000037.SZ,000037,20251209,93554830,0,4805890,0,S,95800,100000,
000037.SZ,000037,20251209,93555930,0,4814597,0,S,88000,2500,
000037.SZ,000037,20251209,93556700,0,4820615,0,S,87500,700,
000037.SZ,000037,20251209,93556860,0,4821697,0,B,87400,4700,
000037.SZ,000037,20251209,93556880,0,4821871,0,B,87400,100,
000037.SZ,000037,20251209,93556910,0,4822023,0,B,87400,100,
000037.SZ,000037,20251209,93556910,0,4822109,0,B,87400,1000,
000037.SZ,000037,20251209,93556960,0,4822448,0,S,87800,600,
000037.SZ,000037,20251209,93557140,0,4823606,0,B,87400,200,
000037.SZ,000037,20251209,93557350,0,4825445,0,S,91100,3200,
000037.SZ,000037,20251209,93557360,0,4825557,0,B,87300,1000,
000037.SZ,000037,20251209,93557960,0,4830552,0,S,96100,1000,
000037.SZ,000037,20251209,93558370,0,4834451,0,B,87400,700,
000037.SZ,000037,20251209,93559110,0,4840716,0,S,89000,2000,
000037.SZ,000037,20251209,93559300,0,4842474,0,S,88900,500,
000037.SZ,000037,20251209,93559460,0,4844703,0,S,87500,1300,
000037.SZ,000037,20251209,93559680,0,4846184,0,S,89900,1000,
000037.SZ,000037,20251209,93601220,0,4864879,0,B,86800,200,
000037.SZ,000037,20251209,93601260,0,4865292,0,B,87500,30300,
000037.SZ,000037,20251209,93601270,0,4865602,0,B,87400,100,
000037.SZ,000037,20251209,93601270,0,4865608,0,B,87400,400,
000037.SZ,000037,20251209,93601310,0,4866036,0,B,87500,2300,
000037.SZ,000037,20251209,93601340,0,4866400,0,B,87600,2000,
000037.SZ,000037,20251209,93601840,0,4873573,0,B,87500,400,
000037.SZ,000037,20251209,93602060,0,4875756,0,S,96100,10000,
000037.SZ,000037,20251209,93602330,0,4878604,0,S,91300,1600,
000037.SZ,000037,20251209,93602640,0,4881340,0,B,87200,1100,
000037.SZ,000037,20251209,93602650,0,4881474,0,B,87500,2000,
000037.SZ,000037,20251209,93603340,0,4887524,0,S,87500,800,
000037.SZ,000037,20251209,93605280,0,4905646,0,B,86900,25100,
000037.SZ,000037,20251209,93605290,0,4905766,0,B,87600,200,
000037.SZ,000037,20251209,93605290,0,4905776,0,B,87600,100,
000037.SZ,000037,20251209,93605290,0,4905777,0,B,87600,100,
000037.SZ,000037,20251209,93605290,0,4905778,0,B,87600,100,
000037.SZ,000037,20251209,93605300,0,4905811,0,B,87600,100,
000037.SZ,000037,20251209,93605300,0,4905813,0,B,87600,100,
000037.SZ,000037,20251209,93605310,0,4905939,0,B,87600,400,
000037.SZ,000037,20251209,93605310,0,4905988,0,S,87500,400,
000037.SZ,000037,20251209,93605410,0,4906830,0,B,87600,400,
000037.SZ,000037,20251209,93605510,0,4907656,0,S,87400,7400,
000037.SZ,000037,20251209,93605520,0,4907697,0,B,87400,2300,
000037.SZ,000037,20251209,93605520,0,4907699,0,B,87400,2300,
000037.SZ,000037,20251209,93605520,0,4907700,0,B,87400,900,
000037.SZ,000037,20251209,93605520,0,4907701,0,B,87400,1100,
000037.SZ,000037,20251209,93605520,0,4907702,0,B,87400,2300,
000037.SZ,000037,20251209,93605520,0,4907703,0,B,87400,2300,
000037.SZ,000037,20251209,93605520,0,4907704,0,B,87400,2300,
000037.SZ,000037,20251209,93605520,0,4907705,0,B,87400,2300,
000037.SZ,000037,20251209,93605520,0,4907706,0,B,87400,2300,
000037.SZ,000037,20251209,93605520,0,4907707,0,B,87400,2300,
000037.SZ,000037,20251209,93605520,0,4907708,0,B,87400,1700,
000037.SZ,000037,20251209,93605520,0,4907709,0,B,87400,1400,
000037.SZ,000037,20251209,93605520,0,4907710,0,B,87400,200,
000037.SZ,000037,20251209,93605520,0,4907711,0,B,87400,200,
000037.SZ,000037,20251209,93605520,0,4907712,0,B,87400,1500,
000037.SZ,000037,20251209,93605520,0,4907713,0,B,87400,500,
000037.SZ,000037,20251209,93605520,0,4907714,0,B,87400,6200,
000037.SZ,000037,20251209,93605520,0,4907715,0,B,87400,500,
000037.SZ,000037,20251209,93605520,0,4907716,0,B,87400,800,
000037.SZ,000037,20251209,93605520,0,4907717,0,B,87400,2300,
000037.SZ,000037,20251209,93605520,0,4907718,0,B,87400,2700,
000037.SZ,000037,20251209,93605520,0,4907719,0,B,87400,2300,
000037.SZ,000037,20251209,93605520,0,4907720,0,B,87400,1300,
000037.SZ,000037,20251209,93605520,0,4907721,0,B,87400,200,
000037.SZ,000037,20251209,93605520,0,4907722,0,B,87400,1500,
000037.SZ,000037,20251209,93605520,0,4907723,0,B,87400,2300,
000037.SZ,000037,20251209,93605520,0,4907724,0,B,87400,100,
000037.SZ,000037,20251209,93605520,0,4907725,0,B,87400,1400,
000037.SZ,000037,20251209,93605520,0,4907726,0,B,87400,2300,
000037.SZ,000037,20251209,93605520,0,4907727,0,B,87400,1600,
000037.SZ,000037,20251209,93605520,0,4907728,0,B,87400,100,
000037.SZ,000037,20251209,93605520,0,4907729,0,B,87400,100,
000037.SZ,000037,20251209,93605520,0,4907730,0,B,87400,100,
000037.SZ,000037,20251209,93605520,0,4907731,0,B,87300,100,
000037.SZ,000037,20251209,93605520,0,4907732,0,B,87400,200,
000037.SZ,000037,20251209,93605520,0,4907733,0,B,87400,1700,
000037.SZ,000037,20251209,93605520,0,4907734,0,B,87400,2300,
000037.SZ,000037,20251209,93605520,0,4907735,0,B,87400,2100,
000037.SZ,000037,20251209,93605520,0,4907736,0,B,87400,1900,
000037.SZ,000037,20251209,93605520,0,4907737,0,B,87400,2000,
000037.SZ,000037,20251209,93605520,0,4907750,0,B,87400,200,
000037.SZ,000037,20251209,93605520,0,4907751,0,B,87400,100,
000037.SZ,000037,20251209,93605520,0,4907753,0,B,87400,1200,
000037.SZ,000037,20251209,93605520,0,4907755,0,B,87400,2300,
000037.SZ,000037,20251209,93605520,0,4907757,0,B,87400,2300,
000037.SZ,000037,20251209,93605520,0,4907758,0,B,87400,100,
000037.SZ,000037,20251209,93605520,0,4907766,0,B,87400,400,
000037.SZ,000037,20251209,93605520,0,4907767,0,B,87400,300,
000037.SZ,000037,20251209,93605520,0,4907771,0,B,87400,800,
000037.SZ,000037,20251209,93605520,0,4907772,0,B,87400,300,
000037.SZ,000037,20251209,93605530,0,4907776,0,B,87400,500,
000037.SZ,000037,20251209,93605530,0,4907778,0,B,87400,700,
000037.SZ,000037,20251209,93605530,0,4907795,0,B,87400,1100,
000037.SZ,000037,20251209,93605530,0,4907828,0,B,87400,2300,
000037.SZ,000037,20251209,93605540,0,4907840,0,B,87400,100,
000037.SZ,000037,20251209,93605540,0,4907841,0,B,87400,300,
000037.SZ,000037,20251209,93605540,0,4907842,0,B,87400,100,
000037.SZ,000037,20251209,93605540,0,4907843,0,B,87400,100,
000037.SZ,000037,20251209,93605540,0,4907864,0,B,87400,200,
000037.SZ,000037,20251209,93605540,0,4907867,0,B,87400,100,
000037.SZ,000037,20251209,93605540,0,4907869,0,B,87400,200,
000037.SZ,000037,20251209,93605540,0,4907879,0,B,87400,100,
000037.SZ,000037,20251209,93605540,0,4907893,0,B,87400,600,
000037.SZ,000037,20251209,93605550,0,4907926,0,B,87400,1200,
000037.SZ,000037,20251209,93605550,0,4907967,0,B,87400,100,
000037.SZ,000037,20251209,93605550,0,4907968,0,B,87400,100,
000037.SZ,000037,20251209,93605550,0,4907969,0,B,87400,100,
000037.SZ,000037,20251209,93605550,0,4907970,0,B,87400,400,
000037.SZ,000037,20251209,93605550,0,4907972,0,B,87400,100,
000037.SZ,000037,20251209,93605570,0,4908043,0,B,87400,1000,
000037.SZ,000037,20251209,93605570,0,4908044,0,B,87400,100,
000037.SZ,000037,20251209,93605570,0,4908045,0,B,87400,100,
000037.SZ,000037,20251209,93605570,0,4908046,0,B,87400,100,
000037.SZ,000037,20251209,93605570,0,4908052,0,B,87400,100,
000037.SZ,000037,20251209,93605570,0,4908054,0,B,87400,100,
000037.SZ,000037,20251209,93605570,0,4908057,0,B,87400,100,
000037.SZ,000037,20251209,93605590,0,4908249,0,B,87400,700,
000037.SZ,000037,20251209,93605600,0,4908282,0,B,87400,100,
000037.SZ,000037,20251209,93605600,0,4908286,0,B,87400,200,
000037.SZ,000037,20251209,93605610,0,4908325,0,B,87400,200,
000037.SZ,000037,20251209,93606250,0,4912769,0,B,87500,600,
000037.SZ,000037,20251209,93606270,0,4912961,0,B,87500,300,
000037.SZ,000037,20251209,93606340,0,4913966,0,S,87500,7000,
000037.SZ,000037,20251209,93606350,0,4914071,0,B,87500,900,
000037.SZ,000037,20251209,93606350,0,4914073,0,B,87500,900,
000037.SZ,000037,20251209,93606350,0,4914078,0,B,87500,200,
000037.SZ,000037,20251209,93606350,0,4914080,0,B,87500,200,
000037.SZ,000037,20251209,93606350,0,4914083,0,B,87500,100,
000037.SZ,000037,20251209,93606350,0,4914085,0,B,87500,100,
000037.SZ,000037,20251209,93606350,0,4914088,0,B,87500,500,
000037.SZ,000037,20251209,93606350,0,4914093,0,B,87500,100,
000037.SZ,000037,20251209,93606350,0,4914124,0,B,87500,100,
000037.SZ,000037,20251209,93606360,0,4914182,0,B,87500,1300,
000037.SZ,000037,20251209,93606360,0,4914184,0,B,87500,500,
000037.SZ,000037,20251209,93606360,0,4914186,0,B,87500,3300,
000037.SZ,000037,20251209,93606360,0,4914195,0,B,87500,1100,
000037.SZ,000037,20251209,93606380,0,4914448,0,B,87500,4300,
000037.SZ,000037,20251209,93606380,0,4914467,0,B,87500,8600,
000037.SZ,000037,20251209,93606440,0,4914965,0,B,87500,300,
000037.SZ,000037,20251209,93607200,0,4922417,0,B,87200,3000,
000037.SZ,000037,20251209,93607460,0,4925088,0,S,87700,1000,
000037.SZ,000037,20251209,93607760,0,4927395,0,S,95000,1200,
000037.SZ,000037,20251209,93608040,0,4929609,0,B,87600,100,
000037.SZ,000037,20251209,93608250,0,4931237,0,S,96100,100,
000037.SZ,000037,20251209,93609100,0,4937426,0,B,85500,1000,
000037.SZ,000037,20251209,93609160,0,4937870,0,S,87600,100,
000037.SZ,000037,20251209,93609440,0,4940516,0,S,91600,400,
000037.SZ,000037,20251209,93609960,0,4946590,0,B,87600,900,
000037.SZ,000037,20251209,93610490,0,4953142,0,S,90800,5600,
000037.SZ,000037,20251209,93611170,0,4959995,0,B,87500,1700,
000037.SZ,000037,20251209,93611170,0,4959998,0,B,87500,1700,
000037.SZ,000037,20251209,93611170,0,4959999,0,B,87500,1200,
000037.SZ,000037,20251209,93611170,0,4960001,0,B,87500,1500,
000037.SZ,000037,20251209,93611180,0,4960092,0,B,87600,2300,
000037.SZ,000037,20251209,93611180,0,4960093,0,B,87500,2100,
000037.SZ,000037,20251209,93612150,0,4968486,0,S,87600,100,
000037.SZ,000037,20251209,93612380,0,4970608,0,S,88100,100,
000037.SZ,000037,20251209,93612590,0,4972771,0,S,87700,4000,
000037.SZ,000037,20251209,93613030,0,4976754,0,S,96100,2000,
000037.SZ,000037,20251209,93614120,0,4986757,0,S,87700,500,
000037.SZ,000037,20251209,93614790,0,4993491,0,S,96100,3300,
000037.SZ,000037,20251209,93615140,0,4996307,0,B,87400,100,
000037.SZ,000037,20251209,93615320,0,4998359,0,B,87700,300,
000037.SZ,000037,20251209,93616720,0,5012494,0,S,96100,400,
000037.SZ,000037,20251209,93617370,0,5017983,0,S,88100,2600,
000037.SZ,000037,20251209,93617940,0,5022325,0,S,87900,500,
000037.SZ,000037,20251209,93618330,0,5025306,0,B,87300,700,
000037.SZ,000037,20251209,93619010,0,5031484,0,B,87600,300,
000037.SZ,000037,20251209,93619300,0,5035627,0,S,87600,10000,
000037.SZ,000037,20251209,93619310,0,5035817,0,B,87600,300,
000037.SZ,000037,20251209,93619560,0,5038611,0,S,88000,2000,
000037.SZ,000037,20251209,93620160,0,5043311,0,S,87800,5000,
000037.SZ,000037,20251209,93620170,0,5043405,0,B,87500,100,
000037.SZ,000037,20251209,93620200,0,5043667,0,B,87500,300,
000037.SZ,000037,20251209,93620250,0,5044157,0,S,92600,400,
000037.SZ,000037,20251209,93620970,0,5049344,0,S,96100,10000,
000037.SZ,000037,20251209,93621230,0,5051210,0,S,87600,2200,
000037.SZ,000037,20251209,93621570,0,5054486,0,B,86900,1000,
000037.SZ,000037,20251209,93622730,0,5063952,0,B,87500,100,
000037.SZ,000037,20251209,93622740,0,5063992,0,B,87500,100,
000037.SZ,000037,20251209,93622740,0,5063994,0,B,87500,100,
000037.SZ,000037,20251209,93623150,0,5067423,0,S,88500,2100,
000037.SZ,000037,20251209,93623650,0,5071060,0,B,86500,1600,
000037.SZ,000037,20251209,93623820,0,5072049,0,S,95000,100,
000037.SZ,000037,20251209,93624210,0,5074810,0,S,87800,1000,
000037.SZ,000037,20251209,93624340,0,5075907,0,B,87500,100,
000037.SZ,000037,20251209,93624440,0,5076812,0,S,88600,400,
000037.SZ,000037,20251209,93624640,0,5078186,0,S,87600,100,
000037.SZ,000037,20251209,93626020,0,5089291,0,B,87500,600,
000037.SZ,000037,20251209,93626030,0,5089333,0,B,87500,100,
000037.SZ,000037,20251209,93628140,0,5104430,0,B,87600,200,
000037.SZ,000037,20251209,93628160,0,5104564,0,B,87500,100,
000037.SZ,000037,20251209,93628780,0,5109732,0,S,87600,2700,
000037.SZ,000037,20251209,93628880,0,5110539,0,S,87600,100,
000037.SZ,000037,20251209,93630150,0,5118200,0,S,87500,300,
000037.SZ,000037,20251209,93630160,0,5118349,0,S,87600,200,
000037.SZ,000037,20251209,93630660,0,5122248,0,B,87600,500,
000037.SZ,000037,20251209,93630680,0,5122340,0,B,87100,3000,
000037.SZ,000037,20251209,93630770,0,5123095,0,B,87500,1200,
000037.SZ,000037,20251209,93630880,0,5123688,0,S,87600,600,
000037.SZ,000037,20251209,93631020,0,5124731,0,S,87600,100,
000037.SZ,000037,20251209,93631090,0,5125257,0,S,93000,200,
000037.SZ,000037,20251209,93631880,0,5131859,0,S,87600,100,
000037.SZ,000037,20251209,93632350,0,5135278,0,S,87600,200,
000037.SZ,000037,20251209,93632910,0,5138885,0,S,87900,3000,
000037.SZ,000037,20251209,93633500,0,5143283,0,S,87600,1500,
000037.SZ,000037,20251209,93635230,0,5156119,0,B,87400,1400,
000037.SZ,000037,20251209,93635360,0,5157294,0,S,96100,10000,
000037.SZ,000037,20251209,93636250,0,5163176,0,B,87500,100,
000037.SZ,000037,20251209,93636400,0,5164200,0,S,92500,800,
000037.SZ,000037,20251209,93636580,0,5165759,0,S,88800,100,
000037.SZ,000037,20251209,93637140,0,5169945,0,S,89000,1000,
000037.SZ,000037,20251209,93637180,0,5170446,0,B,87500,300,
000037.SZ,000037,20251209,93637260,0,5171476,0,S,88800,700,
000037.SZ,000037,20251209,93637270,0,5171532,0,B,87600,8100,
000037.SZ,000037,20251209,93637290,0,5171760,0,S,93800,1300,
000037.SZ,000037,20251209,93638030,0,5177595,0,S,92300,400,
000037.SZ,000037,20251209,93639450,0,5186725,0,B,87400,1500,
000037.SZ,000037,20251209,93639580,0,5187878,0,S,89400,8500,
000037.SZ,000037,20251209,93639660,0,5188494,0,B,87000,500,
000037.SZ,000037,20251209,93639910,0,5190450,0,B,87600,200,
000037.SZ,000037,20251209,93640150,0,5192412,0,S,88200,6000,
000037.SZ,000037,20251209,93640360,0,5194342,0,S,96100,500,
000037.SZ,000037,20251209,93642230,0,5209335,0,B,87500,100,
000037.SZ,000037,20251209,93642230,0,5209338,0,B,87500,100,
000037.SZ,000037,20251209,93643940,0,5223785,0,S,88000,1000,
000037.SZ,000037,20251209,93644070,0,5224771,0,S,87900,3000,
000037.SZ,000037,20251209,93644250,0,5225928,0,S,87700,10000,
000037.SZ,000037,20251209,93644860,0,5229749,0,S,96100,4500,
000037.SZ,000037,20251209,93648720,0,5258685,0,B,85500,1000,
000037.SZ,000037,20251209,93649870,0,5267045,0,S,87600,100,
000037.SZ,000037,20251209,93649870,0,5267073,0,B,87500,100,
000037.SZ,000037,20251209,93650020,0,5268035,0,S,87600,1000,
000037.SZ,000037,20251209,93650020,0,5268055,0,B,87400,6400,
000037.SZ,000037,20251209,93650110,0,5268585,0,S,87900,2000,
000037.SZ,000037,20251209,93650750,0,5272719,0,B,86600,1000,
000037.SZ,000037,20251209,93651680,0,5278880,0,S,87600,24500,
000037.SZ,000037,20251209,93652880,0,5288898,0,S,87600,5000,
000037.SZ,000037,20251209,93653960,0,5296440,0,S,90900,12500,
000037.SZ,000037,20251209,93654240,0,5298786,0,S,87500,400,
000037.SZ,000037,20251209,93655360,0,5307071,0,S,87600,1200,
000037.SZ,000037,20251209,93655400,0,5307394,0,S,89700,700,
000037.SZ,000037,20251209,93655830,0,5310573,0,S,89900,200,
000037.SZ,000037,20251209,93658080,0,5327741,0,B,87500,100,
000037.SZ,000037,20251209,93658130,0,5328018,0,S,96100,10000,
000037.SZ,000037,20251209,93658310,0,5329803,0,S,87700,20000,
000037.SZ,000037,20251209,93658900,0,5334231,0,S,89800,300,
000037.SZ,000037,20251209,93659400,0,5337676,0,S,87600,300,
000037.SZ,000037,20251209,93659790,0,5340114,0,B,88200,2500,
000037.SZ,000037,20251209,93700560,0,5346099,0,S,87500,1500,
000037.SZ,000037,20251209,93700610,0,5346865,0,S,88100,1500,
000037.SZ,000037,20251209,93701500,0,5356993,0,S,87500,1200,
000037.SZ,000037,20251209,93701670,0,5358489,0,B,84000,1000,
000037.SZ,000037,20251209,93702520,0,5366401,0,S,87600,3000,
000037.SZ,000037,20251209,93702530,0,5366523,0,B,87500,100,
000037.SZ,000037,20251209,93703150,0,5372146,0,S,87500,200,
000037.SZ,000037,20251209,93703160,0,5372247,0,S,87500,100,
000037.SZ,000037,20251209,93703160,0,5372249,0,S,87500,200,
000037.SZ,000037,20251209,93703160,0,5372251,0,S,87500,100,
000037.SZ,000037,20251209,93703160,0,5372253,0,S,87500,100,
000037.SZ,000037,20251209,93703160,0,5372255,0,S,87500,200,
000037.SZ,000037,20251209,93703160,0,5372269,0,S,87500,100,
000037.SZ,000037,20251209,93703160,0,5372271,0,S,87500,400,
000037.SZ,000037,20251209,93703170,0,5372349,0,S,87500,100,
000037.SZ,000037,20251209,93704050,0,5379899,0,S,95800,700,
000037.SZ,000037,20251209,93706130,0,5398035,0,B,87400,1200,
000037.SZ,000037,20251209,93706400,0,5401130,0,S,87500,1200,
000037.SZ,000037,20251209,93706410,0,5401171,0,S,87500,700,
000037.SZ,000037,20251209,93706410,0,5401180,0,S,87500,200,
000037.SZ,000037,20251209,93706420,0,5401255,0,S,87500,500,
000037.SZ,000037,20251209,93706420,0,5401259,0,S,87500,100,
000037.SZ,000037,20251209,93706420,0,5401261,0,S,87500,100,
000037.SZ,000037,20251209,93706420,0,5401263,0,S,87500,200,
000037.SZ,000037,20251209,93706430,0,5401319,0,S,87500,3000,
000037.SZ,000037,20251209,93706430,0,5401346,0,S,87500,1200,
000037.SZ,000037,20251209,93706430,0,5401358,0,S,87500,1300,
000037.SZ,000037,20251209,93706430,0,5401362,0,S,87500,100,
000037.SZ,000037,20251209,93706430,0,5401363,0,S,87500,100,
000037.SZ,000037,20251209,93706430,0,5401364,0,S,87500,100,
000037.SZ,000037,20251209,93706440,0,5401445,0,S,87500,1100,
000037.SZ,000037,20251209,93706830,0,5405164,0,S,89900,100,
000037.SZ,000037,20251209,93707350,0,5409709,0,B,87600,1000,
000037.SZ,000037,20251209,93707360,0,5409837,0,B,87400,100,
000037.SZ,000037,20251209,93707360,0,5409839,0,B,87400,100,
000037.SZ,000037,20251209,93707360,0,5409846,0,B,87400,100,
000037.SZ,000037,20251209,93707370,0,5409891,0,B,87400,100,
000037.SZ,000037,20251209,93707370,0,5409892,0,B,87400,300,
000037.SZ,000037,20251209,93707370,0,5409900,0,B,87400,100,
000037.SZ,000037,20251209,93707370,0,5409904,0,B,87400,500,
000037.SZ,000037,20251209,93707370,0,5409909,0,B,87400,200,
000037.SZ,000037,20251209,93707380,0,5409993,0,B,87600,6400,
000037.SZ,000037,20251209,93709020,0,5421415,0,S,87600,10000,
000037.SZ,000037,20251209,93709150,0,5422266,0,S,87600,100,
000037.SZ,000037,20251209,93710000,0,5429245,0,B,86600,1000,
000037.SZ,000037,20251209,93710430,0,5432716,0,S,96100,1900,
000037.SZ,000037,20251209,93710490,0,5433362,0,S,88000,1000,
000037.SZ,000037,20251209,93711460,0,5440576,0,S,87500,3900,
000037.SZ,000037,20251209,93711470,0,5440642,0,B,87400,100,
000037.SZ,000037,20251209,93712160,0,5445374,0,B,87400,100,
000037.SZ,000037,20251209,93712290,0,5446887,0,B,87000,1000,
000037.SZ,000037,20251209,93713070,0,5452964,0,B,87300,1300,
000037.SZ,000037,20251209,93713080,0,5453035,0,B,87400,100,
000037.SZ,000037,20251209,93713560,0,5457197,0,S,88900,600,
000037.SZ,000037,20251209,93713650,0,5458007,0,B,87400,200,
000037.SZ,000037,20251209,93715120,0,5470839,0,S,88100,900,
000037.SZ,000037,20251209,93715140,0,5470924,0,B,87400,100,
000037.SZ,000037,20251209,93715350,0,5472857,0,B,87000,200,
000037.SZ,000037,20251209,93715410,0,5473278,0,S,87600,1500,
000037.SZ,000037,20251209,93715420,0,5473352,0,S,87900,400,
000037.SZ,000037,20251209,93716780,0,5484806,0,B,87300,1400,
000037.SZ,000037,20251209,93716790,0,5484913,0,B,87400,100,
000037.SZ,000037,20251209,93716800,0,5484935,0,B,87400,100,
000037.SZ,000037,20251209,93716800,0,5484937,0,S,87500,100,
000037.SZ,000037,20251209,93717910,0,5492773,0,S,87600,2000,
