万得代码,交易所代码,自然日,时间,成交编号,成交代码,委托代码,BS标志,成交价格,成交数量,叫卖序号,叫买序号,
000011.SZ,000011,20251209,91633640,306786,C,0, ,0,3000,55546,0,
000011.SZ,000011,20251209,92500000,555775,0,0,S,93800,200,508106,423777,
000011.SZ,000011,20251209,92500000,555776,0,0,B,93800,100,508106,533974,
000011.SZ,000011,20251209,92500000,555777,0,0,B,93800,2700,508106,553802,
000011.SZ,000011,20251209,92500000,555778,0,0,B,93800,3000,535260,553802,
000011.SZ,000011,20251209,92500000,555779,0,0,B,93800,100,423201,553802,
000011.SZ,000011,20251209,92500000,555780,0,0,B,93800,1000,383634,553802,
000011.SZ,000011,20251209,92500000,555781,0,0,B,93800,1000,388014,553802,
000011.SZ,000011,20251209,92500000,555782,0,0,B,93800,1600,549643,553802,
000011.SZ,000011,20251209,92500000,555783,0,0,B,93800,200,553320,553802,
000011.SZ,000011,20251209,92500000,555784,0,0,B,93800,300,528908,553802,
000011.SZ,000011,20251209,92500000,555785,0,0,B,93800,200,529126,553802,
000011.SZ,000011,20251209,92500000,555786,0,0,B,93800,100,529126,553601,
000011.SZ,000011,20251209,92500000,555787,0,0,S,93800,300,531875,526636,
000011.SZ,000011,20251209,92500000,555788,0,0,B,93800,200,164249,526636,
000011.SZ,000011,20251209,92500000,555789,0,0,S,93800,800,164249,20128,
000011.SZ,000011,20251209,92500000,555790,0,0,S,93800,1000,352468,20128,
000011.SZ,000011,20251209,92500000,555791,0,0,S,93800,1000,399698,20128,
000011.SZ,000011,20251209,92500000,555792,0,0,S,93800,1000,406229,20128,
000011.SZ,000011,20251209,92500000,555793,0,0,S,93800,1000,441280,20128,
000011.SZ,000011,20251209,92500000,555794,0,0,S,93800,1000,450553,20128,
000011.SZ,000011,20251209,92500000,555795,0,0,S,93800,300,510758,20128,
000011.SZ,000011,20251209,92500000,555796,0,0,S,93800,2200,510758,192727,
000011.SZ,000011,20251209,92500000,555797,0,0,S,93800,200,510758,246569,
000011.SZ,000011,20251209,92500000,555798,0,0,S,93800,100,510758,187413,
000011.SZ,000011,20251209,92500000,555799,0,0,S,93800,200,510758,509962,
000011.SZ,000011,20251209,92500000,555800,0,0,S,93800,1500,520265,509962,
000011.SZ,000011,20251209,92500000,555801,0,0,S,93800,1500,534740,509962,
000011.SZ,000011,20251209,92500000,555802,0,0,B,93800,200,482620,509962,
000011.SZ,000011,20251209,92500000,555803,0,0,B,93800,2900,482620,523342,
000011.SZ,000011,20251209,92500000,555804,0,0,B,93800,300,482620,532965,
000011.SZ,000011,20251209,93000180,741757,0,0,B,93800,500,482620,741756,
000011.SZ,000011,20251209,93000180,741758,0,0,B,93800,2600,527249,741756,
000011.SZ,000011,20251209,93000230,761424,0,0,B,93800,100,527249,761423,
000011.SZ,000011,20251209,93000440,817023,0,0,S,93700,200,817022,458378,
000011.SZ,000011,20251209,93000520,830750,0,0,B,93800,100,527249,830749,
000011.SZ,000011,20251209,93000640,850350,0,0,B,93800,200,527249,850349,
000011.SZ,000011,20251209,93000650,852015,0,0,B,93800,600,527249,852014,
000011.SZ,000011,20251209,93000880,888298,0,0,B,93800,400,527249,888297,
000011.SZ,000011,20251209,93000880,888299,0,0,B,93800,300,760282,888297,
000011.SZ,000011,20251209,93000900,892198,0,0,B,93800,600,760282,892197,
000011.SZ,000011,20251209,93001300,940375,0,0,B,93800,600,760282,940374,
000011.SZ,000011,20251209,93001570,962465,0,0,B,93800,500,760282,962464,
000011.SZ,000011,20251209,93001590,964681,0,0,S,93700,600,964680,458378,
000011.SZ,000011,20251209,93001610,965796,C,0, ,0,400,0,965782,
000011.SZ,000011,20251209,93001820,985732,0,0,B,93800,100,760282,985731,
000011.SZ,000011,20251209,93001820,985733,0,0,B,93800,600,855976,985731,
000011.SZ,000011,20251209,93001950,997780,0,0,B,93800,300,855976,997779,
000011.SZ,000011,20251209,93001950,997781,0,0,B,93800,400,864226,997779,
000011.SZ,000011,20251209,93001980,1001457,0,0,B,93800,500,864226,1001456,
000011.SZ,000011,20251209,93001980,1001458,0,0,B,93800,200,959738,1001456,
000011.SZ,000011,20251209,93002020,1005944,0,0,S,93800,600,1005943,1001456,
000011.SZ,000011,20251209,93002520,1037730,0,0,S,93800,300,1037729,1001456,
000011.SZ,000011,20251209,93002630,1045614,0,0,S,93800,100,1045613,1001456,
000011.SZ,000011,20251209,93002640,1046185,0,0,S,93800,100,1046184,1001456,
000011.SZ,000011,20251209,93002640,1046303,0,0,S,93800,100,1046302,1001456,
000011.SZ,000011,20251209,93002660,1048343,0,0,S,93800,200,1048342,1001456,
000011.SZ,000011,20251209,93002670,1048446,0,0,S,93700,100,1048445,458378,
000011.SZ,000011,20251209,93002980,1067917,0,0,S,93800,400,1067916,1060499,
000011.SZ,000011,20251209,93003030,1072276,0,0,S,93800,200,1072275,1060499,
000011.SZ,000011,20251209,93003100,1076426,0,0,S,93800,100,1076425,1060499,
000011.SZ,000011,20251209,93003120,1078038,0,0,S,93800,100,1078037,1060499,
000011.SZ,000011,20251209,93003140,1079382,0,0,S,93800,200,1079381,1060499,
000011.SZ,000011,20251209,93003160,1080557,0,0,B,93900,300,537360,1080556,
000011.SZ,000011,20251209,93003170,1080726,0,0,S,93800,400,1080725,1060499,
000011.SZ,000011,20251209,93003170,1080736,0,0,S,93800,200,1080735,1060499,
000011.SZ,000011,20251209,93003170,1081359,0,0,S,93800,100,1081358,1060499,
000011.SZ,000011,20251209,93003180,1081558,0,0,S,93800,1900,1081557,1060499,
000011.SZ,000011,20251209,93003180,1081731,0,0,S,93800,200,1081730,1060499,
000011.SZ,000011,20251209,93003190,1082005,0,0,B,93900,200,1081508,1082004,
000011.SZ,000011,20251209,93003190,1082383,0,0,S,93800,600,1082382,1060499,
000011.SZ,000011,20251209,93003910,1119174,0,0,S,93800,100,1119173,1060499,
000011.SZ,000011,20251209,93004730,1156320,0,0,S,93700,100,1156319,458378,
000011.SZ,000011,20251209,93004890,1161693,0,0,B,93800,100,1145675,1161692,
000011.SZ,000011,20251209,93004890,1161694,0,0,B,93800,100,1154661,1161692,
000011.SZ,000011,20251209,93005020,1168129,C,0, ,0,100,0,1009486,
000011.SZ,000011,20251209,93005690,1188256,0,0,S,93800,100,1188255,1161692,
000011.SZ,000011,20251209,93005830,1191186,0,0,S,93800,100,1191185,1161692,
000011.SZ,000011,20251209,93006120,1201810,0,0,S,93800,2200,1201809,1161692,
000011.SZ,000011,20251209,93006150,1202904,0,0,S,93800,200,1202903,1161692,
000011.SZ,000011,20251209,93006150,1202910,0,0,S,93800,100,1202909,1161692,
000011.SZ,000011,20251209,93006150,1202911,0,0,S,93800,100,1202909,1163369,
000011.SZ,000011,20251209,93006150,1202913,0,0,S,93800,300,1202912,1163369,
000011.SZ,000011,20251209,93006150,1202914,0,0,S,93800,100,1202912,1184662,
000011.SZ,000011,20251209,93006150,1202916,0,0,S,93800,200,1202915,1184662,
000011.SZ,000011,20251209,93006150,1202919,0,0,S,93800,200,1202918,1184662,
000011.SZ,000011,20251209,93006150,1202924,0,0,S,93800,100,1202923,1184662,
000011.SZ,000011,20251209,93006180,1205010,0,0,S,93700,100,1205009,458378,
000011.SZ,000011,20251209,93006200,1206041,0,0,B,93800,100,1202943,1206040,
000011.SZ,000011,20251209,93006210,1206329,0,0,S,93700,1600,1206328,458378,
000011.SZ,000011,20251209,93006210,1206333,0,0,S,93700,500,1206332,458378,
000011.SZ,000011,20251209,93006210,1206334,0,0,S,93700,100,1206332,709312,
000011.SZ,000011,20251209,93006210,1206335,0,0,S,93700,1100,1206332,942957,
000011.SZ,000011,20251209,93007250,1236220,C,0, ,0,1300,1203169,0,
000011.SZ,000011,20251209,93007380,1239665,0,0,B,93800,100,1202943,1239664,
000011.SZ,000011,20251209,93007380,1239666,0,0,B,93800,100,1202979,1239664,
000011.SZ,000011,20251209,93007540,1243485,0,0,B,93800,100,1202979,1243484,
000011.SZ,000011,20251209,93008580,1264111,0,0,B,93800,100,1202979,1264110,
000011.SZ,000011,20251209,93008580,1264112,0,0,B,93800,1300,1203026,1264110,
000011.SZ,000011,20251209,93008580,1264113,0,0,B,93800,300,1203079,1264110,
000011.SZ,000011,20251209,93008580,1264114,0,0,B,93800,200,1203160,1264110,
000011.SZ,000011,20251209,93008580,1264115,0,0,B,93800,300,1203215,1264110,
000011.SZ,000011,20251209,93008580,1264116,0,0,B,93800,300,1203470,1264110,
000011.SZ,000011,20251209,93009020,1270908,0,0,B,93800,800,1203470,1270907,
000011.SZ,000011,20251209,93009150,1273122,0,0,S,93700,400,1273121,942957,
000011.SZ,000011,20251209,93009150,1273137,0,0,S,93700,200,1273136,942957,
000011.SZ,000011,20251209,93009150,1273157,0,0,S,93700,100,1273156,942957,
000011.SZ,000011,20251209,93009150,1273159,0,0,S,93700,100,1273158,942957,
000011.SZ,000011,20251209,93009150,1273161,0,0,S,93700,100,1273160,942957,
000011.SZ,000011,20251209,93009150,1273185,0,0,S,93700,100,1273184,942957,
000011.SZ,000011,20251209,93009150,1273237,0,0,S,93700,100,1273236,942957,
000011.SZ,000011,20251209,93009150,1273253,0,0,S,93700,100,1273252,942957,
000011.SZ,000011,20251209,93009150,1273287,0,0,S,93700,100,1273286,942957,
000011.SZ,000011,20251209,93009150,1273331,0,0,S,93700,100,1273330,942957,
000011.SZ,000011,20251209,93009150,1273333,0,0,S,93700,100,1273332,942957,
000011.SZ,000011,20251209,93009150,1273346,0,0,S,93700,100,1273345,942957,
000011.SZ,000011,20251209,93009160,1273376,0,0,S,93700,100,1273375,942957,
000011.SZ,000011,20251209,93009160,1273429,0,0,S,93700,100,1273428,942957,
000011.SZ,000011,20251209,93009160,1273449,0,0,S,93700,100,1273448,942957,
000011.SZ,000011,20251209,93009160,1273464,0,0,S,93700,100,1273463,942957,
000011.SZ,000011,20251209,93009160,1273568,0,0,S,93700,500,1273567,942957,
000011.SZ,000011,20251209,93009160,1273574,0,0,S,93700,400,1273573,942957,
000011.SZ,000011,20251209,93009170,1273577,0,0,S,93700,100,1273576,1270905,
000011.SZ,000011,20251209,93009420,1281093,C,0, ,0,500,0,1234608,
000011.SZ,000011,20251209,93009420,1281097,C,0, ,0,400,1207274,0,
000011.SZ,000011,20251209,93009590,1283902,0,0,S,93600,200,1283901,18630,
000011.SZ,000011,20251209,93009590,1283903,0,0,S,93600,100,1283901,252335,
000011.SZ,000011,20251209,93010640,1305486,0,0,B,93700,400,1273576,1305485,
000011.SZ,000011,20251209,93010640,1305487,0,0,B,93700,100,1273707,1305485,
000011.SZ,000011,20251209,93010640,1305488,0,0,B,93700,200,1274696,1305485,
000011.SZ,000011,20251209,93010640,1305489,0,0,B,93700,100,1282222,1305485,
000011.SZ,000011,20251209,93010640,1305490,0,0,B,93700,100,1282421,1305485,
000011.SZ,000011,20251209,93010640,1305491,0,0,B,93700,1500,1282890,1305485,
000011.SZ,000011,20251209,93010760,1307809,0,0,B,93700,1500,1282890,1307808,
000011.SZ,000011,20251209,93011930,1320782,0,0,S,93700,100,1320781,1307808,
000011.SZ,000011,20251209,93011930,1320783,0,0,S,93700,200,1320781,1309313,
000011.SZ,000011,20251209,93011970,1321114,0,0,S,93700,600,1321113,1309313,
000011.SZ,000011,20251209,93012030,1321794,0,0,S,93700,600,1321793,1309313,
000011.SZ,000011,20251209,93012150,1323293,0,0,S,93700,100,1323292,1309313,
000011.SZ,000011,20251209,93012150,1323332,0,0,S,93700,900,1323331,1309313,
000011.SZ,000011,20251209,93012160,1323510,C,0, ,0,200,1203470,0,
000011.SZ,000011,20251209,93012160,1323652,C,0, ,0,500,1205768,0,
000011.SZ,000011,20251209,93012160,1323656,C,0, ,0,600,1205774,0,
000011.SZ,000011,20251209,93012170,1323842,C,0, ,0,1300,1205267,0,
000011.SZ,000011,20251209,93012190,1324161,C,0, ,0,100,0,1281236,
000011.SZ,000011,20251209,93012200,1324649,C,0, ,0,200,1206215,0,
000011.SZ,000011,20251209,93012570,1332057,0,0,S,93600,700,1332056,252335,
000011.SZ,000011,20251209,93013250,1343296,C,0, ,0,100,1323331,0,
000011.SZ,000011,20251209,93013590,1350804,0,0,S,93600,4700,1350803,252335,
000011.SZ,000011,20251209,93013890,1355043,0,0,B,93700,1000,1323511,1355042,
000011.SZ,000011,20251209,93013890,1355044,0,0,B,93700,400,1323951,1355042,
000011.SZ,000011,20251209,93013890,1355045,0,0,B,93700,500,1324162,1355042,
000011.SZ,000011,20251209,93013890,1355046,0,0,B,93700,800,1325157,1355042,
000011.SZ,000011,20251209,93013950,1355717,0,0,B,93700,100,1325157,1355716,
000011.SZ,000011,20251209,93013950,1355718,0,0,B,93700,600,1330710,1355716,
000011.SZ,000011,20251209,93013950,1355719,0,0,B,93700,100,1332564,1355716,
000011.SZ,000011,20251209,93013950,1355720,0,0,B,93700,100,1339234,1355716,
000011.SZ,000011,20251209,93015150,1370295,0,0,S,93700,200,1370294,1355716,
000011.SZ,000011,20251209,93015150,1370298,0,0,S,93700,100,1370297,1355716,
000011.SZ,000011,20251209,93015150,1370299,0,0,S,93700,300,1370297,1367746,
000011.SZ,000011,20251209,93015150,1370357,0,0,S,93700,200,1370356,1367746,
000011.SZ,000011,20251209,93015920,1390794,C,0, ,0,3600,1341409,0,
000011.SZ,000011,20251209,93016530,1402270,C,0, ,0,400,1146820,0,
000011.SZ,000011,20251209,93016990,1409926,0,0,B,93700,200,1370369,1409925,
000011.SZ,000011,20251209,93016990,1409927,0,0,B,93700,100,1371145,1409925,
000011.SZ,000011,20251209,93016990,1409928,0,0,B,93700,800,1371264,1409925,
000011.SZ,000011,20251209,93016990,1409929,0,0,B,93700,500,1371666,1409925,
000011.SZ,000011,20251209,93016990,1409930,0,0,B,93700,600,1371716,1409925,
000011.SZ,000011,20251209,93016990,1409931,0,0,B,93700,200,1372925,1409925,
000011.SZ,000011,20251209,93016990,1409932,0,0,B,93700,300,1373282,1409925,
000011.SZ,000011,20251209,93017300,1414074,C,0, ,0,2900,1391040,0,
000011.SZ,000011,20251209,93018230,1425386,C,0, ,0,400,1290816,0,
000011.SZ,000011,20251209,93018270,1425798,C,0, ,0,100,1327939,0,
000011.SZ,000011,20251209,93018290,1426388,C,0, ,0,600,1276093,0,
000011.SZ,000011,20251209,93018290,1426481,C,0, ,0,100,1373282,0,
000011.SZ,000011,20251209,93018300,1426564,C,0, ,0,400,1294695,0,
000011.SZ,000011,20251209,93018310,1426883,0,0,S,93600,1400,1426882,252335,
000011.SZ,000011,20251209,93018320,1427675,0,0,S,93600,1300,1427674,252335,
000011.SZ,000011,20251209,93018340,1428315,C,0, ,0,200,1207280,0,
000011.SZ,000011,20251209,93018350,1428336,C,0, ,0,600,1207286,0,
000011.SZ,000011,20251209,93018730,1437283,0,0,S,93600,800,1437282,252335,
000011.SZ,000011,20251209,93018730,1437284,0,0,S,93600,100,1437282,1205314,
000011.SZ,000011,20251209,93018730,1437285,0,0,S,93600,100,1437282,1205627,
000011.SZ,000011,20251209,93018730,1437286,0,0,S,93600,100,1437282,1206028,
000011.SZ,000011,20251209,93018740,1437538,C,0, ,0,100,1263454,0,
000011.SZ,000011,20251209,93018750,1437617,0,0,S,93600,100,1437616,1206118,
000011.SZ,000011,20251209,93018890,1439914,0,0,S,93600,100,1439913,1206203,
000011.SZ,000011,20251209,93018890,1439915,0,0,S,93600,100,1439913,1206248,
000011.SZ,000011,20251209,93018970,1441277,0,0,S,93600,100,1441276,1207213,
000011.SZ,000011,20251209,93018970,1441278,0,0,S,93600,100,1441276,1221796,
000011.SZ,000011,20251209,93018970,1441279,0,0,S,93600,100,1441276,1230244,
000011.SZ,000011,20251209,93018970,1441280,0,0,S,93600,100,1441276,1245559,
000011.SZ,000011,20251209,93018970,1441281,0,0,S,93600,100,1441276,1245565,
000011.SZ,000011,20251209,93018970,1441282,0,0,S,93600,100,1441276,1245593,
000011.SZ,000011,20251209,93018970,1441283,0,0,S,93600,100,1441276,1259725,
000011.SZ,000011,20251209,93018970,1441284,0,0,S,93600,100,1441276,1264660,
000011.SZ,000011,20251209,93018970,1441285,0,0,S,93600,100,1441276,1266555,
000011.SZ,000011,20251209,93018970,1441286,0,0,S,93600,100,1441276,1286056,
000011.SZ,000011,20251209,93018970,1441287,0,0,S,93600,100,1441276,1286106,
000011.SZ,000011,20251209,93018970,1441288,0,0,S,93600,100,1441276,1299936,
000011.SZ,000011,20251209,93018970,1441289,0,0,S,93600,100,1441276,1303212,
000011.SZ,000011,20251209,93018970,1441305,0,0,S,93600,100,1441304,1316466,
000011.SZ,000011,20251209,93018970,1441306,0,0,S,93600,100,1441304,1332318,
000011.SZ,000011,20251209,93018970,1441307,0,0,S,93600,100,1441304,1332450,
000011.SZ,000011,20251209,93018970,1441308,0,0,S,93600,100,1441304,1341208,
000011.SZ,000011,20251209,93018970,1441309,0,0,S,93600,100,1441304,1434486,
000011.SZ,000011,20251209,93018980,1441482,0,0,S,93500,1000,1441481,33147,
000011.SZ,000011,20251209,93018980,1441483,0,0,S,93500,500,1441481,449235,
000011.SZ,000011,20251209,93019540,1451366,C,0, ,0,200,1147147,0,
000011.SZ,000011,20251209,93019640,1453524,0,0,S,93500,100,1453523,449235,
000011.SZ,000011,20251209,93019780,1455657,0,0,B,93600,100,1441304,1455656,
000011.SZ,000011,20251209,93019780,1455658,0,0,B,93600,100,1446046,1455656,
000011.SZ,000011,20251209,93019780,1455659,0,0,B,93600,1200,1448543,1455656,
000011.SZ,000011,20251209,93019930,1457383,0,0,B,93600,200,1452355,1457382,
000011.SZ,000011,20251209,93020410,1463198,C,0, ,0,300,1412676,0,
000011.SZ,000011,20251209,93020540,1464986,0,0,S,93600,400,1464985,1457382,
000011.SZ,000011,20251209,93020660,1466390,C,0, ,0,1700,1300444,0,
000011.SZ,000011,20251209,93020730,1467167,C,0, ,0,500,796607,0,
000011.SZ,000011,20251209,93020860,1468263,C,0, ,0,100,1268112,0,
000011.SZ,000011,20251209,93020980,1469786,C,0, ,0,200,1270159,0,
000011.SZ,000011,20251209,93021130,1471495,0,0,S,93600,600,1471494,1457382,
000011.SZ,000011,20251209,93021160,1471827,0,0,S,93600,200,1471826,1457382,
000011.SZ,000011,20251209,93021170,1471973,0,0,B,93600,200,1471826,1471972,
000011.SZ,000011,20251209,93021250,1472721,0,0,S,93600,200,1472720,1471972,
000011.SZ,000011,20251209,93021260,1473150,0,0,S,93600,100,1473149,1471972,
000011.SZ,000011,20251209,93021280,1473602,C,0, ,0,800,1375162,0,
000011.SZ,000011,20251209,93021330,1475263,C,0, ,0,300,1147175,0,
000011.SZ,000011,20251209,93021430,1478348,C,0, ,0,300,1262147,0,
000011.SZ,000011,20251209,93021490,1480072,0,0,B,93600,100,1473149,1480071,
000011.SZ,000011,20251209,93021490,1480073,0,0,B,93600,200,1473620,1480071,
000011.SZ,000011,20251209,93021490,1480074,0,0,B,93600,100,1474152,1480071,
000011.SZ,000011,20251209,93021490,1480075,0,0,B,93600,1100,1476211,1480071,
000011.SZ,000011,20251209,93021600,1482299,0,0,S,93500,1700,1482298,449235,
000011.SZ,000011,20251209,93021830,1486910,C,0, ,0,200,1208559,0,
000011.SZ,000011,20251209,93021860,1487311,0,0,S,93500,100,1487310,449235,
000011.SZ,000011,20251209,93021970,1488512,C,0, ,0,100,1269882,0,
000011.SZ,000011,20251209,93021970,1488516,C,0, ,0,100,1269883,0,
000011.SZ,000011,20251209,93021970,1488518,C,0, ,0,1200,1269880,0,
000011.SZ,000011,20251209,93021980,1488689,C,0, ,0,1200,1270158,0,
000011.SZ,000011,20251209,93021990,1488823,0,0,S,93500,200,1488822,449235,
000011.SZ,000011,20251209,93022430,1496042,0,0,S,93500,300,1496041,449235,
000011.SZ,000011,20251209,93022810,1501912,0,0,B,93600,1900,1476211,1501911,
000011.SZ,000011,20251209,93022810,1501913,0,0,B,93600,300,1476716,1501911,
000011.SZ,000011,20251209,93022810,1501914,0,0,B,93600,100,1484472,1501911,
000011.SZ,000011,20251209,93022810,1501915,0,0,B,93600,400,1487458,1501911,
000011.SZ,000011,20251209,93022970,1503729,0,0,S,93500,100,1503728,449235,
000011.SZ,000011,20251209,93022970,1503737,0,0,S,93500,100,1503736,449235,
000011.SZ,000011,20251209,93023390,1508452,C,0, ,0,100,1400401,0,
000011.SZ,000011,20251209,93023400,1508560,C,0, ,0,100,1419546,0,
000011.SZ,000011,20251209,93023760,1512359,C,0, ,0,100,1463027,0,
000011.SZ,000011,20251209,93023760,1512368,C,0, ,0,100,1448476,0,
000011.SZ,000011,20251209,93023760,1512381,C,0, ,0,100,1448494,0,
000011.SZ,000011,20251209,93023760,1512382,C,0, ,0,100,1448790,0,
000011.SZ,000011,20251209,93023760,1512420,C,0, ,0,100,1448676,0,
000011.SZ,000011,20251209,93023770,1512482,C,0, ,0,100,1448611,0,
000011.SZ,000011,20251209,93024080,1515728,C,0, ,0,100,1413356,0,
000011.SZ,000011,20251209,93024100,1516006,C,0, ,0,100,1413316,0,
000011.SZ,000011,20251209,93024120,1516204,C,0, ,0,100,1413575,0,
000011.SZ,000011,20251209,93024150,1516666,0,0,S,93500,400,1516665,449235,
000011.SZ,000011,20251209,93024160,1516868,0,0,S,93500,400,1516867,449235,
000011.SZ,000011,20251209,93024160,1516872,0,0,S,93500,100,1516871,449235,
000011.SZ,000011,20251209,93024160,1516873,0,0,S,93500,100,1516871,823086,
000011.SZ,000011,20251209,93024160,1516874,0,0,S,93500,200,1516871,863076,
000011.SZ,000011,20251209,93024160,1516876,0,0,S,93500,200,1516875,863076,
000011.SZ,000011,20251209,93024160,1516906,0,0,S,93500,300,1516905,863076,
000011.SZ,000011,20251209,93024160,1516927,0,0,B,93600,100,1487460,1516926,
000011.SZ,000011,20251209,93024190,1517303,C,0, ,0,100,1118920,0,
000011.SZ,000011,20251209,93024230,1518150,C,0, ,0,300,1375209,0,
000011.SZ,000011,20251209,93024230,1518151,C,0, ,0,300,1375212,0,
000011.SZ,000011,20251209,93024230,1518152,C,0, ,0,100,1375210,0,
000011.SZ,000011,20251209,93024250,1518485,0,0,S,93500,600,1518484,863076,
000011.SZ,000011,20251209,93024310,1519765,0,0,S,93500,400,1519764,863076,
000011.SZ,000011,20251209,93024360,1520425,0,0,S,93500,300,1520424,863076,
000011.SZ,000011,20251209,93024480,1523031,C,0, ,0,100,1259955,0,
000011.SZ,000011,20251209,93024700,1527114,C,0, ,0,100,1266083,0,
000011.SZ,000011,20251209,93025400,1538791,0,0,B,93500,1200,1520424,1538790,
000011.SZ,000011,20251209,93025800,1545163,0,0,B,93500,2700,1520424,1545162,
000011.SZ,000011,20251209,93025900,1546032,0,0,B,93500,700,1520424,1546031,
000011.SZ,000011,20251209,93026360,1551314,C,0, ,0,100,1453910,0,
000011.SZ,000011,20251209,93027160,1560277,0,0,S,93400,500,1560276,344856,
000011.SZ,000011,20251209,93027160,1560281,0,0,S,93400,200,1560280,344856,
000011.SZ,000011,20251209,93027170,1560456,0,0,B,93500,100,1520424,1560455,
000011.SZ,000011,20251209,93027170,1560461,0,0,B,93500,100,1520424,1560460,
000011.SZ,000011,20251209,93027460,1565592,C,0, ,0,100,1490779,0,
000011.SZ,000011,20251209,93027460,1565601,C,0, ,0,100,1490775,0,
000011.SZ,000011,20251209,93027460,1565724,C,0, ,0,100,1487460,0,
000011.SZ,000011,20251209,93027880,1573305,0,0,S,93400,100,1573304,344856,
000011.SZ,000011,20251209,93028080,1576138,0,0,S,93400,500,1576137,344856,
000011.SZ,000011,20251209,93028150,1577101,0,0,S,93400,100,1577100,344856,
000011.SZ,000011,20251209,93028150,1577104,0,0,S,93400,100,1577103,344856,
000011.SZ,000011,20251209,93029070,1592079,C,0, ,0,200,1528281,0,
000011.SZ,000011,20251209,93029070,1592109,C,0, ,0,100,1552391,0,
000011.SZ,000011,20251209,93029070,1592181,C,0, ,0,100,1528428,0,
000011.SZ,000011,20251209,93029080,1592199,C,0, ,0,100,1528378,0,
000011.SZ,000011,20251209,93029080,1592202,C,0, ,0,100,1552329,0,
000011.SZ,000011,20251209,93029530,1597914,C,0, ,0,400,1416908,0,
000011.SZ,000011,20251209,93030130,1605479,C,0, ,0,100,1527961,0,
000011.SZ,000011,20251209,93030150,1605785,0,0,B,93500,100,1520424,1605784,
000011.SZ,000011,20251209,93030530,1613916,C,0, ,0,100,1439555,0,
000011.SZ,000011,20251209,93030530,1613949,C,0, ,0,100,1439557,0,
000011.SZ,000011,20251209,93030530,1613965,C,0, ,0,100,1439399,0,
000011.SZ,000011,20251209,93030530,1614080,0,0,S,93400,400,1614079,344856,
000011.SZ,000011,20251209,93030530,1614092,C,0, ,0,100,1477656,0,
000011.SZ,000011,20251209,93030530,1614108,C,0, ,0,100,1439680,0,
000011.SZ,000011,20251209,93030540,1614117,C,0, ,0,100,1439696,0,
000011.SZ,000011,20251209,93030540,1614299,C,0, ,0,100,1439905,0,
000011.SZ,000011,20251209,93030550,1614406,C,0, ,0,100,1440087,0,
000011.SZ,000011,20251209,93030560,1614730,C,0, ,0,100,1440403,0,
000011.SZ,000011,20251209,93030620,1616736,C,0, ,0,200,1441801,0,
000011.SZ,000011,20251209,93031080,1623965,C,0, ,0,500,1048833,0,
000011.SZ,000011,20251209,93032100,1639578,0,0,S,93400,100,1639577,344856,
000011.SZ,000011,20251209,93032670,1646042,C,0, ,0,100,1601834,0,
000011.SZ,000011,20251209,93032720,1646551,C,0, ,0,100,1541436,0,
000011.SZ,000011,20251209,93032790,1647228,C,0, ,0,100,1518461,0,
000011.SZ,000011,20251209,93032790,1647263,C,0, ,0,100,1518816,0,
000011.SZ,000011,20251209,93032790,1647280,C,0, ,0,100,1518603,0,
000011.SZ,000011,20251209,93032820,1647498,C,0, ,0,100,1519180,0,
000011.SZ,000011,20251209,93033100,1650485,0,0,S,93400,100,1650484,344856,
000011.SZ,000011,20251209,93033110,1650640,0,0,S,93400,100,1650639,344856,
000011.SZ,000011,20251209,93033150,1651064,0,0,S,93400,100,1651063,344856,
000011.SZ,000011,20251209,93034260,1670894,0,0,S,93400,100,1670893,344856,
000011.SZ,000011,20251209,93035410,1689015,0,0,S,93400,100,1689014,344856,
000011.SZ,000011,20251209,93036010,1697075,0,0,S,93400,100,1697074,344856,
000011.SZ,000011,20251209,93036440,1706242,0,0,S,93400,100,1706241,344856,
000011.SZ,000011,20251209,93036500,1707615,0,0,S,93400,100,1707614,344856,
000011.SZ,000011,20251209,93036940,1715781,C,0, ,0,100,1354782,0,
000011.SZ,000011,20251209,93036940,1715782,C,0, ,0,100,1354781,0,
000011.SZ,000011,20251209,93037000,1716991,0,0,S,93400,100,1716990,344856,
000011.SZ,000011,20251209,93037110,1719089,0,0,S,93400,100,1719088,344856,
000011.SZ,000011,20251209,93037520,1727514,0,0,B,93500,4000,1520424,1727513,
000011.SZ,000011,20251209,93038830,1744940,0,0,S,93400,100,1744939,344856,
000011.SZ,000011,20251209,93039150,1751265,0,0,B,93500,100,1520424,1751264,
000011.SZ,000011,20251209,93039160,1751352,0,0,B,93500,100,1520424,1751351,
000011.SZ,000011,20251209,93040480,1776962,C,0, ,0,200,1398090,0,
000011.SZ,000011,20251209,93040660,1779887,0,0,S,93400,200,1779886,344856,
000011.SZ,000011,20251209,93042180,1804351,0,0,S,93400,100,1804350,344856,
000011.SZ,000011,20251209,93042200,1804629,0,0,B,93500,100,1520424,1804628,
000011.SZ,000011,20251209,93043820,1836550,0,0,B,93500,100,1520424,1836549,
000011.SZ,000011,20251209,93043840,1836731,0,0,B,93500,100,1520424,1836730,
000011.SZ,000011,20251209,93043840,1836733,0,0,B,93500,100,1520424,1836732,
000011.SZ,000011,20251209,93043840,1836735,0,0,B,93500,100,1520424,1836734,
000011.SZ,000011,20251209,93043840,1836738,0,0,B,93500,100,1520424,1836737,
000011.SZ,000011,20251209,93043940,1838245,0,0,B,93500,300,1520424,1838244,
000011.SZ,000011,20251209,93044640,1850035,0,0,B,93500,100,1520424,1850034,
000011.SZ,000011,20251209,93044650,1850079,0,0,B,93500,100,1520424,1850078,
000011.SZ,000011,20251209,93045150,1857812,0,0,B,93500,100,1520424,1857811,
000011.SZ,000011,20251209,93045520,1865065,0,0,B,93500,2200,1520424,1865064,
000011.SZ,000011,20251209,93045520,1865066,0,0,B,93500,300,1529899,1865064,
000011.SZ,000011,20251209,93045520,1865067,0,0,B,93500,400,1529905,1865064,
000011.SZ,000011,20251209,93045520,1865068,0,0,B,93500,100,1624030,1865064,
000011.SZ,000011,20251209,93045660,1867058,0,0,B,93500,100,1624505,1867057,
000011.SZ,000011,20251209,93045660,1867059,0,0,B,93500,100,1624547,1867057,
000011.SZ,000011,20251209,93045660,1867060,0,0,B,93500,100,1624729,1867057,
000011.SZ,000011,20251209,93045660,1867061,0,0,B,93500,100,1624773,1867057,
000011.SZ,000011,20251209,93045660,1867062,0,0,B,93500,200,1626492,1867057,
000011.SZ,000011,20251209,93045760,1869267,0,0,S,93500,100,1869266,1867057,
000011.SZ,000011,20251209,93045760,1869268,0,0,S,93500,200,1869266,1867216,
000011.SZ,000011,20251209,93045760,1869269,0,0,S,93400,200,1869266,344856,
000011.SZ,000011,20251209,93048840,1914083,C,0, ,0,900,0,1852749,
000011.SZ,000011,20251209,93050700,1939740,C,0, ,0,100,0,1607758,
000011.SZ,000011,20251209,93050750,1940508,C,0, ,0,300,1500178,0,
000011.SZ,000011,20251209,93051430,1949403,0,0,S,93500,600,1949402,1879081,
000011.SZ,000011,20251209,93051430,1949404,0,0,S,93500,100,1949402,1879686,
000011.SZ,000011,20251209,93051430,1949405,0,0,S,93500,1200,1949402,1933407,
000011.SZ,000011,20251209,93051430,1949406,0,0,S,93500,100,1949402,1940326,
000011.SZ,000011,20251209,93051480,1950078,0,0,S,93400,300,1950077,344856,
000011.SZ,000011,20251209,93051840,1955073,0,0,B,93500,800,1949402,1955072,
000011.SZ,000011,20251209,93053010,1971650,0,0,B,93500,400,1949402,1971649,
000011.SZ,000011,20251209,93054180,1986696,0,0,S,93400,200,1986695,344856,
000011.SZ,000011,20251209,93054220,1987306,0,0,B,93500,100,1949402,1987305,
000011.SZ,000011,20251209,93054220,1987309,0,0,B,93500,100,1949402,1987308,
000011.SZ,000011,20251209,93054860,1996446,0,0,B,93500,300,1949402,1996445,
000011.SZ,000011,20251209,93057280,2027367,0,0,B,93500,100,1949402,2027366,
000011.SZ,000011,20251209,93057650,2032695,0,0,B,93500,100,1949402,2032694,
000011.SZ,000011,20251209,93100050,2062762,C,0, ,0,10300,1876260,0,
000011.SZ,000011,20251209,93100150,2064568,0,0,B,93500,100,1949402,2064567,
000011.SZ,000011,20251209,93101430,2091857,0,0,B,93500,100,1949402,2091856,
000011.SZ,000011,20251209,93101540,2093853,0,0,S,93400,1000,2093852,344856,
000011.SZ,000011,20251209,93104420,2141017,C,0, ,0,100,1881436,0,
000011.SZ,000011,20251209,93104630,2144703,0,0,S,93400,100,2144702,344856,
000011.SZ,000011,20251209,93105450,2156275,0,0,B,93500,100,1949402,2156274,
000011.SZ,000011,20251209,93105450,2156276,0,0,B,93500,100,1997848,2156274,
000011.SZ,000011,20251209,93105450,2156277,0,0,B,93500,800,2034528,2156274,
000011.SZ,000011,20251209,93105450,2156278,0,0,B,93500,900,2129627,2156274,
000011.SZ,000011,20251209,93105450,2156368,0,0,S,93500,100,2156367,2156274,
000011.SZ,000011,20251209,93106170,2166196,0,0,B,93600,100,1503849,2166195,
000011.SZ,000011,20251209,93106210,2166752,0,0,B,93500,100,2166520,2166751,
000011.SZ,000011,20251209,93106730,2177256,0,0,S,93500,500,2177255,2166751,
000011.SZ,000011,20251209,93106730,2177257,0,0,S,93500,900,2177255,2168177,
000011.SZ,000011,20251209,93106730,2177258,0,0,S,93400,800,2177255,344856,
000011.SZ,000011,20251209,93106770,2177753,C,0, ,0,500,1388647,0,
000011.SZ,000011,20251209,93106770,2177769,C,0, ,0,100,1243531,0,
000011.SZ,000011,20251209,93107140,2183996,C,0, ,0,600,1162321,0,
000011.SZ,000011,20251209,93107340,2188357,C,0, ,0,100,1247052,0,
000011.SZ,000011,20251209,93108470,2204861,C,0, ,0,500,0,1895423,
000011.SZ,000011,20251209,93110480,2234758,C,0, ,0,500,0,1769953,
000011.SZ,000011,20251209,93110960,2240984,0,0,S,93500,600,2240983,2219938,
000011.SZ,000011,20251209,93110960,2240985,0,0,S,93400,4000,2240983,344856,
000011.SZ,000011,20251209,93110960,2240986,0,0,S,93400,2200,2240983,1113752,
000011.SZ,000011,20251209,93112260,2257025,C,0, ,0,100,2252878,0,
000011.SZ,000011,20251209,93112730,2264277,0,0,B,93500,100,2248461,2264276,
000011.SZ,000011,20251209,93117140,2321603,0,0,B,93500,700,2254642,2321602,
000011.SZ,000011,20251209,93117140,2321604,0,0,B,93500,100,2257153,2321602,
000011.SZ,000011,20251209,93117140,2321605,0,0,B,93600,100,1529680,2321602,
000011.SZ,000011,20251209,93117140,2321606,0,0,B,93600,200,1584609,2321602,
000011.SZ,000011,20251209,93117140,2321607,0,0,B,93600,200,1584643,2321602,
000011.SZ,000011,20251209,93117140,2321608,0,0,B,93600,600,1584931,2321602,
000011.SZ,000011,20251209,93117140,2321609,0,0,B,93600,100,1605875,2321602,
000011.SZ,000011,20251209,93117140,2321610,0,0,B,93600,100,1605912,2321602,
000011.SZ,000011,20251209,93117140,2321611,0,0,B,93600,500,1685442,2321602,
000011.SZ,000011,20251209,93117140,2321612,0,0,B,93600,100,1807267,2321602,
000011.SZ,000011,20251209,93117140,2321613,0,0,B,93600,100,1807268,2321602,
000011.SZ,000011,20251209,93117140,2321614,0,0,B,93600,500,2156756,2321602,
000011.SZ,000011,20251209,93117140,2321615,0,0,B,93600,400,2166140,2321602,
000011.SZ,000011,20251209,93117140,2321616,0,0,B,93600,100,2167086,2321602,
000011.SZ,000011,20251209,93117140,2321617,0,0,B,93600,600,2190809,2321602,
000011.SZ,000011,20251209,93117140,2321618,0,0,B,93600,900,2209093,2321602,
000011.SZ,000011,20251209,93117140,2321619,0,0,B,93600,300,2248403,2321602,
000011.SZ,000011,20251209,93117160,2321846,0,0,S,93600,600,2321845,2321602,
000011.SZ,000011,20251209,93117200,2322307,0,0,B,93700,100,1389151,2322306,
000011.SZ,000011,20251209,93119330,2349137,C,0, ,0,100,1391730,0,
000011.SZ,000011,20251209,93119510,2351816,0,0,S,93600,500,2351815,2321602,
000011.SZ,000011,20251209,93119700,2354299,C,0, ,0,100,0,1675968,
000011.SZ,000011,20251209,93123880,2403243,C,0, ,0,5400,0,664188,
000011.SZ,000011,20251209,93127130,2442815,C,0, ,0,600,1394744,0,
000011.SZ,000011,20251209,93127130,2442816,C,0, ,0,200,1394755,0,
000011.SZ,000011,20251209,93128540,2461961,0,0,B,93700,200,1389151,2461960,
000011.SZ,000011,20251209,93128750,2464780,0,0,B,93700,500,1389151,2464779,
000011.SZ,000011,20251209,93130020,2478116,0,0,B,93700,200,1390294,2478115,
000011.SZ,000011,20251209,93131050,2491789,0,0,S,93600,2600,2491788,2321602,
000011.SZ,000011,20251209,93133020,2514330,0,0,B,93700,100,1390294,2514329,
000011.SZ,000011,20251209,93133020,2514331,0,0,B,93700,100,1391325,2514329,
000011.SZ,000011,20251209,93134530,2534624,0,0,B,93700,100,1391325,2534623,
000011.SZ,000011,20251209,93134530,2534628,0,0,B,93700,100,1391325,2534627,
000011.SZ,000011,20251209,93135180,2542270,0,0,B,93700,700,1391365,2542269,
000011.SZ,000011,20251209,93135180,2542271,0,0,B,93700,500,1391789,2542269,
000011.SZ,000011,20251209,93135180,2542272,0,0,B,93700,400,1393572,2542269,
000011.SZ,000011,20251209,93135180,2542273,0,0,B,93700,400,1407583,2542269,
000011.SZ,000011,20251209,93135180,2542274,0,0,B,93700,100,1478040,2542269,
000011.SZ,000011,20251209,93135460,2545222,0,0,B,93700,100,1515954,2545221,
000011.SZ,000011,20251209,93136210,2553622,0,0,B,93700,100,1515954,2553621,
000011.SZ,000011,20251209,93136220,2553677,C,0, ,0,200,1203490,0,
000011.SZ,000011,20251209,93136220,2553715,C,0, ,0,100,2368982,0,
000011.SZ,000011,20251209,93136460,2557613,0,0,B,93700,100,1515954,2557612,
000011.SZ,000011,20251209,93137010,2565416,0,0,B,93700,100,1517511,2565415,
000011.SZ,000011,20251209,93137010,2565418,0,0,B,93700,100,1517511,2565417,
000011.SZ,000011,20251209,93137010,2565491,0,0,B,93700,100,1517511,2565490,
000011.SZ,000011,20251209,93137540,2573031,0,0,B,93700,100,1517511,2573030,
000011.SZ,000011,20251209,93137540,2573033,0,0,B,93700,100,2333489,2573032,
000011.SZ,000011,20251209,93137540,2573035,0,0,B,93700,100,2333489,2573034,
000011.SZ,000011,20251209,93137540,2573037,0,0,B,93700,100,2333489,2573036,
000011.SZ,000011,20251209,93137540,2573039,0,0,B,93700,100,2333489,2573038,
000011.SZ,000011,20251209,93137540,2573041,0,0,B,93700,100,2333489,2573040,
000011.SZ,000011,20251209,93137540,2573043,0,0,B,93700,100,2360361,2573042,
000011.SZ,000011,20251209,93137540,2573045,0,0,B,93700,100,2360361,2573044,
000011.SZ,000011,20251209,93137540,2573047,0,0,B,93700,100,2360361,2573046,
000011.SZ,000011,20251209,93137540,2573049,0,0,B,93700,100,2360361,2573048,
000011.SZ,000011,20251209,93137540,2573051,0,0,B,93700,100,2360361,2573050,
000011.SZ,000011,20251209,93137540,2573053,0,0,B,93700,100,2360361,2573052,
000011.SZ,000011,20251209,93137540,2573055,0,0,B,93700,100,2368788,2573054,
000011.SZ,000011,20251209,93137540,2573057,0,0,B,93700,100,2368788,2573056,
000011.SZ,000011,20251209,93137550,2573194,0,0,B,93700,1400,2368788,2573193,
000011.SZ,000011,20251209,93137550,2573195,0,0,B,93700,100,2430575,2573193,
000011.SZ,000011,20251209,93137550,2573196,0,0,B,93700,100,2484976,2573193,
000011.SZ,000011,20251209,93137550,2573197,0,0,B,93700,100,2490320,2573193,
000011.SZ,000011,20251209,93137620,2574185,C,0, ,0,1300,1207355,0,
000011.SZ,000011,20251209,93137630,2574368,C,0, ,0,100,0,1615175,
000011.SZ,000011,20251209,93137630,2574379,C,0, ,0,100,0,1616228,
000011.SZ,000011,20251209,93137630,2574382,C,0, ,0,100,0,1612050,
000011.SZ,000011,20251209,93137630,2574385,C,0, ,0,100,0,1610564,
000011.SZ,000011,20251209,93137630,2574388,C,0, ,0,100,0,1617096,
000011.SZ,000011,20251209,93139680,2598432,0,0,S,93700,100,2598431,2573193,
000011.SZ,000011,20251209,93139680,2598433,0,0,S,93700,900,2598431,2579804,
000011.SZ,000011,20251209,93140310,2606495,C,0, ,0,2300,0,1588177,
000011.SZ,000011,20251209,93141870,2625486,0,0,B,93800,900,1206373,2625485,
000011.SZ,000011,20251209,93141870,2625487,0,0,B,93800,100,1223379,2625485,
000011.SZ,000011,20251209,93141870,2625488,0,0,B,93800,100,1224527,2625485,
000011.SZ,000011,20251209,93141870,2625489,0,0,B,93800,800,1224557,2625485,
000011.SZ,000011,20251209,93141870,2625490,0,0,B,93800,100,1227720,2625485,
000011.SZ,000011,20251209,93141870,2625491,0,0,B,93800,800,1227880,2625485,
000011.SZ,000011,20251209,93142150,2628884,C,0, ,0,300,1081538,0,
000011.SZ,000011,20251209,93143580,2648936,0,0,B,93800,700,1232301,2648935,
000011.SZ,000011,20251209,93143580,2648937,0,0,B,93800,100,1232337,2648935,
000011.SZ,000011,20251209,93143580,2648938,0,0,B,93800,100,1233552,2648935,
000011.SZ,000011,20251209,93143580,2648939,0,0,B,93800,700,1286697,2648935,
000011.SZ,000011,20251209,93143580,2648940,0,0,B,93800,100,1323830,2648935,
000011.SZ,000011,20251209,93143580,2648941,0,0,B,93800,700,1342347,2648935,
000011.SZ,000011,20251209,93143580,2648942,0,0,B,93800,100,1354108,2648935,
000011.SZ,000011,20251209,93143580,2648943,0,0,B,93800,300,2579952,2648935,
000011.SZ,000011,20251209,93143580,2648944,0,0,B,93800,100,2606166,2648935,
000011.SZ,000011,20251209,93144010,2654187,0,0,B,93800,100,2606166,2654186,
000011.SZ,000011,20251209,93144390,2659095,0,0,S,93800,100,2659094,2654189,
000011.SZ,000011,20251209,93145150,2666834,0,0,B,93800,200,2659094,2666833,
000011.SZ,000011,20251209,93145150,2666835,0,0,B,93800,300,2666816,2666833,
000011.SZ,000011,20251209,93145160,2666874,0,0,S,93800,200,2666873,2666833,
000011.SZ,000011,20251209,93146710,2687954,0,0,B,93800,400,2680112,2687953,
000011.SZ,000011,20251209,93148330,2706243,C,0, ,0,100,0,2359311,
000011.SZ,000011,20251209,93148970,2715794,0,0,S,93800,400,2715793,2687953,
000011.SZ,000011,20251209,93150180,2730558,C,0, ,0,1000,0,2047191,
000011.SZ,000011,20251209,93154160,2777823,C,0, ,0,100,1081508,0,
000011.SZ,000011,20251209,93154210,2778256,C,0, ,0,300,1086226,0,
000011.SZ,000011,20251209,93157810,2819101,0,0,S,93800,900,2819100,2687953,
000011.SZ,000011,20251209,93157820,2819223,0,0,S,93800,900,2819222,2687953,
000011.SZ,000011,20251209,93157820,2819224,0,0,S,93800,100,2819222,2689240,
000011.SZ,000011,20251209,93157820,2819225,0,0,S,93800,200,2819222,2719379,
000011.SZ,000011,20251209,93157820,2819226,0,0,S,93800,100,2819222,2719944,
000011.SZ,000011,20251209,93157820,2819227,0,0,S,93800,2100,2819222,2723122,
000011.SZ,000011,20251209,93157820,2819228,0,0,S,93800,500,2819222,2752590,
000011.SZ,000011,20251209,93157820,2819229,0,0,S,93800,300,2819222,2752808,
000011.SZ,000011,20251209,93157820,2819230,0,0,S,93800,400,2819222,2752970,
000011.SZ,000011,20251209,93157820,2819231,0,0,S,93800,600,2819222,2755852,
000011.SZ,000011,20251209,93157820,2819233,0,0,S,93800,200,2819232,2755852,
000011.SZ,000011,20251209,93158470,2827494,0,0,B,93800,100,2819232,2827493,
000011.SZ,000011,20251209,93158910,2832827,0,0,B,93800,400,2819232,2832826,
000011.SZ,000011,20251209,93159920,2843486,C,0, ,0,800,2819232,0,
000011.SZ,000011,20251209,93200040,2845101,0,0,S,93700,1800,2845100,2579804,
000011.SZ,000011,20251209,93200040,2845102,0,0,S,93700,100,2845100,2579956,
000011.SZ,000011,20251209,93200040,2845103,0,0,S,93700,100,2845100,2579957,
000011.SZ,000011,20251209,93200040,2845104,0,0,S,93700,100,2845100,2579960,
000011.SZ,000011,20251209,93200040,2845105,0,0,S,93700,100,2845100,2579964,
000011.SZ,000011,20251209,93200040,2845106,0,0,S,93700,100,2845100,2579976,
000011.SZ,000011,20251209,93200040,2845107,0,0,S,93700,400,2845100,2600462,
000011.SZ,000011,20251209,93200040,2845108,0,0,S,93700,2000,2845100,2664860,
000011.SZ,000011,20251209,93200040,2845109,0,0,S,93700,300,2845100,2727570,
000011.SZ,000011,20251209,93200620,2855033,0,0,B,93800,200,2819384,2855032,
000011.SZ,000011,20251209,93200620,2855034,0,0,B,93800,700,2819984,2855032,
000011.SZ,000011,20251209,93200760,2857950,0,0,S,93700,100,2857949,2727570,
000011.SZ,000011,20251209,93201140,2862769,C,0, ,0,800,0,2555932,
000011.SZ,000011,20251209,93201330,2865756,0,0,S,93700,100,2865755,2727570,
000011.SZ,000011,20251209,93201330,2865762,0,0,S,93700,100,2865761,2727570,
000011.SZ,000011,20251209,93201330,2865786,0,0,S,93700,100,2865785,2727570,
000011.SZ,000011,20251209,93201330,2865819,0,0,S,93700,100,2865818,2727570,
000011.SZ,000011,20251209,93201330,2865823,0,0,S,93700,100,2865822,2727570,
000011.SZ,000011,20251209,93201350,2866109,0,0,S,93700,200,2866108,2727570,
000011.SZ,000011,20251209,93201850,2873340,0,0,B,93700,200,2866108,2873339,
000011.SZ,000011,20251209,93203180,2888438,C,0, ,0,300,2849227,0,
000011.SZ,000011,20251209,93205040,2912990,C,0, ,0,100,0,2450644,
000011.SZ,000011,20251209,93205610,2919653,0,0,B,93800,100,2850896,2919652,
000011.SZ,000011,20251209,93205610,2919655,0,0,B,93800,100,2850896,2919654,
000011.SZ,000011,20251209,93205610,2919656,0,0,B,93800,400,2903635,2919654,
000011.SZ,000011,20251209,93205610,2919657,0,0,B,93800,100,2913211,2919654,
000011.SZ,000011,20251209,93205620,2919867,0,0,S,93800,900,2919866,2919654,
000011.SZ,000011,20251209,93205630,2919884,0,0,S,93800,300,2919883,2919659,
000011.SZ,000011,20251209,93205630,2919885,0,0,S,93800,100,2919883,2919660,
000011.SZ,000011,20251209,93205630,2919886,0,0,S,93800,100,2919883,2919665,
000011.SZ,000011,20251209,93205630,2919887,0,0,S,93800,400,2919883,2919666,
000011.SZ,000011,20251209,93205640,2920031,0,0,S,93800,300,2920030,2919666,
000011.SZ,000011,20251209,93205710,2920736,C,0, ,0,100,2725656,0,
000011.SZ,000011,20251209,93205720,2920878,0,0,S,93800,200,2920877,2919666,
000011.SZ,000011,20251209,93206180,2925875,0,0,S,93800,100,2925874,2919666,
000011.SZ,000011,20251209,93206210,2926328,0,0,S,93800,200,2926327,2919666,
000011.SZ,000011,20251209,93206220,2926407,0,0,S,93800,200,2926406,2919666,
000011.SZ,000011,20251209,93206220,2926434,0,0,S,93800,200,2926433,2919666,
000011.SZ,000011,20251209,93206220,2926477,0,0,S,93800,100,2926476,2919667,
000011.SZ,000011,20251209,93206230,2926567,0,0,S,93800,100,2926566,2919858,
000011.SZ,000011,20251209,93206250,2926767,0,0,S,93800,100,2926766,2921052,
000011.SZ,000011,20251209,93207240,2938731,0,0,B,93800,100,2926766,2938730,
000011.SZ,000011,20251209,93207240,2938732,0,0,B,93800,100,2926837,2938730,
000011.SZ,000011,20251209,93207240,2938733,0,0,B,93800,100,2926880,2938730,
000011.SZ,000011,20251209,93207240,2938734,0,0,B,93800,100,2927005,2938730,
000011.SZ,000011,20251209,93207240,2938735,0,0,B,93800,100,2932722,2938730,
000011.SZ,000011,20251209,93207250,2938864,0,0,S,93800,400,2938863,2938730,
000011.SZ,000011,20251209,93208280,2950551,0,0,S,93800,100,2950550,2947237,
000011.SZ,000011,20251209,93208290,2950694,0,0,S,93800,100,2950693,2947237,
000011.SZ,000011,20251209,93208320,2950894,0,0,S,93800,100,2950893,2947237,
000011.SZ,000011,20251209,93208380,2951616,C,0, ,0,6200,2939157,0,
000011.SZ,000011,20251209,93209460,2962651,0,0,B,93800,100,2951508,2962650,
000011.SZ,000011,20251209,93209460,2962665,0,0,B,93800,100,2962524,2962664,
000011.SZ,000011,20251209,93209750,2966133,C,0, ,0,10000,2826503,0,
000011.SZ,000011,20251209,93212230,2993061,C,0, ,0,200,2962524,0,
000011.SZ,000011,20251209,93212670,2998985,C,0, ,0,700,0,2975402,
000011.SZ,000011,20251209,93213350,3008594,0,0,S,93700,2500,3008593,2873339,
000011.SZ,000011,20251209,93214370,3022240,0,0,S,93700,100,3022239,2873339,
000011.SZ,000011,20251209,93215230,3032598,0,0,S,93700,100,3032597,2873339,
000011.SZ,000011,20251209,93215230,3032599,0,0,S,93700,300,3032597,2904168,
000011.SZ,000011,20251209,93215230,3032600,0,0,S,93700,200,3032597,2905263,
000011.SZ,000011,20251209,93218950,3079356,C,0, ,0,10300,2780773,0,
000011.SZ,000011,20251209,93226900,3165640,0,0,B,93800,100,3002712,3165639,
000011.SZ,000011,20251209,93227040,3167241,0,0,S,93700,500,3167240,2905263,
000011.SZ,000011,20251209,93227330,3170288,C,0, ,0,600,1195207,0,
000011.SZ,000011,20251209,93227630,3173778,0,0,B,93800,100,3002712,3173777,
000011.SZ,000011,20251209,93227630,3173781,0,0,B,93800,100,3002712,3173780,
000011.SZ,000011,20251209,93228400,3181873,C,0, ,0,500,0,2447075,
000011.SZ,000011,20251209,93228530,3183583,C,0, ,0,100,0,2435951,
000011.SZ,000011,20251209,93228650,3184940,C,0, ,0,200,0,2425436,
000011.SZ,000011,20251209,93229530,3192928,0,0,B,93800,100,3002712,3192927,
000011.SZ,000011,20251209,93229650,3194134,0,0,B,93800,100,3013851,3194133,
000011.SZ,000011,20251209,93229650,3194135,0,0,B,93800,100,3038086,3194133,
000011.SZ,000011,20251209,93230400,3201999,0,0,B,93800,400,3038086,3201998,
000011.SZ,000011,20251209,93230400,3202000,0,0,B,93800,100,3076019,3201998,
000011.SZ,000011,20251209,93230450,3202727,0,0,B,93800,100,3076020,3202726,
000011.SZ,000011,20251209,93230450,3202731,0,0,B,93800,100,3076027,3202730,
000011.SZ,000011,20251209,93231040,3209084,C,0, ,0,200,0,3018084,
000011.SZ,000011,20251209,93232040,3219956,0,0,B,93800,100,3076136,3219955,
000011.SZ,000011,20251209,93232040,3219957,0,0,B,93800,100,3164627,3219955,
000011.SZ,000011,20251209,93234020,3240939,0,0,S,93800,600,3240938,3233166,
000011.SZ,000011,20251209,93234020,3240940,0,0,S,93700,500,3240938,2905263,
000011.SZ,000011,20251209,93234020,3240941,0,0,S,93700,100,3240938,2913858,
000011.SZ,000011,20251209,93234020,3240942,0,0,S,93700,100,3240938,2936700,
000011.SZ,000011,20251209,93234020,3240943,0,0,S,93700,400,3240938,2941635,
000011.SZ,000011,20251209,93236230,3264732,C,0, ,0,300,0,3232273,
000011.SZ,000011,20251209,93238900,3291990,C,0, ,0,600,0,2498918,
000011.SZ,000011,20251209,93241340,3316105,0,0,S,93700,100,3316104,2941635,
000011.SZ,000011,20251209,93241340,3316113,0,0,S,93700,100,3316112,2941635,
000011.SZ,000011,20251209,93241350,3316244,C,0, ,0,100,0,3192987,
000011.SZ,000011,20251209,93248360,3388520,0,0,S,93700,100,3388519,2941635,
000011.SZ,000011,20251209,93257070,3475890,0,0,B,93800,100,3245308,3475889,
000011.SZ,000011,20251209,93257070,3475891,0,0,B,93800,100,3245333,3475889,
000011.SZ,000011,20251209,93257070,3475892,0,0,B,93800,1000,3267513,3475889,
000011.SZ,000011,20251209,93301800,3528731,0,0,B,93800,100,3267513,3528730,
000011.SZ,000011,20251209,93302370,3535621,0,0,S,93700,100,3535620,2941635,
000011.SZ,000011,20251209,93303320,3545204,0,0,S,93700,100,3545203,3007609,
000011.SZ,000011,20251209,93303320,3545206,0,0,S,93700,100,3545205,3007609,
000011.SZ,000011,20251209,93303320,3545208,0,0,S,93700,100,3545207,3007609,
000011.SZ,000011,20251209,93303330,3545229,0,0,S,93700,100,3545228,3007609,
000011.SZ,000011,20251209,93303330,3545231,0,0,S,93700,100,3545230,3007609,
000011.SZ,000011,20251209,93303350,3545518,0,0,S,93700,100,3545517,3007609,
000011.SZ,000011,20251209,93304350,3557625,0,0,S,93700,100,3557624,3007609,
000011.SZ,000011,20251209,93304370,3557962,C,0, ,0,100,2704707,0,
000011.SZ,000011,20251209,93306430,3579906,0,0,S,93700,800,3579905,3046124,
000011.SZ,000011,20251209,93306430,3579907,0,0,S,93700,400,3579905,3076394,
000011.SZ,000011,20251209,93306430,3579908,0,0,S,93700,100,3579905,3164498,
000011.SZ,000011,20251209,93306430,3579909,0,0,S,93700,100,3579905,3271986,
000011.SZ,000011,20251209,93306430,3579910,0,0,S,93700,1100,3579905,3272735,
000011.SZ,000011,20251209,93306430,3579911,0,0,S,93700,100,3579905,3296539,
000011.SZ,000011,20251209,93306430,3579912,0,0,S,93700,600,3579905,3454153,
000011.SZ,000011,20251209,93306430,3579913,0,0,S,93700,700,3579905,3470102,
000011.SZ,000011,20251209,93306430,3579914,0,0,S,93700,700,3579905,3478687,
000011.SZ,000011,20251209,93306430,3579915,0,0,S,93700,100,3579905,3507438,
000011.SZ,000011,20251209,93307470,3592186,0,0,B,93700,900,3579905,3592185,
000011.SZ,000011,20251209,93307640,3594533,C,0, ,0,100,2704534,0,
000011.SZ,000011,20251209,93309270,3612103,C,0, ,0,100,2943531,0,
000011.SZ,000011,20251209,93310540,3626306,0,0,B,93700,2000,3579905,3626305,
000011.SZ,000011,20251209,93315220,3672790,0,0,S,93600,600,3672789,2321602,
000011.SZ,000011,20251209,93316260,3683575,0,0,S,93600,7600,3683574,2321602,
000011.SZ,000011,20251209,93318010,3699913,0,0,B,93700,300,3579905,3699912,
000011.SZ,000011,20251209,93323820,3759753,0,0,S,93600,100,3759752,2321602,
000011.SZ,000011,20251209,93329380,3813814,0,0,S,93600,1300,3813813,2321602,
000011.SZ,000011,20251209,93340970,3929005,0,0,S,93600,1100,3929004,2321602,
000011.SZ,000011,20251209,93340970,3929006,0,0,S,93600,1300,3929004,2362620,
000011.SZ,000011,20251209,93340970,3929007,0,0,S,93600,1800,3929004,2524200,
000011.SZ,000011,20251209,93341030,3929586,0,0,B,93700,900,3579905,3929585,
000011.SZ,000011,20251209,93341250,3931672,0,0,B,93700,1200,3579905,3931671,
000011.SZ,000011,20251209,93345150,3970686,0,0,B,93700,1100,3579905,3970685,
000011.SZ,000011,20251209,93345160,3970739,0,0,B,93700,1100,3579905,3970738,
000011.SZ,000011,20251209,93345160,3970740,0,0,B,93700,200,3593175,3970738,
000011.SZ,000011,20251209,93345250,3971675,0,0,B,93700,700,3692476,3971674,
000011.SZ,000011,20251209,93345460,3974094,0,0,B,93700,100,3692476,3974093,
000011.SZ,000011,20251209,93346330,3983780,0,0,B,93700,100,3692476,3983779,
000011.SZ,000011,20251209,93346340,3983906,0,0,B,93700,100,3692476,3983905,
000011.SZ,000011,20251209,93346980,3990498,0,0,S,93600,1100,3990497,2524200,
000011.SZ,000011,20251209,93346980,3990499,0,0,S,93600,200,3990497,2542183,
000011.SZ,000011,20251209,93348150,4000870,C,0, ,0,100,3757126,0,
000011.SZ,000011,20251209,93348300,4002772,0,0,B,93700,1300,3692476,4002771,
000011.SZ,000011,20251209,93348310,4002938,0,0,B,93700,200,3692476,4002937,
000011.SZ,000011,20251209,93348310,4002939,0,0,B,93700,200,3757053,4002937,
000011.SZ,000011,20251209,93348310,4002940,0,0,B,93700,100,3760233,4002937,
000011.SZ,000011,20251209,93348310,4002941,0,0,B,93700,600,3804737,4002937,
000011.SZ,000011,20251209,93348310,4002942,0,0,B,93700,100,3804741,4002937,
000011.SZ,000011,20251209,93351200,4030464,C,0, ,0,600,3607169,0,
000011.SZ,000011,20251209,93351600,4034438,C,0, ,0,1000,692379,0,
000011.SZ,000011,20251209,93351640,4034857,0,0,S,93700,300,4034856,4002937,
000011.SZ,000011,20251209,93351910,4038997,0,0,S,93700,500,4038996,4002937,
000011.SZ,000011,20251209,93351910,4038998,0,0,S,93700,100,4038996,4031073,
000011.SZ,000011,20251209,93352300,4043053,0,0,S,93700,200,4043052,4039814,
000011.SZ,000011,20251209,93352310,4043094,0,0,S,93700,100,4043093,4039814,
000011.SZ,000011,20251209,93355640,4075349,0,0,S,93700,700,4075348,4039814,
000011.SZ,000011,20251209,93355640,4075350,0,0,S,93700,700,4075348,4062585,
000011.SZ,000011,20251209,93355640,4075351,0,0,S,93700,600,4075348,4067594,
000011.SZ,000011,20251209,93355640,4075352,0,0,S,93600,2300,4075348,2542183,
000011.SZ,000011,20251209,93355640,4075353,0,0,S,93600,200,4075348,2550914,
000011.SZ,000011,20251209,93355640,4075354,0,0,S,93600,300,4075348,3476856,
000011.SZ,000011,20251209,93355640,4075355,0,0,S,93600,1500,4075348,3622527,
000011.SZ,000011,20251209,93355640,4075356,0,0,S,93600,800,4075348,3660129,
000011.SZ,000011,20251209,93355640,4075357,0,0,S,93600,800,4075348,3710026,
000011.SZ,000011,20251209,93355640,4075358,0,0,S,93600,2400,4075348,3712323,
000011.SZ,000011,20251209,93355640,4075359,0,0,S,93600,400,4075348,3804604,
000011.SZ,000011,20251209,93355640,4075360,0,0,S,93600,700,4075348,3949000,
000011.SZ,000011,20251209,93355640,4075361,0,0,S,93600,100,4075348,3970642,
000011.SZ,000011,20251209,93355640,4075362,0,0,S,93600,100,4075348,3983712,
000011.SZ,000011,20251209,93355640,4075363,0,0,S,93600,700,4075348,4005481,
000011.SZ,000011,20251209,93355640,4075364,0,0,S,93600,1100,4075348,4014005,
000011.SZ,000011,20251209,93359000,4106827,0,0,B,93700,100,4084554,4106826,
000011.SZ,000011,20251209,93401070,4127190,0,0,S,93700,100,4127189,4116674,
000011.SZ,000011,20251209,93401070,4127194,0,0,S,93700,100,4127193,4116674,
000011.SZ,000011,20251209,93401070,4127196,0,0,S,93700,100,4127195,4116674,
000011.SZ,000011,20251209,93401070,4127218,0,0,S,93700,100,4127217,4116674,
000011.SZ,000011,20251209,93401080,4127281,0,0,S,93700,100,4127280,4116674,
000011.SZ,000011,20251209,93403300,4149573,C,0, ,0,800,0,4100425,
000011.SZ,000011,20251209,93406190,4178962,0,0,B,93800,100,3267513,4178961,
000011.SZ,000011,20251209,93407080,4187750,0,0,B,93800,700,3267513,4187749,
000011.SZ,000011,20251209,93407080,4187878,C,0, ,0,100,3272852,0,
000011.SZ,000011,20251209,93407140,4188491,0,0,B,93800,3100,3267513,4188490,
000011.SZ,000011,20251209,93409300,4210561,C,0, ,0,700,0,4160410,
000011.SZ,000011,20251209,93409530,4212863,0,0,S,93800,1800,4212862,4188490,
000011.SZ,000011,20251209,93409530,4212864,0,0,S,93800,600,4212862,4212626,
000011.SZ,000011,20251209,93409830,4215866,0,0,B,93800,700,4212862,4215865,
000011.SZ,000011,20251209,93410050,4217909,0,0,B,93800,400,4212862,4217908,
000011.SZ,000011,20251209,93411300,4230204,0,0,B,93800,1100,4212862,4230203,
000011.SZ,000011,20251209,93411320,4230339,0,0,B,93800,100,4212862,4230338,
000011.SZ,000011,20251209,93412260,4238422,0,0,B,93800,100,4212862,4238421,
000011.SZ,000011,20251209,93412460,4240556,0,0,B,93800,100,4212862,4240555,
000011.SZ,000011,20251209,93412960,4244545,0,0,B,93800,600,4212862,4244544,
000011.SZ,000011,20251209,93413010,4245030,0,0,B,93800,100,4212862,4245029,
000011.SZ,000011,20251209,93413010,4245032,0,0,B,93800,100,4212862,4245031,
000011.SZ,000011,20251209,93413010,4245040,0,0,B,93800,100,4212862,4245039,
000011.SZ,000011,20251209,93415200,4264268,C,0, ,0,300,0,4116510,
000011.SZ,000011,20251209,93415200,4264303,C,0, ,0,300,0,4116536,
000011.SZ,000011,20251209,93415210,4264335,C,0, ,0,300,0,4179222,
000011.SZ,000011,20251209,93415210,4264341,0,0,S,93700,200,4264340,4116674,
000011.SZ,000011,20251209,93415210,4264342,0,0,S,93700,500,4264340,4118312,
000011.SZ,000011,20251209,93415220,4264451,0,0,B,93800,500,4212862,4264450,
000011.SZ,000011,20251209,93415230,4264536,0,0,B,93800,900,4212862,4264535,
000011.SZ,000011,20251209,93415240,4264663,0,0,B,93800,100,4212862,4264662,
000011.SZ,000011,20251209,93415910,4270456,0,0,B,93800,700,4212862,4270455,
000011.SZ,000011,20251209,93416420,4275534,0,0,S,93800,100,4275533,4270707,
000011.SZ,000011,20251209,93416440,4275664,0,0,S,93800,100,4275663,4270707,
000011.SZ,000011,20251209,93417140,4282069,C,0, ,0,100,0,4087565,
000011.SZ,000011,20251209,93419050,4298659,C,0, ,0,900,0,4126985,
000011.SZ,000011,20251209,93419060,4298703,C,0, ,0,800,0,4127066,
000011.SZ,000011,20251209,93420080,4307802,0,0,S,93800,100,4307801,4270707,
000011.SZ,000011,20251209,93420090,4307850,0,0,S,93800,100,4307849,4270707,
000011.SZ,000011,20251209,93420090,4307890,0,0,S,93800,100,4307889,4270707,
000011.SZ,000011,20251209,93423310,4333832,0,0,S,93800,100,4333831,4270707,
000011.SZ,000011,20251209,93423310,4333833,0,0,S,93800,600,4333831,4274285,
000011.SZ,000011,20251209,93423330,4334060,0,0,S,93800,100,4334059,4274285,
000011.SZ,000011,20251209,93423340,4334114,0,0,S,93800,100,4334113,4274285,
000011.SZ,000011,20251209,93423350,4334223,0,0,S,93800,100,4334222,4274285,
000011.SZ,000011,20251209,93424240,4340984,0,0,S,93800,100,4340983,4274285,
000011.SZ,000011,20251209,93424250,4341014,0,0,S,93800,200,4341013,4274285,
000011.SZ,000011,20251209,93424250,4341016,0,0,S,93800,100,4341015,4274285,
000011.SZ,000011,20251209,93424250,4341041,0,0,S,93800,100,4341040,4274285,
000011.SZ,000011,20251209,93424250,4341054,0,0,S,93800,300,4341053,4274285,
000011.SZ,000011,20251209,93424260,4341088,0,0,S,93800,100,4341087,4307518,
000011.SZ,000011,20251209,93424260,4341133,0,0,S,93800,100,4341132,4307518,
000011.SZ,000011,20251209,93424320,4341703,0,0,S,93800,200,4341702,4307518,
000011.SZ,000011,20251209,93424430,4342593,0,0,S,93800,100,4342592,4307518,
000011.SZ,000011,20251209,93424430,4342604,0,0,S,93800,100,4342603,4307518,
000011.SZ,000011,20251209,93424430,4342612,0,0,S,93800,100,4342611,4307518,
000011.SZ,000011,20251209,93424980,4346995,0,0,S,93800,200,4346994,4307518,
000011.SZ,000011,20251209,93424980,4346996,0,0,S,93800,200,4346994,4307528,
000011.SZ,000011,20251209,93424990,4347018,0,0,S,93800,600,4347017,4307528,
000011.SZ,000011,20251209,93427010,4364088,0,0,B,93900,300,1081531,4364087,
000011.SZ,000011,20251209,93427010,4364089,0,0,B,93900,100,1081561,4364087,
000011.SZ,000011,20251209,93427010,4364090,0,0,B,93900,300,1081563,4364087,
000011.SZ,000011,20251209,93427010,4364091,0,0,B,93900,100,1081685,4364087,
000011.SZ,000011,20251209,93427010,4364092,0,0,B,93900,300,1081696,4364087,
000011.SZ,000011,20251209,93427010,4364093,0,0,B,93900,300,1081753,4364087,
000011.SZ,000011,20251209,93427010,4364094,0,0,B,93900,300,1081906,4364087,
000011.SZ,000011,20251209,93427010,4364095,0,0,B,93900,100,1082202,4364087,
000011.SZ,000011,20251209,93428410,4377111,0,0,S,93800,100,4377110,4364058,
000011.SZ,000011,20251209,93429350,4385298,0,0,S,93800,100,4385297,4365855,
000011.SZ,000011,20251209,93430220,4392202,C,0, ,0,300,2947348,0,
000011.SZ,000011,20251209,93430220,4392203,C,0, ,0,200,4364103,0,
000011.SZ,000011,20251209,93433560,4423402,0,0,B,93800,100,4385339,4423401,
000011.SZ,000011,20251209,93435460,4439465,0,0,B,93800,100,4385360,4439464,
000011.SZ,000011,20251209,93435460,4439466,0,0,B,93800,400,4392094,4439464,
000011.SZ,000011,20251209,93435460,4439467,0,0,B,93900,200,1082202,4439464,
000011.SZ,000011,20251209,93435460,4439468,0,0,B,93900,100,1082259,4439464,
000011.SZ,000011,20251209,93440110,4477572,C,0, ,0,500,0,4223279,
000011.SZ,000011,20251209,93440230,4478642,C,0, ,0,10300,4378682,0,
000011.SZ,000011,20251209,93441380,4487124,C,0, ,0,7000,1564631,0,
000011.SZ,000011,20251209,93445150,4517011,C,0, ,0,300,0,4392092,
000011.SZ,000011,20251209,93445530,4520951,C,0, ,0,1000,906981,0,
000011.SZ,000011,20251209,93448450,4546877,C,0, ,0,500,2841606,0,
000011.SZ,000011,20251209,93448910,4550884,0,0,B,93900,600,2713463,4550883,
000011.SZ,000011,20251209,93448910,4550909,0,0,S,93800,300,4550908,4494047,
000011.SZ,000011,20251209,93450370,4563659,0,0,S,93800,200,4563658,4494047,
000011.SZ,000011,20251209,93452600,4582233,0,0,B,93900,7600,2762312,4582232,
000011.SZ,000011,20251209,93452630,4582419,C,0, ,0,2000,4435549,0,
000011.SZ,000011,20251209,93454310,4596047,0,0,B,93900,600,2762312,4596046,
000011.SZ,000011,20251209,93454310,4596127,0,0,B,93900,200,2762312,4596126,
000011.SZ,000011,20251209,93454340,4596360,0,0,B,93900,100,2762312,4596359,
000011.SZ,000011,20251209,93454360,4596600,0,0,B,93900,500,2762312,4596599,
000011.SZ,000011,20251209,93454460,4597665,0,0,B,93900,100,2762312,4597664,
000011.SZ,000011,20251209,93455060,4602934,0,0,B,93900,400,2762312,4602933,
000011.SZ,000011,20251209,93455070,4602968,0,0,B,93900,500,2762312,4602967,
000011.SZ,000011,20251209,93457150,4619819,C,0, ,0,200,4544861,0,
000011.SZ,000011,20251209,93457150,4619824,C,0, ,0,300,0,4544862,
000011.SZ,000011,20251209,93457150,4619825,C,0, ,0,400,0,4570464,
000011.SZ,000011,20251209,93457150,4619837,C,0, ,0,100,4517012,0,
000011.SZ,000011,20251209,93457230,4620682,C,0, ,0,100,0,4462237,
000011.SZ,000011,20251209,93457230,4620683,C,0, ,0,100,0,4462224,
000011.SZ,000011,20251209,93457230,4620686,C,0, ,0,100,0,4462223,
000011.SZ,000011,20251209,93457260,4620906,C,0, ,0,1500,0,4014005,
000011.SZ,000011,20251209,93457780,4625312,C,0, ,0,100,0,2125846,
000011.SZ,000011,20251209,93500780,4653156,C,0, ,0,2500,0,4101787,
000011.SZ,000011,20251209,93500780,4653157,C,0, ,0,2900,0,4125332,
000011.SZ,000011,20251209,93503060,4677245,C,0, ,0,1100,0,1750491,
000011.SZ,000011,20251209,93506210,4713196,C,0, ,0,1400,0,1610980,
000011.SZ,000011,20251209,93508550,4740086,C,0, ,0,8300,0,744758,
000011.SZ,000011,20251209,93508960,4743904,0,0,S,93900,200,4743903,4602967,
000011.SZ,000011,20251209,93508960,4743905,0,0,S,93900,1000,4743903,4626126,
000011.SZ,000011,20251209,93508980,4744079,0,0,S,93900,100,4744078,4626126,
000011.SZ,000011,20251209,93508980,4744081,0,0,S,93900,100,4744080,4626126,
000011.SZ,000011,20251209,93508990,4744125,0,0,S,93900,100,4744124,4626126,
000011.SZ,000011,20251209,93508990,4744146,0,0,S,93900,100,4744145,4626126,
000011.SZ,000011,20251209,93509150,4745745,C,0, ,0,300,0,4644142,
000011.SZ,000011,20251209,93512150,4778447,0,0,B,94000,100,1876101,4778446,
000011.SZ,000011,20251209,93512160,4778504,0,0,B,94000,100,1876101,4778503,
000011.SZ,000011,20251209,93512170,4778736,0,0,B,94000,100,1876101,4778735,
000011.SZ,000011,20251209,93512190,4779194,0,0,B,94000,700,1876101,4779193,
000011.SZ,000011,20251209,93512200,4779292,0,0,B,94000,1000,1876101,4779291,
000011.SZ,000011,20251209,93515150,4811470,C,0, ,0,300,4644141,0,
000011.SZ,000011,20251209,93515200,4812227,0,0,B,94000,200,2958859,4812226,
000011.SZ,000011,20251209,93515210,4812249,0,0,B,94000,200,2958859,4812248,
000011.SZ,000011,20251209,93515920,4820175,0,0,B,94000,100,2958859,4820174,
000011.SZ,000011,20251209,93515960,4820460,0,0,B,94000,500,2958859,4820459,
000011.SZ,000011,20251209,93515960,4820461,0,0,B,94000,100,4624564,4820459,
000011.SZ,000011,20251209,93516030,4821187,0,0,S,93900,1000,4821186,4626126,
000011.SZ,000011,20251209,93516910,4829666,0,0,B,94000,600,4624564,4829665,
000011.SZ,000011,20251209,93518300,4841149,0,0,S,93900,400,4841148,4626126,
000011.SZ,000011,20251209,93518300,4841150,0,0,S,93900,300,4841148,4626330,
000011.SZ,000011,20251209,93519030,4847936,0,0,B,94000,600,4624564,4847935,
000011.SZ,000011,20251209,93519920,4855129,C,0, ,0,500,0,4639954,
000011.SZ,000011,20251209,93521380,4867154,0,0,B,94000,400,4624564,4867153,
000011.SZ,000011,20251209,93521460,4867957,0,0,B,94000,100,4624564,4867956,
000011.SZ,000011,20251209,93522290,4874633,0,0,B,94000,700,4624564,4874632,
000011.SZ,000011,20251209,93522580,4877222,0,0,B,94000,900,4624564,4877221,
000011.SZ,000011,20251209,93522980,4880329,0,0,S,93900,300,4880328,4626330,
000011.SZ,000011,20251209,93522980,4880330,0,0,S,93900,100,4880328,4629014,
000011.SZ,000011,20251209,93522980,4880331,0,0,S,93900,100,4880328,4629020,
000011.SZ,000011,20251209,93522980,4880332,0,0,S,93900,100,4880328,4645436,
000011.SZ,000011,20251209,93522980,4880333,0,0,S,93900,900,4880328,4657976,
000011.SZ,000011,20251209,93522980,4880334,0,0,S,93900,2600,4880328,4661000,
000011.SZ,000011,20251209,93522980,4880335,0,0,S,93900,2700,4880328,4684651,
000011.SZ,000011,20251209,93522980,4880336,0,0,S,93900,800,4880328,4752004,
000011.SZ,000011,20251209,93522980,4880337,0,0,S,93900,600,4880328,4775701,
000011.SZ,000011,20251209,93522980,4880338,0,0,S,93900,1300,4880328,4825892,
000011.SZ,000011,20251209,93522980,4880339,0,0,S,93900,200,4880328,4840994,
000011.SZ,000011,20251209,93522980,4880340,0,0,S,93900,2900,4880328,4849125,
000011.SZ,000011,20251209,93522980,4880341,0,0,S,93900,600,4880328,4871033,
000011.SZ,000011,20251209,93522980,4880342,0,0,S,93800,3800,4880328,4494047,
000011.SZ,000011,20251209,93522980,4880343,0,0,S,93800,600,4880328,4494786,
000011.SZ,000011,20251209,93522980,4880344,0,0,S,93800,200,4880328,4523169,
000011.SZ,000011,20251209,93522980,4880345,0,0,S,93800,9800,4880328,4596017,
000011.SZ,000011,20251209,93522980,4880346,0,0,S,93800,100,4880328,4596089,
000011.SZ,000011,20251209,93522980,4880347,0,0,S,93800,500,4880328,4678567,
000011.SZ,000011,20251209,93522980,4880348,0,0,S,93800,1500,4880328,4738005,
000011.SZ,000011,20251209,93522980,4880349,0,0,S,93800,100,4880328,4820467,
000011.SZ,000011,20251209,93522980,4880350,0,0,S,93700,100,4880328,4118312,
000011.SZ,000011,20251209,93522980,4880351,0,0,S,93700,600,4880328,4155397,
000011.SZ,000011,20251209,93522980,4880352,0,0,S,93700,700,4880328,4156250,
000011.SZ,000011,20251209,93522980,4880353,0,0,S,93700,600,4880328,4156409,
000011.SZ,000011,20251209,93522980,4880354,0,0,S,93700,600,4880328,4156477,
000011.SZ,000011,20251209,93522980,4880355,0,0,S,93700,900,4880328,4156982,
000011.SZ,000011,20251209,93522980,4880356,0,0,S,93700,1100,4880328,4158027,
000011.SZ,000011,20251209,93522980,4880357,0,0,S,93700,600,4880328,4158665,
000011.SZ,000011,20251209,93522980,4880358,0,0,S,93700,700,4880328,4174372,
000011.SZ,000011,20251209,93522980,4880359,0,0,S,93700,300,4880328,4179243,
000011.SZ,000011,20251209,93522980,4880360,0,0,S,93700,700,4880328,4185616,
000011.SZ,000011,20251209,93522980,4880361,0,0,S,93700,700,4880328,4186294,
000011.SZ,000011,20251209,93522980,4880362,0,0,S,93700,600,4880328,4186594,
000011.SZ,000011,20251209,93522980,4880363,0,0,S,93700,100,4880328,4215941,
000011.SZ,000011,20251209,93522980,4880364,0,0,S,93700,1200,4880328,4215993,
000011.SZ,000011,20251209,93522980,4880365,0,0,S,93600,1000,4880328,4077680,
000011.SZ,000011,20251209,93522980,4880366,0,0,S,93600,1100,4880328,4244611,
000011.SZ,000011,20251209,93522980,4880367,0,0,S,93600,700,4880328,4616233,
000011.SZ,000011,20251209,93524220,4889463,0,0,B,94000,100,4624564,4889462,
000011.SZ,000011,20251209,93529510,4930978,C,0, ,0,400,0,1979321,
000011.SZ,000011,20251209,93531940,4952371,0,0,S,93900,500,4952370,4890029,
000011.SZ,000011,20251209,93531940,4952372,0,0,S,93900,500,4952370,4917030,
000011.SZ,000011,20251209,93535990,4988070,C,0, ,0,1100,0,1855797,
000011.SZ,000011,20251209,93538990,5015065,C,0, ,0,700,0,1719166,
000011.SZ,000011,20251209,93540460,5031982,0,0,B,94000,100,4624564,5031981,
000011.SZ,000011,20251209,93541380,5041662,0,0,S,93900,100,5041661,4917030,
000011.SZ,000011,20251209,93543130,5059062,0,0,B,94000,100,4624564,5059061,
000011.SZ,000011,20251209,93553100,5159270,0,0,B,94000,1900,4624564,5159269,
000011.SZ,000011,20251209,93554810,5174481,0,0,B,94000,100,4624564,5174480,
000011.SZ,000011,20251209,93555570,5181040,C,0, ,0,500,4634344,0,
000011.SZ,000011,20251209,93557460,5197291,0,0,B,94000,100,4624564,5197290,
000011.SZ,000011,20251209,93558470,5207767,C,0, ,0,2000,0,3075837,
000011.SZ,000011,20251209,93603110,5259089,C,0, ,0,1500,0,2020556,
000011.SZ,000011,20251209,93603460,5262476,0,0,B,94000,100,4624564,5262475,
000011.SZ,000011,20251209,93605470,5281145,C,0, ,0,2000,0,2056131,
000011.SZ,000011,20251209,93606220,5287592,C,0, ,0,100,0,5268205,
000011.SZ,000011,20251209,93606970,5295004,0,0,B,94000,1900,4624564,5295003,
000011.SZ,000011,20251209,93607690,5301656,0,0,S,93900,900,5301655,4917241,
000011.SZ,000011,20251209,93607690,5301657,0,0,S,93900,700,5301655,4917827,
000011.SZ,000011,20251209,93607690,5301658,0,0,S,93900,700,5301655,4974660,
000011.SZ,000011,20251209,93607690,5301659,0,0,S,93900,1000,5301655,5007258,
000011.SZ,000011,20251209,93607690,5301660,0,0,S,93900,300,5301655,5024287,
000011.SZ,000011,20251209,93607690,5301661,0,0,S,93900,2500,5301655,5026693,
000011.SZ,000011,20251209,93607690,5301662,0,0,S,93900,1500,5301655,5031831,
000011.SZ,000011,20251209,93607690,5301663,0,0,S,93900,700,5301655,5137841,
000011.SZ,000011,20251209,93607690,5301664,0,0,S,93900,700,5301655,5184746,
000011.SZ,000011,20251209,93607690,5301665,0,0,S,93900,1000,5301655,5186332,
000011.SZ,000011,20251209,93607700,5301696,0,0,B,94000,200,4624564,5301695,
000011.SZ,000011,20251209,93608940,5314693,0,0,B,94000,100,4624564,5314692,
000011.SZ,000011,20251209,93616050,5390160,0,0,S,93900,800,5390159,5186332,
000011.SZ,000011,20251209,93616050,5390161,0,0,S,93900,1600,5390159,5272627,
000011.SZ,000011,20251209,93617310,5402060,C,0, ,0,1300,0,1098959,
000011.SZ,000011,20251209,93617320,5402173,0,0,S,93900,600,5402172,5272627,
000011.SZ,000011,20251209,93617320,5402174,0,0,S,93900,200,5402172,5286405,
000011.SZ,000011,20251209,93618250,5410036,0,0,B,94000,1500,4624564,5410035,
000011.SZ,000011,20251209,93618870,5415698,C,0, ,0,1400,0,2170989,
000011.SZ,000011,20251209,93620040,5426558,0,0,B,94000,100,4624564,5426557,
000011.SZ,000011,20251209,93620040,5426566,C,0, ,0,100,0,5287534,
000011.SZ,000011,20251209,93621390,5437648,C,0, ,0,1300,0,2273411,
000011.SZ,000011,20251209,93624100,5459239,C,0, ,0,800,0,2308749,
000011.SZ,000011,20251209,93624600,5463699,0,0,B,94000,200,4624564,5463698,
000011.SZ,000011,20251209,93624630,5464113,0,0,B,94000,200,4624564,5464112,
000011.SZ,000011,20251209,93624700,5464686,0,0,B,94000,100,4624564,5464685,
000011.SZ,000011,20251209,93626100,5476006,0,0,B,94000,100,4624564,5476005,
000011.SZ,000011,20251209,93626100,5476007,0,0,B,94000,100,4678678,5476005,
000011.SZ,000011,20251209,93627170,5484351,C,0, ,0,600,0,5344598,
000011.SZ,000011,20251209,93627940,5491142,0,0,B,94000,700,4678678,5491141,
000011.SZ,000011,20251209,93629760,5505645,C,0, ,0,1000,0,4553106,
000011.SZ,000011,20251209,93630150,5508565,C,0, ,0,300,5409304,0,
000011.SZ,000011,20251209,93630150,5508578,C,0, ,0,200,5409306,0,
000011.SZ,000011,20251209,93630240,5509460,C,0, ,0,200,4334194,0,
000011.SZ,000011,20251209,93636790,5562501,0,0,B,94000,900,4678678,5562500,
000011.SZ,000011,20251209,93639880,5586687,0,0,B,94000,100,4678678,5586686,
000011.SZ,000011,20251209,93645290,5632050,0,0,S,93900,100,5632049,5286405,
000011.SZ,000011,20251209,93645290,5632069,0,0,S,93900,100,5632068,5286405,
000011.SZ,000011,20251209,93645290,5632071,0,0,S,93900,100,5632070,5286405,
000011.SZ,000011,20251209,93645290,5632075,0,0,S,93900,100,5632074,5286405,
000011.SZ,000011,20251209,93645290,5632080,0,0,S,93900,100,5632079,5286405,
000011.SZ,000011,20251209,93645290,5632107,0,0,S,93900,100,5632106,5286405,
000011.SZ,000011,20251209,93645290,5632117,0,0,S,93900,100,5632116,5286405,
000011.SZ,000011,20251209,93645300,5632142,0,0,S,93900,100,5632141,5286405,
000011.SZ,000011,20251209,93645300,5632202,0,0,S,93900,100,5632201,5286405,
000011.SZ,000011,20251209,93645310,5632227,0,0,S,93900,100,5632226,5286405,
000011.SZ,000011,20251209,93653690,5697776,0,0,B,94000,800,4678678,5697775,
000011.SZ,000011,20251209,93700230,5754126,0,0,S,93900,200,5754125,5292800,
000011.SZ,000011,20251209,93703280,5784961,0,0,S,93900,400,5784960,5292800,
000011.SZ,000011,20251209,93703290,5785060,0,0,S,93900,1000,5785059,5292800,
000011.SZ,000011,20251209,93703290,5785075,0,0,S,93900,300,5785074,5292800,
000011.SZ,000011,20251209,93703290,5785081,0,0,S,93900,700,5785080,5292800,
000011.SZ,000011,20251209,93703290,5785082,0,0,S,93900,100,5785080,5295874,
000011.SZ,000011,20251209,93703290,5785083,0,0,S,93900,1300,5785080,5390866,
000011.SZ,000011,20251209,93703290,5785097,0,0,S,93900,100,5785096,5390866,
000011.SZ,000011,20251209,93703300,5785104,0,0,S,93900,100,5785103,5390866,
000011.SZ,000011,20251209,93703300,5785109,0,0,S,93900,300,5785108,5405710,
000011.SZ,000011,20251209,93703300,5785110,0,0,S,93900,500,5785108,5427016,
000011.SZ,000011,20251209,93703300,5785111,0,0,S,93900,200,5785108,5442854,
000011.SZ,000011,20251209,93703300,5785112,0,0,S,93900,800,5785108,5457955,
000011.SZ,000011,20251209,93703300,5785113,0,0,S,93900,2000,5785108,5463049,
000011.SZ,000011,20251209,93703300,5785114,0,0,S,93900,100,5785108,5485255,
000011.SZ,000011,20251209,93703300,5785115,0,0,S,93900,100,5785108,5485808,
000011.SZ,000011,20251209,93703300,5785116,0,0,S,93900,1400,5785108,5531463,
000011.SZ,000011,20251209,93703300,5785117,0,0,S,93900,2800,5785108,5537675,
000011.SZ,000011,20251209,93703300,5785118,0,0,S,93900,900,5785108,5538885,
000011.SZ,000011,20251209,93703300,5785119,0,0,S,93900,100,5785108,5538920,
000011.SZ,000011,20251209,93703300,5785120,0,0,S,93900,100,5785108,5540373,
000011.SZ,000011,20251209,93703300,5785121,0,0,S,93900,700,5785108,5554991,
000011.SZ,000011,20251209,93703300,5785122,0,0,S,93900,100,5785108,5558789,
000011.SZ,000011,20251209,93703300,5785123,0,0,S,93900,1300,5785108,5559053,
000011.SZ,000011,20251209,93703300,5785124,0,0,S,93900,800,5785108,5565527,
000011.SZ,000011,20251209,93703300,5785125,0,0,S,93900,400,5785108,5642566,
000011.SZ,000011,20251209,93703300,5785135,0,0,S,93900,600,5785134,5642566,
000011.SZ,000011,20251209,93703300,5785136,0,0,S,93900,200,5785134,5709247,
000011.SZ,000011,20251209,93703310,5785305,C,0, ,0,400,5785259,0,
000011.SZ,000011,20251209,93704230,5795209,0,0,B,93900,2800,5785134,5795208,
000011.SZ,000011,20251209,93704340,5797219,C,0, ,0,800,5785134,0,
000011.SZ,000011,20251209,93704500,5798777,C,0, ,0,300,5785148,0,
000011.SZ,000011,20251209,93704930,5802441,C,0, ,0,800,5785257,0,
000011.SZ,000011,20251209,93704930,5802442,C,0, ,0,800,5785289,0,
000011.SZ,000011,20251209,93704930,5802451,C,0, ,0,800,5785262,0,
000011.SZ,000011,20251209,93706200,5812759,C,0, ,0,300,0,4888956,
000011.SZ,000011,20251209,93706280,5813595,0,0,B,93900,100,5785283,5813594,
000011.SZ,000011,20251209,93710570,5849566,0,0,S,93800,100,5849565,4881590,
000011.SZ,000011,20251209,93710580,5849610,0,0,S,93800,400,5849609,4881590,
000011.SZ,000011,20251209,93710580,5849611,0,0,S,93800,1200,5849609,4894345,
000011.SZ,000011,20251209,93710580,5849612,0,0,S,93800,600,5849609,4894845,
000011.SZ,000011,20251209,93710580,5849613,0,0,S,93800,700,5849609,4894924,
000011.SZ,000011,20251209,93710580,5849614,0,0,S,93800,500,5849609,4894992,
000011.SZ,000011,20251209,93710580,5849615,0,0,S,93800,100,5849609,4895205,
000011.SZ,000011,20251209,93710580,5849616,0,0,S,93800,2900,5849609,4897126,
000011.SZ,000011,20251209,93710580,5849617,0,0,S,93800,800,5849609,4905555,
000011.SZ,000011,20251209,93710580,5849618,0,0,S,93800,800,5849609,4909640,
000011.SZ,000011,20251209,93710580,5849619,0,0,S,93800,500,5849609,5759832,
000011.SZ,000011,20251209,93710580,5849630,C,0, ,0,300,5785283,0,
000011.SZ,000011,20251209,93710610,5850057,C,0, ,0,6200,0,4880526,
000011.SZ,000011,20251209,93712230,5864281,0,0,S,93800,900,5864280,5864221,
000011.SZ,000011,20251209,93712240,5864371,C,0, ,0,6200,5785318,0,
000011.SZ,000011,20251209,93712240,5864449,C,0, ,0,6200,0,4880486,
000011.SZ,000011,20251209,93712250,5864469,C,0, ,0,1400,0,4880437,
000011.SZ,000011,20251209,93713870,5881517,C,0, ,0,100,5673913,0,
000011.SZ,000011,20251209,93716790,5906990,C,0, ,0,100,5864368,0,
000011.SZ,000011,20251209,93716790,5906991,C,0, ,0,100,5864367,0,
000011.SZ,000011,20251209,93716790,5906995,C,0, ,0,100,5864362,0,
000011.SZ,000011,20251209,93716790,5906997,C,0, ,0,200,5864363,0,
000011.SZ,000011,20251209,93716790,5907011,C,0, ,0,1200,0,4880438,
000011.SZ,000011,20251209,93716800,5907054,0,0,S,93700,100,5907053,4880441,
000011.SZ,000011,20251209,93716800,5907055,0,0,S,93700,200,5907053,4895919,
000011.SZ,000011,20251209,93716800,5907056,0,0,S,93700,100,5907053,4895925,
000011.SZ,000011,20251209,93716800,5907057,0,0,S,93700,300,5907053,5074769,
000011.SZ,000011,20251209,93716800,5907102,0,0,S,93700,300,5907101,5074769,
000011.SZ,000011,20251209,93719090,5924023,0,0,S,93700,500,5924022,5074769,
000011.SZ,000011,20251209,93720050,5932945,C,0, ,0,300,5311064,0,
000011.SZ,000011,20251209,93720060,5933051,0,0,S,93700,400,5933050,5074769,
000011.SZ,000011,20251209,93720060,5933052,0,0,S,93700,100,5933050,5076028,
000011.SZ,000011,20251209,93720060,5933056,0,0,S,93700,600,5933055,5076028,
000011.SZ,000011,20251209,93720060,5933059,0,0,S,93700,300,5933058,5076028,
000011.SZ,000011,20251209,93720060,5933063,0,0,S,93700,700,5933062,5076028,
000011.SZ,000011,20251209,93720060,5933064,0,0,S,93700,100,5933062,5504854,
000011.SZ,000011,20251209,93721660,5945915,C,0, ,0,200,5788658,0,
000011.SZ,000011,20251209,93721760,5946610,C,0, ,0,600,5414074,0,
000011.SZ,000011,20251209,93722030,5948460,0,0,S,93700,100,5948459,5504854,
000011.SZ,000011,20251209,93722190,5949806,0,0,S,93700,200,5949805,5504854,
000011.SZ,000011,20251209,93722330,5951369,C,0, ,0,400,5785374,0,
000011.SZ,000011,20251209,93722660,5954684,0,0,S,93700,200,5954683,5504854,
000011.SZ,000011,20251209,93723320,5959280,0,0,S,93700,400,5959279,5504854,
000011.SZ,000011,20251209,93724030,5964433,C,0, ,0,600,0,5950466,
000011.SZ,000011,20251209,93724330,5966600,0,0,S,93700,600,5966599,5504854,
000011.SZ,000011,20251209,93728330,5998049,0,0,B,93800,200,5864899,5998048,
000011.SZ,000011,20251209,93728330,5998050,0,0,B,93800,200,5864906,5998048,
000011.SZ,000011,20251209,93729610,6007410,0,0,S,93700,300,6007409,5504854,
000011.SZ,000011,20251209,93733520,6036903,0,0,B,93800,100,5864938,6036902,
000011.SZ,000011,20251209,93734370,6044018,C,0, ,0,100,0,2300019,
000011.SZ,000011,20251209,93734730,6047029,C,0, ,0,300,5789511,0,
000011.SZ,000011,20251209,93735730,6054258,0,0,S,93700,100,6054257,5504854,
000011.SZ,000011,20251209,93735730,6054259,0,0,S,93700,100,6054257,5870519,
000011.SZ,000011,20251209,93735730,6054260,0,0,S,93700,100,6054257,5942969,
000011.SZ,000011,20251209,93736050,6056509,0,0,S,93700,100,6056508,5942969,
000011.SZ,000011,20251209,93736150,6057387,0,0,S,93700,100,6057386,5942969,
000011.SZ,000011,20251209,93736290,6058774,0,0,S,93700,300,6058773,5942969,
000011.SZ,000011,20251209,93736900,6063420,0,0,S,93700,500,6063419,5942969,
000011.SZ,000011,20251209,93744820,6127324,0,0,S,93700,100,6127323,5942969,
000011.SZ,000011,20251209,93744820,6127325,0,0,S,93700,1000,6127323,6056219,
000011.SZ,000011,20251209,93744820,6127326,0,0,S,93700,300,6127323,6091056,
000011.SZ,000011,20251209,93751730,6185085,0,0,S,93700,100,6185084,6091056,
000011.SZ,000011,20251209,93751940,6186775,0,0,B,93800,100,5864938,6186774,
000011.SZ,000011,20251209,93751940,6186776,0,0,B,93800,100,5870150,6186774,
000011.SZ,000011,20251209,93751940,6186777,0,0,B,93800,1000,5881427,6186774,
000011.SZ,000011,20251209,93751940,6186808,C,0, ,0,9623,5881427,0,
000011.SZ,000011,20251209,93758460,6237926,0,0,B,93800,100,6039660,6237925,
000011.SZ,000011,20251209,93758460,6237928,0,0,B,93800,100,6124899,6237927,
000011.SZ,000011,20251209,93758600,6238855,C,0, ,0,1000,0,5154467,
000011.SZ,000011,20251209,93803420,6279127,0,0,S,93700,100,6279126,6091056,
000011.SZ,000011,20251209,93803420,6279128,0,0,S,93700,100,6279126,6185064,
000011.SZ,000011,20251209,93805100,6292276,0,0,S,93700,200,6292275,6185064,
000011.SZ,000011,20251209,93806690,6306350,0,0,B,93800,100,6124899,6306349,
000011.SZ,000011,20251209,93806690,6306351,0,0,B,93800,100,6255627,6306349,
000011.SZ,000011,20251209,93806690,6306352,0,0,B,93800,300,6255687,6306349,
000011.SZ,000011,20251209,93806690,6306353,0,0,B,93800,100,6291747,6306349,
000011.SZ,000011,20251209,93806690,6306354,0,0,B,93800,300,6302454,6306349,
000011.SZ,000011,20251209,93806690,6306355,0,0,B,93800,100,6303892,6306349,
000011.SZ,000011,20251209,93807280,6311927,0,0,S,93700,100,6311926,6185064,
000011.SZ,000011,20251209,93807280,6311955,0,0,S,93700,100,6311954,6185064,
000011.SZ,000011,20251209,93807280,6312001,0,0,S,93700,100,6312000,6185064,
000011.SZ,000011,20251209,93807310,6312350,0,0,S,93700,300,6312349,6185064,
000011.SZ,000011,20251209,93807310,6312368,0,0,S,93700,100,6312367,6185064,
000011.SZ,000011,20251209,93807310,6312382,0,0,S,93700,100,6312381,6185064,
000011.SZ,000011,20251209,93807320,6312507,0,0,S,93700,100,6312506,6185064,
000011.SZ,000011,20251209,93807320,6312510,0,0,S,93700,100,6312509,6185064,
000011.SZ,000011,20251209,93807320,6312529,0,0,S,93700,100,6312528,6185064,
000011.SZ,000011,20251209,93807370,6313203,0,0,S,93700,100,6313202,6185064,
000011.SZ,000011,20251209,93807380,6313302,0,0,S,93700,100,6313301,6185064,
000011.SZ,000011,20251209,93808330,6321763,0,0,S,93700,100,6321762,6185064,
000011.SZ,000011,20251209,93808330,6321781,0,0,S,93700,200,6321780,6185064,
000011.SZ,000011,20251209,93808330,6321783,0,0,S,93700,100,6321782,6185064,
000011.SZ,000011,20251209,93808330,6321853,0,0,S,93700,200,6321852,6185064,
000011.SZ,000011,20251209,93808330,6321872,0,0,S,93700,100,6321871,6185064,
000011.SZ,000011,20251209,93808340,6321998,0,0,S,93700,100,6321997,6185064,
000011.SZ,000011,20251209,93808350,6322026,0,0,S,93700,100,6322025,6185064,
000011.SZ,000011,20251209,93808350,6322034,0,0,S,93700,100,6322033,6185064,
000011.SZ,000011,20251209,93808350,6322039,0,0,S,93700,100,6322038,6185064,
000011.SZ,000011,20251209,93808350,6322051,0,0,S,93700,200,6322050,6185064,
000011.SZ,000011,20251209,93808350,6322055,0,0,S,93700,100,6322054,6206192,
000011.SZ,000011,20251209,93808350,6322061,0,0,S,93700,100,6322060,6232286,
000011.SZ,000011,20251209,93808350,6322063,0,0,S,93700,300,6322062,6232286,
000011.SZ,000011,20251209,93808350,6322105,0,0,S,93700,100,6322104,6232286,
000011.SZ,000011,20251209,93808350,6322132,0,0,S,93700,200,6322131,6232286,
000011.SZ,000011,20251209,93808360,6322190,0,0,S,93700,200,6322189,6232286,
000011.SZ,000011,20251209,93808360,6322191,0,0,S,93700,400,6322189,6254541,
000011.SZ,000011,20251209,93808360,6322201,0,0,S,93700,100,6322200,6254541,
000011.SZ,000011,20251209,93808370,6322296,0,0,S,93700,100,6322295,6254541,
000011.SZ,000011,20251209,93808370,6322297,0,0,S,93700,100,6322295,6262460,
000011.SZ,000011,20251209,93808440,6323003,0,0,S,93700,100,6323002,6262460,
000011.SZ,000011,20251209,93809310,6329650,0,0,S,93700,100,6329649,6262460,
000011.SZ,000011,20251209,93809330,6329935,0,0,S,93700,100,6329934,6262460,
000011.SZ,000011,20251209,93809340,6330006,0,0,S,93700,100,6330005,6262460,
000011.SZ,000011,20251209,93809340,6330010,0,0,S,93700,100,6330009,6262460,
000011.SZ,000011,20251209,93809350,6330079,0,0,S,93700,100,6330078,6262460,
000011.SZ,000011,20251209,93809350,6330084,0,0,S,93700,100,6330083,6262460,
000011.SZ,000011,20251209,93809370,6330411,0,0,S,93700,200,6330410,6262460,
000011.SZ,000011,20251209,93809380,6330572,0,0,S,93700,100,6330571,6262460,
000011.SZ,000011,20251209,93812410,6353493,0,0,B,93800,100,6327777,6353492,
000011.SZ,000011,20251209,93812410,6353494,0,0,B,93800,200,6339422,6353492,
000011.SZ,000011,20251209,93812410,6353495,0,0,B,93800,400,6344927,6353492,
000011.SZ,000011,20251209,93812410,6353496,0,0,B,93900,100,5785512,6353492,
000011.SZ,000011,20251209,93812410,6353497,0,0,B,93900,200,5785546,6353492,
000011.SZ,000011,20251209,93812660,6355104,0,0,S,93700,100,6355103,6262460,
000011.SZ,000011,20251209,93813300,6359857,0,0,S,93700,200,6359856,6262460,
000011.SZ,000011,20251209,93813310,6359973,0,0,S,93700,100,6359972,6262460,
000011.SZ,000011,20251209,93813320,6360029,0,0,S,93700,100,6360028,6262460,
000011.SZ,000011,20251209,93813320,6360092,0,0,S,93700,200,6360091,6262460,
000011.SZ,000011,20251209,93813340,6360185,0,0,S,93700,300,6360184,6262460,
000011.SZ,000011,20251209,93813350,6360282,0,0,S,93700,100,6360281,6262460,
000011.SZ,000011,20251209,93813350,6360287,0,0,S,93700,100,6360286,6262460,
000011.SZ,000011,20251209,93813350,6360299,0,0,S,93700,100,6360298,6262460,
000011.SZ,000011,20251209,93813360,6360389,0,0,S,93700,200,6360388,6262460,
000011.SZ,000011,20251209,93813360,6360431,0,0,S,93700,100,6360430,6317362,
000011.SZ,000011,20251209,93814400,6368031,0,0,S,93700,100,6368030,6328578,
000011.SZ,000011,20251209,93814420,6368172,0,0,S,93700,100,6368171,6328578,
000011.SZ,000011,20251209,93814440,6368304,0,0,S,93700,100,6368303,6328578,
000011.SZ,000011,20251209,93814440,6368335,0,0,S,93700,100,6368334,6328578,
000011.SZ,000011,20251209,93815150,6372872,0,0,S,93700,100,6372871,6328578,
000011.SZ,000011,20251209,93815170,6373104,0,0,S,93600,100,6373103,4616233,
000011.SZ,000011,20251209,93815210,6373368,0,0,S,93600,200,6373367,4616233,
000011.SZ,000011,20251209,93817850,6394870,C,0, ,0,800,0,726138,
000011.SZ,000011,20251209,93818150,6396894,C,0, ,0,100,5827196,0,
000011.SZ,000011,20251209,93818870,6403014,0,0,B,93700,100,6375330,6403013,
000011.SZ,000011,20251209,93819150,6405039,0,0,B,93700,100,6376804,6405038,
000011.SZ,000011,20251209,93819330,6406621,0,0,B,93700,100,6379437,6406620,
000011.SZ,000011,20251209,93819330,6406622,0,0,B,93700,600,6403642,6406620,
000011.SZ,000011,20251209,93819480,6408493,0,0,S,93700,200,6408492,6406620,
000011.SZ,000011,20251209,93820280,6414887,0,0,S,93700,800,6414886,6406620,
000011.SZ,000011,20251209,93820280,6414896,0,0,S,93700,100,6414895,6406620,
000011.SZ,000011,20251209,93820290,6414920,0,0,S,93700,100,6414919,6406620,
000011.SZ,000011,20251209,93820290,6414941,0,0,S,93700,100,6414940,6406620,
000011.SZ,000011,20251209,93820290,6414977,0,0,S,93700,100,6414976,6406620,
000011.SZ,000011,20251209,93820290,6414979,0,0,S,93700,100,6414978,6406620,
000011.SZ,000011,20251209,93820300,6415027,0,0,S,93700,300,6415026,6406620,
000011.SZ,000011,20251209,93820330,6415400,0,0,S,93700,300,6415399,6406620,
000011.SZ,000011,20251209,93820440,6416428,0,0,S,93700,100,6416427,6406620,
000011.SZ,000011,20251209,93820440,6416659,0,0,S,93700,300,6416658,6406620,
000011.SZ,000011,20251209,93820450,6416741,0,0,S,93700,100,6416740,6406620,
000011.SZ,000011,20251209,93820490,6417020,0,0,S,93700,300,6417019,6406620,
000011.SZ,000011,20251209,93820600,6417702,0,0,S,93700,100,6417701,6406620,
000011.SZ,000011,20251209,93826870,6465088,0,0,S,93600,2000,6465087,4768756,
000011.SZ,000011,20251209,93826870,6465089,0,0,S,93600,3000,6465087,5159193,
000011.SZ,000011,20251209,93826870,6465090,0,0,S,93600,4600,6465087,6196781,
000011.SZ,000011,20251209,93826910,6465380,0,0,S,93600,100,6465379,6196781,
000011.SZ,000011,20251209,93827570,6470502,0,0,S,93600,100,6470501,6196781,
000011.SZ,000011,20251209,93827570,6470520,0,0,S,93600,200,6470519,6196781,
000011.SZ,000011,20251209,93827570,6470525,0,0,S,93600,900,6470524,6196781,
000011.SZ,000011,20251209,93827590,6470596,0,0,S,93600,100,6470595,6196781,
000011.SZ,000011,20251209,93827670,6471128,0,0,S,93600,100,6471127,6196781,
000011.SZ,000011,20251209,93828460,6476828,0,0,S,93600,100,6476827,6196781,
000011.SZ,000011,20251209,93828470,6476892,0,0,S,93600,100,6476891,6196781,
000011.SZ,000011,20251209,93828480,6476931,0,0,S,93600,100,6476930,6196781,
000011.SZ,000011,20251209,93828480,6476932,0,0,S,93600,100,6476930,6372901,
000011.SZ,000011,20251209,93828480,6476933,0,0,S,93600,100,6476930,6372905,
000011.SZ,000011,20251209,93828480,6476934,0,0,S,93600,100,6476930,6372911,
000011.SZ,000011,20251209,93828480,6476936,0,0,S,93600,100,6476935,6451674,
000011.SZ,000011,20251209,93828490,6477037,0,0,S,93600,100,6477036,6451674,
000011.SZ,000011,20251209,93828490,6477067,0,0,S,93600,100,6477066,6451674,
000011.SZ,000011,20251209,93828490,6477072,0,0,S,93600,100,6477071,6451674,
000011.SZ,000011,20251209,93828490,6477076,0,0,S,93600,200,6477075,6451674,
000011.SZ,000011,20251209,93828500,6477123,0,0,S,93600,100,6477122,6451674,
000011.SZ,000011,20251209,93828500,6477186,0,0,S,93600,100,6477185,6451674,
000011.SZ,000011,20251209,93829450,6483574,0,0,S,93600,100,6483573,6451674,
000011.SZ,000011,20251209,93829470,6483733,0,0,S,93600,100,6483732,6451674,
000011.SZ,000011,20251209,93829480,6483753,C,0, ,0,1700,4619866,0,
000011.SZ,000011,20251209,93829480,6483754,C,0, ,0,1700,4619865,0,
000011.SZ,000011,20251209,93830380,6489423,C,0, ,0,700,6417701,0,
000011.SZ,000011,20251209,93830390,6489560,C,0, ,0,200,6417838,0,
000011.SZ,000011,20251209,93831390,6497166,0,0,B,93600,100,6483732,6497165,
000011.SZ,000011,20251209,93831390,6497167,0,0,B,93600,100,6483764,6497165,
000011.SZ,000011,20251209,93831390,6497185,0,0,B,93600,200,6488280,6497184,
000011.SZ,000011,20251209,93831530,6499155,0,0,B,93600,200,6488280,6499154,
000011.SZ,000011,20251209,93831530,6499158,0,0,B,93600,100,6488280,6499157,
000011.SZ,000011,20251209,93833550,6513503,0,0,B,93600,400,6488280,6513502,
000011.SZ,000011,20251209,93844110,6585798,0,0,B,93600,100,6488280,6585797,
000011.SZ,000011,20251209,93844110,6585799,0,0,B,93600,100,6492564,6585797,
000011.SZ,000011,20251209,93849260,6619060,C,0, ,0,200,0,914901,
000011.SZ,000011,20251209,93859050,6684118,0,0,B,93600,800,6492564,6684117,
000011.SZ,000011,20251209,93859050,6684119,0,0,B,93600,100,6506323,6684117,
000011.SZ,000011,20251209,93859050,6684120,0,0,B,93600,600,6557921,6684117,
000011.SZ,000011,20251209,93859050,6684121,0,0,B,93600,500,6559044,6684117,
000011.SZ,000011,20251209,93859050,6684149,0,0,B,93600,200,6559044,6684148,
000011.SZ,000011,20251209,93859050,6684150,0,0,B,93600,900,6658934,6684148,
000011.SZ,000011,20251209,93859090,6684459,0,0,S,93600,400,6684458,6684405,
000011.SZ,000011,20251209,93901130,6699494,C,0, ,0,200,0,6598639,
000011.SZ,000011,20251209,93901130,6699553,0,0,B,93700,100,6445548,6699552,
000011.SZ,000011,20251209,93902270,6708582,C,0, ,0,1300,4678722,0,
000011.SZ,000011,20251209,93903150,6714520,C,0, ,0,200,6445548,0,
000011.SZ,000011,20251209,93903350,6716060,0,0,S,93600,200,6716059,6684405,
000011.SZ,000011,20251209,93903360,6716105,0,0,S,93600,100,6716104,6684405,
000011.SZ,000011,20251209,93903380,6716225,0,0,S,93600,100,6716224,6684405,
000011.SZ,000011,20251209,93903390,6716278,0,0,S,93600,100,6716277,6684405,
000011.SZ,000011,20251209,93903390,6716279,0,0,S,93600,100,6716277,6684478,
000011.SZ,000011,20251209,93903390,6716310,0,0,S,93600,200,6716309,6684478,
000011.SZ,000011,20251209,93905440,6732770,0,0,S,93600,600,6732769,6684478,
000011.SZ,000011,20251209,93905440,6732771,0,0,S,93600,100,6732769,6684502,
000011.SZ,000011,20251209,93905460,6732878,0,0,S,93600,300,6732877,6684502,
000011.SZ,000011,20251209,93905470,6732941,0,0,S,93600,200,6732940,6684502,
000011.SZ,000011,20251209,93906200,6737167,0,0,S,93600,100,6737166,6684502,
000011.SZ,000011,20251209,93906200,6737175,0,0,S,93600,700,6737174,6684502,
000011.SZ,000011,20251209,93906200,6737176,0,0,S,93600,300,6737174,6684530,
000011.SZ,000011,20251209,93906210,6737245,0,0,S,93600,100,6737244,6684530,
000011.SZ,000011,20251209,93906240,6737681,0,0,S,93600,100,6737680,6684530,
000011.SZ,000011,20251209,93906390,6739116,0,0,S,93600,100,6739115,6684530,
000011.SZ,000011,20251209,93906400,6739211,C,0, ,0,10600,5802493,0,
000011.SZ,000011,20251209,93906410,6739613,0,0,S,93600,100,6739612,6733721,
000011.SZ,000011,20251209,93906410,6739735,0,0,S,93600,100,6739734,6733721,
000011.SZ,000011,20251209,93906420,6739846,0,0,S,93600,100,6739845,6733721,
000011.SZ,000011,20251209,93906640,6742016,0,0,S,93600,700,6742015,6733721,
000011.SZ,000011,20251209,93912340,6785806,0,0,S,93500,100,6785805,2322170,
000011.SZ,000011,20251209,93912360,6785942,0,0,S,93500,100,6785941,2322170,
000011.SZ,000011,20251209,93915380,6806996,0,0,S,93500,100,6806995,2322170,
000011.SZ,000011,20251209,93916090,6813276,0,0,B,93600,100,6742015,6813275,
000011.SZ,000011,20251209,93916090,6813277,0,0,B,93600,100,6768894,6813275,
000011.SZ,000011,20251209,93916250,6814831,0,0,S,93500,200,6814830,2322170,
000011.SZ,000011,20251209,93916250,6814832,0,0,S,93500,900,6814830,2322502,
000011.SZ,000011,20251209,93916250,6814833,0,0,S,93500,400,6814830,2426309,
000011.SZ,000011,20251209,93916320,6815616,0,0,S,93500,100,6815615,2426309,
000011.SZ,000011,20251209,93916330,6815752,0,0,S,93500,100,6815751,2426309,
000011.SZ,000011,20251209,93916330,6815780,0,0,S,93500,300,6815779,2426309,
000011.SZ,000011,20251209,93916330,6815791,0,0,S,93500,100,6815790,2426309,
000011.SZ,000011,20251209,93917330,6823854,0,0,S,93500,200,6823853,2426309,
000011.SZ,000011,20251209,93917340,6823873,0,0,S,93500,200,6823872,2426309,
000011.SZ,000011,20251209,93917340,6823901,0,0,S,93500,100,6823900,2426309,
000011.SZ,000011,20251209,93917340,6823947,0,0,S,93500,200,6823946,2426309,
000011.SZ,000011,20251209,93917360,6824122,0,0,S,93500,200,6824121,2426309,
000011.SZ,000011,20251209,93917360,6824177,0,0,S,93500,100,6824176,2426309,
000011.SZ,000011,20251209,93917360,6824178,0,0,S,93500,100,6824176,3397626,
000011.SZ,000011,20251209,93917360,6824203,0,0,S,93500,200,6824202,3397626,
000011.SZ,000011,20251209,93917530,6825518,0,0,S,93500,200,6825517,3397626,
000011.SZ,000011,20251209,93918250,6830495,0,0,S,93500,100,6830494,3397626,
000011.SZ,000011,20251209,93918280,6830726,0,0,S,93500,200,6830725,3397626,
000011.SZ,000011,20251209,93918280,6830727,0,0,S,93500,100,6830725,3811860,
000011.SZ,000011,20251209,93918280,6830758,0,0,S,93500,100,6830757,3852789,
000011.SZ,000011,20251209,93918290,6830880,0,0,S,93500,100,6830879,3852789,
000011.SZ,000011,20251209,93918350,6831382,0,0,S,93500,100,6831381,3852789,
000011.SZ,000011,20251209,93918670,6833780,C,0, ,0,200,5064884,0,
000011.SZ,000011,20251209,93919000,6836389,0,0,S,93500,700,6836388,3852789,
000011.SZ,000011,20251209,93919000,6836445,0,0,S,93500,500,6836444,4457717,
000011.SZ,000011,20251209,93919000,6836446,0,0,S,93500,100,6836444,5104030,
000011.SZ,000011,20251209,93919300,6838512,0,0,S,93500,300,6838511,5104030,
000011.SZ,000011,20251209,93919490,6840457,0,0,S,93500,1400,6840456,5104030,
000011.SZ,000011,20251209,93919740,6841990,0,0,S,93500,100,6841989,5104030,
000011.SZ,000011,20251209,93919790,6842366,0,0,S,93500,100,6842365,5104030,
000011.SZ,000011,20251209,93919790,6842367,0,0,S,93500,500,6842365,6023246,
000011.SZ,000011,20251209,93919790,6842368,0,0,S,93500,600,6842365,6065595,
000011.SZ,000011,20251209,93919910,6843028,0,0,B,93600,200,6768894,6843027,
000011.SZ,000011,20251209,93920290,6845575,0,0,S,93500,600,6845574,6065595,
000011.SZ,000011,20251209,93920360,6846350,0,0,S,93500,100,6846349,6065595,
000011.SZ,000011,20251209,93920990,6850196,0,0,S,93500,3000,6850195,6065595,
000011.SZ,000011,20251209,93921220,6851743,0,0,S,93500,200,6851742,6065595,
000011.SZ,000011,20251209,93927070,6892201,C,0, ,0,500,0,6798743,
000011.SZ,000011,20251209,93928070,6898020,0,0,B,93600,300,6768894,6898019,
000011.SZ,000011,20251209,93928070,6898021,0,0,B,93600,200,6778155,6898019,
000011.SZ,000011,20251209,93931080,6917840,0,0,B,93600,1100,6778155,6917839,
000011.SZ,000011,20251209,93931080,6917841,0,0,B,93600,400,6843397,6917839,
000011.SZ,000011,20251209,93931080,6917842,0,0,B,93600,100,6843403,6917839,
000011.SZ,000011,20251209,93931080,6917843,0,0,B,93600,900,6843404,6917839,
000011.SZ,000011,20251209,93931080,6917844,0,0,B,93600,300,6843405,6917839,
000011.SZ,000011,20251209,93931080,6917845,0,0,B,93600,300,6843406,6917839,
000011.SZ,000011,20251209,93931080,6917846,0,0,B,93600,700,6843507,6917839,
000011.SZ,000011,20251209,93931080,6917847,0,0,B,93600,200,6851625,6917839,
000011.SZ,000011,20251209,93931080,6917848,0,0,B,93600,1100,6857556,6917839,
000011.SZ,000011,20251209,93939150,6973034,C,0, ,0,500,0,6552547,
000011.SZ,000011,20251209,93939150,6973036,C,0, ,0,600,0,6760640,
000011.SZ,000011,20251209,93939360,6974741,C,0, ,0,600,6358590,0,
000011.SZ,000011,20251209,93939450,6975408,0,0,S,93500,5800,6975407,6065595,
000011.SZ,000011,20251209,93939450,6975409,0,0,S,93500,100,6975407,6480595,
000011.SZ,000011,20251209,93939450,6975410,0,0,S,93500,2600,6975407,6494964,
000011.SZ,000011,20251209,93939450,6975411,0,0,S,93500,700,6975407,6523318,
000011.SZ,000011,20251209,93939450,6975412,0,0,S,93500,300,6975407,6553497,
000011.SZ,000011,20251209,93939450,6975413,0,0,S,93500,300,6975407,6670840,
000011.SZ,000011,20251209,93939450,6975414,0,0,S,93500,2700,6975407,6676152,
000011.SZ,000011,20251209,93939450,6975415,0,0,S,93500,4600,6975407,6681620,
000011.SZ,000011,20251209,93939450,6975416,0,0,S,93500,200,6975407,6781611,
000011.SZ,000011,20251209,93939450,6975417,0,0,S,93500,1000,6975407,6856880,
000011.SZ,000011,20251209,93939450,6975418,0,0,S,93500,2900,6975407,6878021,
000011.SZ,000011,20251209,93939450,6975419,0,0,S,93500,4000,6975407,6897896,
000011.SZ,000011,20251209,93939450,6975420,0,0,S,93500,2300,6975407,6903542,
000011.SZ,000011,20251209,93939450,6975421,0,0,S,93500,400,6975407,6910858,
000011.SZ,000011,20251209,93939450,6975422,0,0,S,93500,300,6975407,6910866,
000011.SZ,000011,20251209,93942150,6993350,C,0, ,0,300,6910855,0,
000011.SZ,000011,20251209,93942410,6995281,0,0,B,93500,500,6975407,6995280,
000011.SZ,000011,20251209,93946360,7020522,C,0, ,0,600,6976166,0,
000011.SZ,000011,20251209,93946560,7021744,0,0,S,93400,600,7021743,1113752,
000011.SZ,000011,20251209,93951080,7053226,0,0,S,93400,200,7053225,1113752,
000011.SZ,000011,20251209,93955450,7085796,0,0,B,93500,1600,6975407,7085795,
000011.SZ,000011,20251209,93956710,7094466,0,0,B,93500,500,6975407,7094465,
000011.SZ,000011,20251209,93958390,7108887,0,0,S,93400,2100,7108886,1113752,
000011.SZ,000011,20251209,93958390,7108888,0,0,S,93400,500,7108886,1902616,
000011.SZ,000011,20251209,93958390,7108889,0,0,S,93400,300,7108886,1991552,
000011.SZ,000011,20251209,93958390,7108890,0,0,S,93400,400,7108886,1992674,
000011.SZ,000011,20251209,93958390,7108891,0,0,S,93400,1000,7108886,2196997,
000011.SZ,000011,20251209,93958390,7108892,0,0,S,93400,10700,7108886,3165371,
000011.SZ,000011,20251209,93959010,7113369,0,0,B,93500,600,6975407,7113368,
000011.SZ,000011,20251209,93959060,7113650,0,0,B,93500,100,6975407,7113649,
000011.SZ,000011,20251209,94001550,7131342,0,0,B,93500,300,6975407,7131341,
000011.SZ,000011,20251209,94001550,7131362,0,0,B,93500,200,6975407,7131361,
000011.SZ,000011,20251209,94001560,7131397,0,0,B,93500,400,6975407,7131396,
000011.SZ,000011,20251209,94001560,7131399,0,0,B,93500,500,6975407,7131398,
000011.SZ,000011,20251209,94001560,7131401,0,0,B,93500,300,6975407,7131400,
000011.SZ,000011,20251209,94001560,7131403,0,0,B,93500,300,6975407,7131402,
000011.SZ,000011,20251209,94001560,7131405,0,0,B,93500,500,6975407,7131404,
000011.SZ,000011,20251209,94001560,7131407,0,0,B,93500,300,6975407,7131406,
000011.SZ,000011,20251209,94001560,7131409,0,0,B,93500,300,6975407,7131408,
000011.SZ,000011,20251209,94001560,7131411,0,0,B,93500,100,6975407,7131410,
000011.SZ,000011,20251209,94001560,7131413,0,0,B,93500,500,6975407,7131412,
000011.SZ,000011,20251209,94001560,7131415,0,0,B,93500,400,6975407,7131414,
000011.SZ,000011,20251209,94001560,7131417,0,0,B,93500,300,6975407,7131416,
000011.SZ,000011,20251209,94001560,7131419,0,0,B,93500,300,6975407,7131418,
000011.SZ,000011,20251209,94001560,7131421,0,0,B,93500,300,6975407,7131420,
000011.SZ,000011,20251209,94001560,7131423,0,0,B,93500,700,6975407,7131422,
000011.SZ,000011,20251209,94001560,7131427,0,0,B,93500,100,6975407,7131426,
000011.SZ,000011,20251209,94001560,7131446,0,0,B,93500,300,6975407,7131445,
000011.SZ,000011,20251209,94001560,7131448,0,0,B,93500,300,6975407,7131447,
000011.SZ,000011,20251209,94001560,7131450,0,0,B,93500,600,6975407,7131449,
000011.SZ,000011,20251209,94001560,7131453,0,0,B,93500,300,6975407,7131452,
000011.SZ,000011,20251209,94001560,7131476,0,0,B,93500,1200,6975407,7131475,
000011.SZ,000011,20251209,94001560,7131477,0,0,B,93500,100,7031566,7131475,
000011.SZ,000011,20251209,94003140,7141642,C,0, ,0,2100,0,7131478,
000011.SZ,000011,20251209,94003140,7141643,C,0, ,0,900,0,7131475,
000011.SZ,000011,20251209,94003140,7141644,C,0, ,0,2200,0,7131481,
000011.SZ,000011,20251209,94003140,7141645,C,0, ,0,1600,0,7131485,
000011.SZ,000011,20251209,94003140,7141646,C,0, ,0,1600,0,7131479,
000011.SZ,000011,20251209,94003140,7141648,C,0, ,0,1600,0,7131483,
000011.SZ,000011,20251209,94003140,7141649,C,0, ,0,1600,0,7131486,
000011.SZ,000011,20251209,94003140,7141650,C,0, ,0,2200,0,7131484,
000011.SZ,000011,20251209,94003140,7141651,C,0, ,0,1000,0,7131480,
000011.SZ,000011,20251209,94003140,7141652,C,0, ,0,1600,0,7131482,
000011.SZ,000011,20251209,94003140,7141662,C,0, ,0,2200,0,7131489,
000011.SZ,000011,20251209,94004350,7151137,C,0, ,0,1600,6998012,0,
000011.SZ,000011,20251209,94006230,7165943,C,0, ,0,400,6732802,0,
000011.SZ,000011,20251209,94006260,7166183,0,0,S,93500,900,7166182,7138749,
000011.SZ,000011,20251209,94006260,7166185,0,0,S,93500,100,7166184,7138749,
000011.SZ,000011,20251209,94006260,7166186,0,0,S,93500,100,7166184,7148243,
000011.SZ,000011,20251209,94006330,7167106,0,0,S,93500,300,7167105,7148243,
000011.SZ,000011,20251209,94006330,7167107,0,0,S,93500,600,7167105,7165924,
000011.SZ,000011,20251209,94006340,7167312,0,0,S,93500,1300,7167311,7165924,
000011.SZ,000011,20251209,94006350,7167389,0,0,S,93500,100,7167388,7165924,
000011.SZ,000011,20251209,94007370,7178106,C,0, ,0,3000,0,6897628,
000011.SZ,000011,20251209,94007450,7178852,C,0, ,0,1300,7167388,0,
000011.SZ,000011,20251209,94007460,7179013,0,0,B,93500,100,7167730,7179012,
000011.SZ,000011,20251209,94008000,7183897,0,0,B,93500,100,7167730,7183896,
000011.SZ,000011,20251209,94008000,7183898,0,0,B,93500,100,7178202,7183896,
000011.SZ,000011,20251209,94008000,7183931,0,0,S,93500,300,7183930,7183896,
000011.SZ,000011,20251209,94010340,7199648,0,0,S,93500,1000,7199647,7199613,
000011.SZ,000011,20251209,94010620,7201711,C,0, ,0,2700,7148438,0,
000011.SZ,000011,20251209,94010620,7201771,C,0, ,0,800,7148437,0,
000011.SZ,000011,20251209,94010630,7201822,C,0, ,0,2100,7148578,0,
000011.SZ,000011,20251209,94010650,7201934,C,0, ,0,900,7148570,0,
000011.SZ,000011,20251209,94012250,7211950,0,0,S,93500,100,7211949,7211715,
000011.SZ,000011,20251209,94014560,7226618,0,0,S,93500,400,7226617,7211715,
000011.SZ,000011,20251209,94014560,7226619,0,0,S,93500,500,7226617,7211842,
000011.SZ,000011,20251209,94014560,7226620,0,0,S,93500,500,7226617,7212351,
000011.SZ,000011,20251209,94014560,7226621,0,0,S,93500,500,7226617,7212547,
000011.SZ,000011,20251209,94014560,7226645,0,0,B,93500,300,7226617,7226644,
000011.SZ,000011,20251209,94016250,7242584,0,0,B,93500,600,7226617,7242583,
000011.SZ,000011,20251209,94020460,7278947,0,0,B,93500,100,7226617,7278946,
000011.SZ,000011,20251209,94021040,7282950,0,0,B,93500,400,7226617,7282949,
000011.SZ,000011,20251209,94021040,7282961,0,0,B,93500,600,7226617,7282960,
000011.SZ,000011,20251209,94021040,7282962,0,0,B,93500,600,7267143,7282960,
000011.SZ,000011,20251209,94021050,7282996,C,0, ,0,1000,7211750,0,
000011.SZ,000011,20251209,94028360,7333553,0,0,S,93500,1500,7333552,7289242,
000011.SZ,000011,20251209,94028360,7333554,0,0,S,93500,1000,7333552,7304597,
000011.SZ,000011,20251209,94029900,7344871,C,0, ,0,1000,6343404,0,
000011.SZ,000011,20251209,94031710,7359446,0,0,S,93500,200,7359445,7304597,
000011.SZ,000011,20251209,94031710,7359447,0,0,S,93500,1200,7359445,7313794,
