万得代码,交易所代码,自然日,时间,委托编号,交易所委托号,委托类型,委托代码,委托价格,委托数量,
000011.SZ,000011,20251209,91500050,0,1529,0,S,103100,100,
000011.SZ,000011,20251209,91500060,0,3551,0,S,103200,500,
000011.SZ,000011,20251209,91500070,0,6027,0,S,95200,2000,
000011.SZ,000011,20251209,91500070,0,6030,0,S,99300,4000,
000011.SZ,000011,20251209,91500070,0,7212,0,B,90000,1000,
000011.SZ,000011,20251209,91500070,0,7213,0,B,84400,1000,
000011.SZ,000011,20251209,91500070,0,7214,0,S,103200,1000,
000011.SZ,000011,20251209,91500080,0,11442,0,S,101700,1300,
000011.SZ,000011,20251209,91500090,0,13615,0,S,103200,100,
000011.SZ,000011,20251209,91500100,0,18630,0,B,93600,200,
000011.SZ,000011,20251209,91500100,0,19791,0,S,102500,10000,
000011.SZ,000011,20251209,91500110,0,20128,0,B,93900,6100,
000011.SZ,000011,20251209,91500120,0,23657,0,S,95000,1000,
000011.SZ,000011,20251209,91500120,0,23896,0,S,95500,1000,
000011.SZ,000011,20251209,91500120,0,23900,0,S,96000,1000,
000011.SZ,000011,20251209,91500120,0,24123,0,S,96500,1000,
000011.SZ,000011,20251209,91500120,0,24128,0,S,97000,1000,
000011.SZ,000011,20251209,91500120,0,24362,0,S,97500,1000,
000011.SZ,000011,20251209,91500120,0,24365,0,S,98000,1000,
000011.SZ,000011,20251209,91500120,0,24368,0,S,98500,1000,
000011.SZ,000011,20251209,91500120,0,24373,0,S,99000,1000,
000011.SZ,000011,20251209,91500120,0,24375,0,S,99500,1000,
000011.SZ,000011,20251209,91500120,0,24378,0,S,100000,1000,
000011.SZ,000011,20251209,91500120,0,24379,0,S,100500,1000,
000011.SZ,000011,20251209,91500120,0,24380,0,S,101000,1000,
000011.SZ,000011,20251209,91500120,0,24382,0,S,101500,1000,
000011.SZ,000011,20251209,91500120,0,24384,0,S,102000,1000,
000011.SZ,000011,20251209,91500120,0,24385,0,S,102500,1000,
000011.SZ,000011,20251209,91500120,0,24388,0,S,103000,1000,
000011.SZ,000011,20251209,91500130,0,28699,0,S,99400,5000,
000011.SZ,000011,20251209,91500130,0,29048,0,B,85000,1000,
000011.SZ,000011,20251209,91500130,0,29053,0,B,86000,1000,
000011.SZ,000011,20251209,91500140,0,30995,0,S,102700,100,
000011.SZ,000011,20251209,91500140,0,33043,0,B,87000,1000,
000011.SZ,000011,20251209,91500140,0,33045,0,B,88000,1000,
000011.SZ,000011,20251209,91500140,0,33064,0,B,89000,1000,
000011.SZ,000011,20251209,91500140,0,33066,0,B,90000,1000,
000011.SZ,000011,20251209,91500140,0,33068,0,B,90500,1000,
000011.SZ,000011,20251209,91500140,0,33070,0,B,91000,1000,
000011.SZ,000011,20251209,91500140,0,33142,0,B,91500,1000,
000011.SZ,000011,20251209,91500140,0,33144,0,B,92000,1000,
000011.SZ,000011,20251209,91500140,0,33145,0,B,92500,1000,
000011.SZ,000011,20251209,91500140,0,33146,0,B,93000,1000,
000011.SZ,000011,20251209,91500140,0,33147,0,B,93500,1000,
000011.SZ,000011,20251209,91500160,0,38986,0,B,90000,100,
000011.SZ,000011,20251209,91500160,0,39010,0,B,90000,400,
000011.SZ,000011,20251209,91500190,0,46984,0,S,102400,700,
000011.SZ,000011,20251209,91500200,0,51417,0,B,91100,300,
000011.SZ,000011,20251209,91500210,0,52278,0,B,91000,400,
000011.SZ,000011,20251209,91500220,0,55546,0,S,84400,3000,
000011.SZ,000011,20251209,91500240,0,58898,0,S,97600,400,
000011.SZ,000011,20251209,91500270,0,62440,0,S,103200,600,
000011.SZ,000011,20251209,91500270,0,62765,0,B,90000,400,
000011.SZ,000011,20251209,91500300,0,66495,0,S,95100,900,
000011.SZ,000011,20251209,91500300,0,66496,0,S,96100,900,
000011.SZ,000011,20251209,91500300,0,66497,0,S,97100,900,
000011.SZ,000011,20251209,91500300,0,66499,0,S,99100,900,
000011.SZ,000011,20251209,91500300,0,67973,0,B,92500,1000,
000011.SZ,000011,20251209,91500300,0,68077,0,B,92600,1000,
000011.SZ,000011,20251209,91500300,0,68394,0,B,91900,9100,
000011.SZ,000011,20251209,91500310,0,69435,0,B,92600,1000,
000011.SZ,000011,20251209,91500310,0,69452,0,B,92100,1000,
000011.SZ,000011,20251209,91500310,0,69511,0,B,92200,1000,
000011.SZ,000011,20251209,91500320,0,71357,0,B,90000,1500,
000011.SZ,000011,20251209,91500340,0,74371,0,S,103200,2300,
000011.SZ,000011,20251209,91500360,0,76429,0,B,92000,200,
000011.SZ,000011,20251209,91500370,0,77930,0,S,98000,2000,
000011.SZ,000011,20251209,91500370,0,77931,0,S,100000,2000,
000011.SZ,000011,20251209,91500370,0,77933,0,B,88000,2000,
000011.SZ,000011,20251209,91500390,0,79983,0,B,91800,500,
000011.SZ,000011,20251209,91500390,0,79998,0,S,103200,1200,
000011.SZ,000011,20251209,91500390,0,80057,0,B,90100,6000,
000011.SZ,000011,20251209,91500400,0,81885,0,S,94700,500,
000011.SZ,000011,20251209,91500400,0,81886,0,S,97100,1000,
000011.SZ,000011,20251209,91500400,0,81887,0,B,92700,1000,
000011.SZ,000011,20251209,91500400,0,81888,0,B,91700,1500,
000011.SZ,000011,20251209,91500400,0,81976,0,B,92600,800,
000011.SZ,000011,20251209,91500440,0,87028,0,S,101800,800,
000011.SZ,000011,20251209,91500440,0,87050,0,B,90100,600,
000011.SZ,000011,20251209,91500450,0,87348,0,B,91000,300,
000011.SZ,000011,20251209,91500540,0,97205,0,B,92000,5000,
000011.SZ,000011,20251209,91500560,0,99001,0,S,97000,5000,
000011.SZ,000011,20251209,91500620,0,104810,0,S,101800,800,
000011.SZ,000011,20251209,91500620,0,104811,0,B,90100,500,
000011.SZ,000011,20251209,91500620,0,105655,0,B,92600,3200,
000011.SZ,000011,20251209,91500640,0,106797,0,S,95800,1200,
000011.SZ,000011,20251209,91500640,0,107200,0,S,96000,800,
000011.SZ,000011,20251209,91500640,0,107213,0,S,97000,800,
000011.SZ,000011,20251209,91500640,0,107214,0,S,98000,800,
000011.SZ,000011,20251209,91500640,0,107215,0,S,99000,800,
000011.SZ,000011,20251209,91500640,0,107216,0,B,93000,800,
000011.SZ,000011,20251209,91500660,0,108942,0,S,103000,100,
000011.SZ,000011,20251209,91500670,0,110550,0,S,100500,300,
000011.SZ,000011,20251209,91500680,0,111425,0,B,90900,700,
000011.SZ,000011,20251209,91500720,0,114686,0,S,99900,2000,
000011.SZ,000011,20251209,91500780,0,119246,0,S,95300,1500,
000011.SZ,000011,20251209,91500780,0,119247,0,S,96400,1500,
000011.SZ,000011,20251209,91500790,0,120062,0,B,88800,300,
000011.SZ,000011,20251209,91500790,0,120063,0,B,85300,300,
000011.SZ,000011,20251209,91500790,0,120064,0,S,97000,300,
000011.SZ,000011,20251209,91500790,0,120065,0,S,101100,300,
000011.SZ,000011,20251209,91500830,0,123099,0,B,89100,10000,
000011.SZ,000011,20251209,91500870,0,125619,0,S,97500,300,
000011.SZ,000011,20251209,91500910,0,128195,0,S,98100,900,
000011.SZ,000011,20251209,91500920,0,128573,0,S,100000,500,
000011.SZ,000011,20251209,91501050,0,137448,0,B,90000,3000,
000011.SZ,000011,20251209,91501050,0,137449,0,S,100000,3000,
000011.SZ,000011,20251209,91501090,0,139924,0,S,103200,900,
000011.SZ,000011,20251209,91501120,0,142090,0,S,96800,6800,
000011.SZ,000011,20251209,91501170,0,145311,0,S,94700,2000,
000011.SZ,000011,20251209,91501190,0,146985,0,B,92500,600,
000011.SZ,000011,20251209,91501210,0,148077,0,B,90000,4900,
000011.SZ,000011,20251209,91501260,0,150906,0,B,91700,700,
000011.SZ,000011,20251209,91501260,0,150918,0,S,103000,1700,
000011.SZ,000011,20251209,91501320,0,153924,0,B,93100,2000,
000011.SZ,000011,20251209,91501350,0,155412,0,S,103200,7300,
000011.SZ,000011,20251209,91501390,0,157582,0,S,98300,1300,
000011.SZ,000011,20251209,91501440,0,160675,0,S,103200,5000,
000011.SZ,000011,20251209,91501440,0,160676,0,S,100600,3000,
000011.SZ,000011,20251209,91501440,0,160677,0,S,98900,2000,
000011.SZ,000011,20251209,91501440,0,160678,0,S,99500,3000,
000011.SZ,000011,20251209,91501440,0,160679,0,S,99900,4000,
000011.SZ,000011,20251209,91501470,0,163014,0,S,97800,200,
000011.SZ,000011,20251209,91501490,0,164249,0,S,93300,1000,
000011.SZ,000011,20251209,91501490,0,164250,0,S,95800,2000,
000011.SZ,000011,20251209,91501510,0,165788,0,S,99800,4600,
000011.SZ,000011,20251209,91501540,0,167865,0,S,103200,500,
000011.SZ,000011,20251209,91501590,0,171522,0,S,103000,1500,
000011.SZ,000011,20251209,91501590,0,171546,0,S,102000,1000,
000011.SZ,000011,20251209,91501590,0,171591,0,S,101000,1000,
000011.SZ,000011,20251209,91501620,0,172784,0,S,99600,49100,
000011.SZ,000011,20251209,91501630,0,173169,0,S,96100,500,
000011.SZ,000011,20251209,91501650,0,174600,0,B,92000,800,
000011.SZ,000011,20251209,91501650,0,174615,0,B,91000,500,
000011.SZ,000011,20251209,91501650,0,174621,0,B,90000,500,
000011.SZ,000011,20251209,91501650,0,174669,0,B,88000,1000,
000011.SZ,000011,20251209,91501650,0,174700,0,B,86000,1000,
000011.SZ,000011,20251209,91501840,0,183623,0,B,91300,1400,
000011.SZ,000011,20251209,91501870,0,184875,0,S,96200,300,
000011.SZ,000011,20251209,91501870,0,185234,0,S,97500,1000,
000011.SZ,000011,20251209,91501870,0,185286,0,S,98600,1000,
000011.SZ,000011,20251209,91501930,0,187413,0,B,93800,100,
000011.SZ,000011,20251209,91502030,0,192668,0,S,103000,10000,
000011.SZ,000011,20251209,91502030,0,192727,0,B,93900,2200,
000011.SZ,000011,20251209,91502100,0,195492,0,B,86600,10000,
000011.SZ,000011,20251209,91502120,0,196209,0,B,92800,8800,
000011.SZ,000011,20251209,91502130,0,196252,0,S,103200,500,
000011.SZ,000011,20251209,91502130,0,196255,0,S,102900,500,
000011.SZ,000011,20251209,91502130,0,196256,0,S,102200,500,
000011.SZ,000011,20251209,91502160,0,197714,0,S,103200,1100,
000011.SZ,000011,20251209,91502190,0,199162,0,B,91000,2000,
000011.SZ,000011,20251209,91502260,0,202077,0,S,96800,10000,
000011.SZ,000011,20251209,91502320,0,204332,0,S,103200,400,
000011.SZ,000011,20251209,91502490,0,210278,0,S,99000,2500,
000011.SZ,000011,20251209,91502490,0,210279,0,S,102000,2500,
000011.SZ,000011,20251209,91502560,0,213572,0,B,92100,500,
000011.SZ,000011,20251209,91502590,0,214932,0,S,94500,200,
000011.SZ,000011,20251209,91502730,0,220065,0,S,103200,300,
000011.SZ,000011,20251209,91502780,0,221080,0,S,101700,15000,
000011.SZ,000011,20251209,91502810,0,221765,0,S,100000,3500,
000011.SZ,000011,20251209,91503020,0,227647,0,S,103200,1100,
000011.SZ,000011,20251209,91503050,0,228243,0,S,98000,600,
000011.SZ,000011,20251209,91503050,0,228244,0,S,100000,600,
000011.SZ,000011,20251209,91503140,0,230457,0,S,95300,500,
000011.SZ,000011,20251209,91503150,0,230729,0,S,103200,500,
000011.SZ,000011,20251209,91503390,0,235734,0,S,101200,600,
000011.SZ,000011,20251209,91503430,0,236864,0,S,99300,100,
000011.SZ,000011,20251209,91503840,0,246569,0,B,93900,200,
000011.SZ,000011,20251209,91503860,0,246734,0,B,90900,1200,
000011.SZ,000011,20251209,91503930,0,247877,0,S,103200,100,
000011.SZ,000011,20251209,91503940,0,247994,0,S,95300,1000,
000011.SZ,000011,20251209,91503940,0,247995,0,S,96300,1000,
000011.SZ,000011,20251209,91503940,0,247997,0,B,92100,1000,
000011.SZ,000011,20251209,91503940,0,247998,0,B,91100,1000,
000011.SZ,000011,20251209,91504010,0,249388,0,S,99800,2000,
000011.SZ,000011,20251209,91504010,0,249389,0,S,102900,2000,
000011.SZ,000011,20251209,91504110,0,250469,0,S,99100,1600,
000011.SZ,000011,20251209,91504170,0,251480,0,S,103200,3000,
000011.SZ,000011,20251209,91504230,0,252335,0,B,93600,9000,
000011.SZ,000011,20251209,91505010,0,261018,0,S,103200,100,
000011.SZ,000011,20251209,91505010,0,261052,0,B,88000,300,
000011.SZ,000011,20251209,91505210,0,262522,0,S,103200,1000,
000011.SZ,000011,20251209,91505220,0,262605,0,B,90000,800,
000011.SZ,000011,20251209,91505350,0,263288,0,S,101900,10100,
000011.SZ,000011,20251209,91505350,0,263351,0,S,98000,200,
000011.SZ,000011,20251209,91506100,0,268796,0,B,92500,300,
000011.SZ,000011,20251209,91512200,0,283526,0,S,103200,1100,
000011.SZ,000011,20251209,91513500,0,284432,0,S,96000,100,
000011.SZ,000011,20251209,91513500,0,284433,0,B,92000,100,
000011.SZ,000011,20251209,91518020,0,285811,0,S,96900,100,
000011.SZ,000011,20251209,91518020,0,285813,0,B,88900,100,
000011.SZ,000011,20251209,91549940,0,293498,0,S,96900,1000,
000011.SZ,000011,20251209,91549940,0,293499,0,B,92100,1000,
000011.SZ,000011,20251209,91554220,0,294767,0,S,96400,500,
000011.SZ,000011,20251209,91615780,0,301801,0,S,99800,3300,
000011.SZ,000011,20251209,91624910,0,304263,0,B,90500,1000,
000011.SZ,000011,20251209,91642410,0,309240,0,B,85000,100,
000011.SZ,000011,20251209,91738200,0,325703,0,S,97100,900,
000011.SZ,000011,20251209,91747600,0,328601,0,S,103200,1000,
000011.SZ,000011,20251209,91757960,0,331896,0,S,96200,8000,
000011.SZ,000011,20251209,91835430,0,344510,0,S,97200,100,
000011.SZ,000011,20251209,91836400,0,344856,0,B,93400,10000,
000011.SZ,000011,20251209,91856070,0,352165,0,S,99800,2200,
000011.SZ,000011,20251209,91856900,0,352468,0,S,93500,1000,
000011.SZ,000011,20251209,91910090,0,357639,0,B,93000,500,
000011.SZ,000011,20251209,91921370,0,361923,0,S,103200,3100,
000011.SZ,000011,20251209,91929250,0,364999,0,S,103200,100,
000011.SZ,000011,20251209,91932150,0,366131,0,B,88000,100,
000011.SZ,000011,20251209,91932720,0,366370,0,S,96700,1000,
000011.SZ,000011,20251209,92016650,0,383634,0,S,90000,1000,
000011.SZ,000011,20251209,92025060,0,386611,0,S,94700,10000,
000011.SZ,000011,20251209,92029000,0,388014,0,S,90000,1000,
000011.SZ,000011,20251209,92046320,0,394211,0,S,96600,100,
000011.SZ,000011,20251209,92046390,0,394241,0,S,95000,100,
000011.SZ,000011,20251209,92100990,0,399698,0,S,93500,1000,
000011.SZ,000011,20251209,92101630,0,399953,0,S,95500,100,
000011.SZ,000011,20251209,92118040,0,406229,0,S,93500,1000,
000011.SZ,000011,20251209,92121500,0,407570,0,S,102900,5000,
000011.SZ,000011,20251209,92126710,0,409559,0,S,96000,100,
000011.SZ,000011,20251209,92130530,0,410992,0,S,103100,5500,
000011.SZ,000011,20251209,92139290,0,414550,0,S,95500,100,
000011.SZ,000011,20251209,92142270,0,415695,0,B,92300,2000,
000011.SZ,000011,20251209,92144580,0,416595,0,S,96000,1000,
000011.SZ,000011,20251209,92147070,0,417718,0,B,92600,400,
000011.SZ,000011,20251209,92147700,0,417977,0,B,92300,2000,
000011.SZ,000011,20251209,92153990,0,420554,0,S,96500,100,
000011.SZ,000011,20251209,92200350,0,423201,0,S,84500,100,
000011.SZ,000011,20251209,92201200,0,423777,0,B,103200,200,
000011.SZ,000011,20251209,92207170,0,426549,0,S,97000,100,
000011.SZ,000011,20251209,92215880,0,430206,0,S,101000,2000,
000011.SZ,000011,20251209,92220130,0,432026,0,S,95000,4900,
000011.SZ,000011,20251209,92220590,0,432221,0,S,99800,6900,
000011.SZ,000011,20251209,92230320,0,436495,0,S,95000,500,
000011.SZ,000011,20251209,92234060,0,438144,0,S,98600,500,
000011.SZ,000011,20251209,92241020,0,441280,0,S,93500,1000,
000011.SZ,000011,20251209,92247430,0,444266,0,S,98700,800,
000011.SZ,000011,20251209,92251980,0,446429,0,S,101400,100,
000011.SZ,000011,20251209,92257840,0,449235,0,B,93500,4000,
000011.SZ,000011,20251209,92300580,0,450553,0,S,93500,1000,
000011.SZ,000011,20251209,92302520,0,451541,0,B,92500,800,
000011.SZ,000011,20251209,92316270,0,458378,0,B,93700,3200,
000011.SZ,000011,20251209,92320300,0,460456,0,B,93300,1000,
000011.SZ,000011,20251209,92326790,0,463955,0,S,103000,300,
000011.SZ,000011,20251209,92351950,0,478350,0,S,94400,1000,
000011.SZ,000011,20251209,92359090,0,482620,0,S,93800,3900,
000011.SZ,000011,20251209,92406950,0,488131,0,S,94700,1000,
000011.SZ,000011,20251209,92430430,0,508106,0,S,84400,3000,
000011.SZ,000011,20251209,92432330,0,509962,0,B,93800,3400,
000011.SZ,000011,20251209,92433220,0,510758,0,S,93700,3000,
000011.SZ,000011,20251209,92442120,0,520265,0,S,93700,1500,
000011.SZ,000011,20251209,92445150,0,523342,0,B,93800,2900,
000011.SZ,000011,20251209,92448090,0,526636,0,B,94000,500,
000011.SZ,000011,20251209,92448380,0,526981,0,S,96600,2300,
000011.SZ,000011,20251209,92448570,0,527249,0,S,93800,4000,
000011.SZ,000011,20251209,92449710,0,528908,0,S,91800,300,
000011.SZ,000011,20251209,92449860,0,529126,0,S,91800,300,
000011.SZ,000011,20251209,92451310,0,531875,0,S,91800,300,
000011.SZ,000011,20251209,92452040,0,532965,0,B,93800,300,
000011.SZ,000011,20251209,92452820,0,533974,0,B,103200,100,
000011.SZ,000011,20251209,92453320,0,534740,0,S,93700,1500,
000011.SZ,000011,20251209,92453590,0,535260,0,S,84400,3000,
000011.SZ,000011,20251209,92454890,0,537360,0,S,93900,300,
000011.SZ,000011,20251209,92457170,0,543601,0,B,92800,3000,
000011.SZ,000011,20251209,92458860,0,549643,0,S,90900,1600,
000011.SZ,000011,20251209,92459690,0,553320,0,S,91300,200,
000011.SZ,000011,20251209,92459780,0,553601,0,B,94600,100,
000011.SZ,000011,20251209,92459820,0,553802,0,B,98500,10100,
000011.SZ,000011,20251209,93000040,0,664188,0,B,91800,5400,
000011.SZ,000011,20251209,93000060,0,680223,0,S,94600,400,
000011.SZ,000011,20251209,93000090,0,692379,0,S,94000,1000,
000011.SZ,000011,20251209,93000120,0,709312,0,B,93700,100,
000011.SZ,000011,20251209,93000150,0,726138,0,B,93100,800,
000011.SZ,000011,20251209,93000180,0,741756,0,B,93800,3100,
000011.SZ,000011,20251209,93000190,0,744758,0,B,93100,8300,
000011.SZ,000011,20251209,93000200,0,751182,0,S,95900,13900,
000011.SZ,000011,20251209,93000220,0,760282,0,S,93800,2100,
000011.SZ,000011,20251209,93000230,0,761423,0,B,93800,100,
000011.SZ,000011,20251209,93000270,0,776365,0,S,94600,3600,
000011.SZ,000011,20251209,93000270,0,777881,0,S,94600,10000,
000011.SZ,000011,20251209,93000310,0,789714,0,S,94500,42200,
000011.SZ,000011,20251209,93000320,0,792288,0,S,94500,4800,
000011.SZ,000011,20251209,93000330,0,795895,0,B,93000,500,
000011.SZ,000011,20251209,93000330,0,796607,0,S,94500,500,
000011.SZ,000011,20251209,93000430,0,816281,0,S,103200,3200,
000011.SZ,000011,20251209,93000440,0,817022,0,S,93700,200,
000011.SZ,000011,20251209,93000470,0,823086,0,B,93500,100,
000011.SZ,000011,20251209,93000510,0,829434,0,B,93000,10000,
000011.SZ,000011,20251209,93000520,0,830749,0,B,93900,100,
000011.SZ,000011,20251209,93000640,0,850349,0,B,93800,200,
000011.SZ,000011,20251209,93000650,0,852014,0,B,93800,600,
000011.SZ,000011,20251209,93000670,0,855976,0,S,93800,900,
000011.SZ,000011,20251209,93000690,0,859125,0,B,93100,1000,
000011.SZ,000011,20251209,93000710,0,862610,0,S,94500,2000,
000011.SZ,000011,20251209,93000710,0,862830,0,S,94900,2000,
000011.SZ,000011,20251209,93000720,0,863076,0,B,93500,2000,
000011.SZ,000011,20251209,93000720,0,864226,0,S,93800,900,
000011.SZ,000011,20251209,93000750,0,869341,0,S,102300,15000,
000011.SZ,000011,20251209,93000880,0,888297,0,B,93800,700,
000011.SZ,000011,20251209,93000880,0,888515,0,S,103200,2000,
000011.SZ,000011,20251209,93000890,0,890487,0,S,94500,3400,
000011.SZ,000011,20251209,93000900,0,892197,0,B,93800,600,
000011.SZ,000011,20251209,93001000,0,906981,0,S,94400,1000,
000011.SZ,000011,20251209,93001060,0,914901,0,B,92100,200,
000011.SZ,000011,20251209,93001100,0,920502,0,B,92800,300,
000011.SZ,000011,20251209,93001190,0,930273,0,S,103200,300,
000011.SZ,000011,20251209,93001300,0,940374,0,B,93800,600,
000011.SZ,000011,20251209,93001340,0,942957,0,B,93700,4000,
000011.SZ,000011,20251209,93001380,0,946652,0,S,103200,20000,
000011.SZ,000011,20251209,93001510,0,957343,0,S,95100,100000,
000011.SZ,000011,20251209,93001540,0,959738,0,S,93800,200,
000011.SZ,000011,20251209,93001540,0,959829,0,B,92900,5000,
000011.SZ,000011,20251209,93001570,0,962464,0,B,93800,500,
000011.SZ,000011,20251209,93001590,0,964680,0,S,93700,600,
000011.SZ,000011,20251209,93001610,0,965782,0,B,93700,400,
000011.SZ,000011,20251209,93001820,0,985731,0,B,93800,700,
000011.SZ,000011,20251209,93001900,0,993047,0,S,96300,1000,
000011.SZ,000011,20251209,93001920,0,995299,0,S,94600,9200,
000011.SZ,000011,20251209,93001930,0,996308,0,S,95000,200,
000011.SZ,000011,20251209,93001950,0,997779,0,B,93800,700,
000011.SZ,000011,20251209,93001980,0,1001456,0,B,93800,2100,
000011.SZ,000011,20251209,93002020,0,1005943,0,S,93800,600,
000011.SZ,000011,20251209,93002060,0,1009486,0,B,93700,100,
000011.SZ,000011,20251209,93002140,0,1015440,0,B,92800,500,
000011.SZ,000011,20251209,93002520,0,1037729,0,S,93700,300,
000011.SZ,000011,20251209,93002630,0,1045613,0,S,93800,100,
000011.SZ,000011,20251209,93002640,0,1046184,0,S,93700,100,
000011.SZ,000011,20251209,93002640,0,1046302,0,S,93700,100,
000011.SZ,000011,20251209,93002660,0,1048342,0,S,93700,200,
000011.SZ,000011,20251209,93002670,0,1048445,0,S,93700,100,
000011.SZ,000011,20251209,93002670,0,1048833,0,S,94500,500,
000011.SZ,000011,20251209,93002730,0,1051950,0,B,88000,500,
000011.SZ,000011,20251209,93002860,0,1060499,0,B,93800,4500,
000011.SZ,000011,20251209,93002960,0,1067215,0,S,96000,200,
000011.SZ,000011,20251209,93002980,0,1067916,0,S,93800,400,
000011.SZ,000011,20251209,93003020,0,1071032,0,B,92700,500,
000011.SZ,000011,20251209,93003030,0,1072114,0,B,84400,1000,
000011.SZ,000011,20251209,93003030,0,1072275,0,S,93800,200,
000011.SZ,000011,20251209,93003050,0,1073904,0,S,94900,500,
000011.SZ,000011,20251209,93003100,0,1076425,0,S,93700,100,
000011.SZ,000011,20251209,93003110,0,1077185,0,B,90700,3000,
000011.SZ,000011,20251209,93003120,0,1078037,0,S,93600,100,
000011.SZ,000011,20251209,93003140,0,1079381,0,S,93800,200,
000011.SZ,000011,20251209,93003160,0,1080556,0,B,93900,300,
000011.SZ,000011,20251209,93003170,0,1080725,0,S,93700,400,
000011.SZ,000011,20251209,93003170,0,1080735,0,S,93700,200,
000011.SZ,000011,20251209,93003170,0,1081358,0,S,93700,100,
000011.SZ,000011,20251209,93003180,0,1081508,0,S,93900,300,
000011.SZ,000011,20251209,93003180,0,1081531,0,S,93900,300,
000011.SZ,000011,20251209,93003180,0,1081538,0,S,93900,300,
000011.SZ,000011,20251209,93003180,0,1081557,0,S,93800,1900,
000011.SZ,000011,20251209,93003180,0,1081561,0,S,93900,100,
000011.SZ,000011,20251209,93003180,0,1081563,0,S,93900,300,
000011.SZ,000011,20251209,93003180,0,1081685,0,S,93900,100,
000011.SZ,000011,20251209,93003180,0,1081696,0,S,93900,300,
000011.SZ,000011,20251209,93003180,0,1081730,0,S,93800,200,
000011.SZ,000011,20251209,93003180,0,1081753,0,S,93900,300,
000011.SZ,000011,20251209,93003180,0,1081906,0,S,93900,300,
000011.SZ,000011,20251209,93003190,0,1082004,0,B,94700,200,
000011.SZ,000011,20251209,93003190,0,1082202,0,S,93900,300,
000011.SZ,000011,20251209,93003190,0,1082259,0,S,93900,100,
000011.SZ,000011,20251209,93003190,0,1082382,0,S,93800,600,
000011.SZ,000011,20251209,93003250,0,1085007,0,S,103200,4000,
000011.SZ,000011,20251209,93003280,0,1086226,0,S,93900,300,
000011.SZ,000011,20251209,93003420,0,1092811,0,S,95500,1000,
000011.SZ,000011,20251209,93003440,0,1094272,0,S,95100,500,
000011.SZ,000011,20251209,93003540,0,1098959,0,B,93000,1300,
000011.SZ,000011,20251209,93003680,0,1107790,0,S,94900,500,
000011.SZ,000011,20251209,93003790,0,1113752,0,B,93400,5100,
000011.SZ,000011,20251209,93003800,0,1114559,0,S,94900,8200,
000011.SZ,000011,20251209,93003900,0,1118920,0,S,93900,100,
000011.SZ,000011,20251209,93003910,0,1119173,0,S,93800,100,
000011.SZ,000011,20251209,93004480,0,1145675,0,S,93800,100,
000011.SZ,000011,20251209,93004520,0,1146690,0,B,92300,100,
000011.SZ,000011,20251209,93004520,0,1146708,0,S,103200,200,
000011.SZ,000011,20251209,93004530,0,1146820,0,S,93900,400,
000011.SZ,000011,20251209,93004540,0,1147147,0,S,93900,200,
000011.SZ,000011,20251209,93004540,0,1147175,0,S,93900,300,
000011.SZ,000011,20251209,93004660,0,1153009,0,S,96000,500,
000011.SZ,000011,20251209,93004670,0,1153630,0,S,103200,3100,
000011.SZ,000011,20251209,93004690,0,1154661,0,S,93800,100,
000011.SZ,000011,20251209,93004730,0,1156319,0,S,93700,100,
000011.SZ,000011,20251209,93004890,0,1161692,0,B,93800,2900,
000011.SZ,000011,20251209,93004900,0,1162321,0,S,93900,600,
000011.SZ,000011,20251209,93004930,0,1163369,0,B,93800,400,
000011.SZ,000011,20251209,93005190,0,1174773,0,S,97900,100,
000011.SZ,000011,20251209,93005420,0,1180039,0,S,103200,2100,
000011.SZ,000011,20251209,93005610,0,1184662,0,B,93800,600,
000011.SZ,000011,20251209,93005690,0,1188255,0,S,93800,100,
000011.SZ,000011,20251209,93005830,0,1191185,0,S,93800,100,
000011.SZ,000011,20251209,93005960,0,1195207,0,S,95000,600,
000011.SZ,000011,20251209,93006120,0,1201809,0,S,93800,2200,
000011.SZ,000011,20251209,93006150,0,1202903,0,S,93800,200,
000011.SZ,000011,20251209,93006150,0,1202909,0,S,93800,200,
000011.SZ,000011,20251209,93006150,0,1202912,0,S,93800,400,
000011.SZ,000011,20251209,93006150,0,1202915,0,S,93800,200,
000011.SZ,000011,20251209,93006150,0,1202918,0,S,93800,200,
000011.SZ,000011,20251209,93006150,0,1202923,0,S,93800,100,
000011.SZ,000011,20251209,93006150,0,1202943,0,S,93800,200,
000011.SZ,000011,20251209,93006150,0,1202979,0,S,93800,300,
000011.SZ,000011,20251209,93006150,0,1203026,0,S,93800,1300,
000011.SZ,000011,20251209,93006150,0,1203079,0,S,93800,300,
000011.SZ,000011,20251209,93006150,0,1203160,0,S,93800,200,
000011.SZ,000011,20251209,93006150,0,1203169,0,S,93800,1300,
000011.SZ,000011,20251209,93006150,0,1203215,0,S,93800,300,
000011.SZ,000011,20251209,93006160,0,1203470,0,S,93800,1300,
000011.SZ,000011,20251209,93006160,0,1203490,0,S,93800,200,
000011.SZ,000011,20251209,93006180,0,1205009,0,S,93700,100,
000011.SZ,000011,20251209,93006180,0,1205267,0,S,93800,1300,
000011.SZ,000011,20251209,93006180,0,1205314,0,B,93600,100,
000011.SZ,000011,20251209,93006190,0,1205627,0,B,93600,100,
000011.SZ,000011,20251209,93006200,0,1205768,0,S,93800,500,
000011.SZ,000011,20251209,93006200,0,1205774,0,S,93800,600,
000011.SZ,000011,20251209,93006200,0,1206028,0,B,93600,100,
000011.SZ,000011,20251209,93006200,0,1206040,0,B,93900,100,
000011.SZ,000011,20251209,93006200,0,1206118,0,B,93600,100,
000011.SZ,000011,20251209,93006210,0,1206203,0,B,93600,100,
000011.SZ,000011,20251209,93006210,0,1206215,0,S,93800,200,
000011.SZ,000011,20251209,93006210,0,1206248,0,B,93600,100,
000011.SZ,000011,20251209,93006210,0,1206328,0,S,93700,1600,
000011.SZ,000011,20251209,93006210,0,1206332,0,S,93700,1700,
000011.SZ,000011,20251209,93006220,0,1206373,0,S,93800,900,
000011.SZ,000011,20251209,93006250,0,1207213,0,B,93600,100,
000011.SZ,000011,20251209,93006250,0,1207274,0,S,93800,400,
000011.SZ,000011,20251209,93006250,0,1207280,0,S,93800,200,
000011.SZ,000011,20251209,93006250,0,1207286,0,S,93800,600,
000011.SZ,000011,20251209,93006260,0,1207355,0,S,93800,1300,
000011.SZ,000011,20251209,93006300,0,1208559,0,S,93800,200,
000011.SZ,000011,20251209,93006740,0,1221796,0,B,93600,100,
000011.SZ,000011,20251209,93006780,0,1223379,0,S,93800,100,
000011.SZ,000011,20251209,93006820,0,1224520,0,S,95300,10000,
000011.SZ,000011,20251209,93006820,0,1224527,0,S,93800,100,
000011.SZ,000011,20251209,93006820,0,1224557,0,S,93800,800,
000011.SZ,000011,20251209,93006940,0,1227720,0,S,93800,100,
000011.SZ,000011,20251209,93006940,0,1227880,0,S,93800,800,
000011.SZ,000011,20251209,93007020,0,1230244,0,B,93600,100,
000011.SZ,000011,20251209,93007060,0,1232301,0,S,93800,700,
000011.SZ,000011,20251209,93007070,0,1232337,0,S,93800,100,
000011.SZ,000011,20251209,93007110,0,1233552,0,S,93800,100,
000011.SZ,000011,20251209,93007170,0,1234608,0,B,92700,500,
000011.SZ,000011,20251209,93007380,0,1239664,0,B,93800,200,
000011.SZ,000011,20251209,93007540,0,1243484,0,B,93900,100,
000011.SZ,000011,20251209,93007550,0,1243531,0,S,93900,100,
000011.SZ,000011,20251209,93007620,0,1245559,0,B,93600,100,
000011.SZ,000011,20251209,93007620,0,1245565,0,B,93600,100,
000011.SZ,000011,20251209,93007630,0,1245593,0,B,93600,100,
000011.SZ,000011,20251209,93007670,0,1247052,0,S,93900,100,
000011.SZ,000011,20251209,93007940,0,1252992,0,S,94600,500,
000011.SZ,000011,20251209,93008290,0,1259725,0,B,93600,100,
000011.SZ,000011,20251209,93008320,0,1259955,0,S,93800,100,
000011.SZ,000011,20251209,93008440,0,1262147,0,S,93800,300,
000011.SZ,000011,20251209,93008530,0,1263454,0,S,93800,100,
000011.SZ,000011,20251209,93008580,0,1264110,0,B,93800,2500,
000011.SZ,000011,20251209,93008630,0,1264660,0,B,93600,100,
000011.SZ,000011,20251209,93008700,0,1266083,0,S,93800,100,
000011.SZ,000011,20251209,93008740,0,1266555,0,B,93600,100,
000011.SZ,000011,20251209,93008860,0,1268112,0,S,93800,100,
000011.SZ,000011,20251209,93008970,0,1269880,0,S,93800,1200,
000011.SZ,000011,20251209,93008970,0,1269882,0,S,93800,100,
000011.SZ,000011,20251209,93008970,0,1269883,0,S,93800,100,
000011.SZ,000011,20251209,93008990,0,1270158,0,S,93800,1200,
000011.SZ,000011,20251209,93008990,0,1270159,0,S,93800,200,
000011.SZ,000011,20251209,93009020,0,1270905,0,B,93700,100,
000011.SZ,000011,20251209,93009020,0,1270907,0,B,93800,800,
000011.SZ,000011,20251209,93009150,0,1273121,0,S,93700,400,
000011.SZ,000011,20251209,93009150,0,1273136,0,S,93700,200,
000011.SZ,000011,20251209,93009150,0,1273156,0,S,93700,100,
000011.SZ,000011,20251209,93009150,0,1273158,0,S,93700,100,
000011.SZ,000011,20251209,93009150,0,1273160,0,S,93700,100,
000011.SZ,000011,20251209,93009150,0,1273184,0,S,93700,100,
000011.SZ,000011,20251209,93009150,0,1273236,0,S,93700,100,
000011.SZ,000011,20251209,93009150,0,1273252,0,S,93700,100,
000011.SZ,000011,20251209,93009150,0,1273286,0,S,93700,100,
000011.SZ,000011,20251209,93009150,0,1273330,0,S,93700,100,
000011.SZ,000011,20251209,93009150,0,1273332,0,S,93700,100,
000011.SZ,000011,20251209,93009150,0,1273345,0,S,93700,100,
000011.SZ,000011,20251209,93009160,0,1273375,0,S,93700,100,
000011.SZ,000011,20251209,93009160,0,1273428,0,S,93700,100,
000011.SZ,000011,20251209,93009160,0,1273448,0,S,93700,100,
000011.SZ,000011,20251209,93009160,0,1273463,0,S,93700,100,
000011.SZ,000011,20251209,93009160,0,1273567,0,S,93700,500,
000011.SZ,000011,20251209,93009160,0,1273573,0,S,93700,400,
000011.SZ,000011,20251209,93009170,0,1273576,0,S,93700,500,
000011.SZ,000011,20251209,93009170,0,1273707,0,S,93700,100,
000011.SZ,000011,20251209,93009190,0,1274696,0,S,93700,200,
000011.SZ,000011,20251209,93009250,0,1276093,0,S,93800,600,
000011.SZ,000011,20251209,93009420,0,1281236,0,B,92700,100,
000011.SZ,000011,20251209,93009430,0,1281294,0,B,92600,500,
000011.SZ,000011,20251209,93009470,0,1282222,0,S,93700,100,
000011.SZ,000011,20251209,93009490,0,1282421,0,S,93700,100,
000011.SZ,000011,20251209,93009520,0,1282890,0,S,93700,3000,
000011.SZ,000011,20251209,93009590,0,1283901,0,S,93600,300,
000011.SZ,000011,20251209,93009610,0,1284390,0,B,92500,500,
000011.SZ,000011,20251209,93009670,0,1286056,0,B,93600,100,
000011.SZ,000011,20251209,93009670,0,1286106,0,B,93600,100,
000011.SZ,000011,20251209,93009690,0,1286697,0,S,93800,700,
000011.SZ,000011,20251209,93009840,0,1290816,0,S,93800,400,
000011.SZ,000011,20251209,93010080,0,1294695,0,S,93800,400,
000011.SZ,000011,20251209,93010360,0,1299936,0,B,93600,100,
000011.SZ,000011,20251209,93010390,0,1300444,0,S,93800,1700,
000011.SZ,000011,20251209,93010510,0,1303212,0,B,93600,100,
000011.SZ,000011,20251209,93010640,0,1305485,0,B,93800,2400,
000011.SZ,000011,20251209,93010670,0,1306132,0,B,92000,400,
000011.SZ,000011,20251209,93010760,0,1307808,0,B,93700,1600,
000011.SZ,000011,20251209,93010870,0,1309313,0,B,93700,2400,
000011.SZ,000011,20251209,93011530,0,1316466,0,B,93600,100,
000011.SZ,000011,20251209,93011930,0,1320781,0,S,93700,300,
000011.SZ,000011,20251209,93011970,0,1321113,0,S,93600,600,
000011.SZ,000011,20251209,93012030,0,1321793,0,S,93700,600,
000011.SZ,000011,20251209,93012150,0,1323292,0,S,93600,100,
000011.SZ,000011,20251209,93012150,0,1323331,0,S,93700,1000,
000011.SZ,000011,20251209,93012160,0,1323511,0,S,93700,1000,
000011.SZ,000011,20251209,93012170,0,1323830,0,S,93800,100,
000011.SZ,000011,20251209,93012170,0,1323951,0,S,93700,400,
000011.SZ,000011,20251209,93012190,0,1324162,0,S,93700,500,
000011.SZ,000011,20251209,93012200,0,1325157,0,S,93700,900,
000011.SZ,000011,20251209,93012370,0,1327939,0,S,93800,100,
000011.SZ,000011,20251209,93012500,0,1330710,0,S,93700,600,
000011.SZ,000011,20251209,93012570,0,1332056,0,S,93600,700,
000011.SZ,000011,20251209,93012580,0,1332318,0,B,93600,100,
000011.SZ,000011,20251209,93012590,0,1332450,0,B,93600,100,
000011.SZ,000011,20251209,93012590,0,1332564,0,S,93700,100,
000011.SZ,000011,20251209,93012770,0,1335658,0,B,92900,300,
000011.SZ,000011,20251209,93012920,0,1338591,0,S,95800,600,
000011.SZ,000011,20251209,93012970,0,1339234,0,S,93700,100,
000011.SZ,000011,20251209,93013130,0,1341208,0,B,93600,100,
000011.SZ,000011,20251209,93013150,0,1341409,0,S,93900,3600,
000011.SZ,000011,20251209,93013210,0,1342347,0,S,93800,700,
000011.SZ,000011,20251209,93013590,0,1350803,0,S,93600,4700,
000011.SZ,000011,20251209,93013800,0,1354108,0,S,93800,100,
000011.SZ,000011,20251209,93013870,0,1354781,0,S,93800,100,
000011.SZ,000011,20251209,93013870,0,1354782,0,S,93800,100,
000011.SZ,000011,20251209,93013890,0,1355042,0,B,93700,2700,
000011.SZ,000011,20251209,93013950,0,1355716,0,B,93700,1200,
000011.SZ,000011,20251209,93014940,0,1367746,0,B,93700,500,
000011.SZ,000011,20251209,93015150,0,1370294,0,S,93700,200,
000011.SZ,000011,20251209,93015150,0,1370297,0,S,93700,400,
000011.SZ,000011,20251209,93015150,0,1370356,0,S,93700,200,
000011.SZ,000011,20251209,93015150,0,1370369,0,S,93700,200,
000011.SZ,000011,20251209,93015160,0,1371145,0,S,93700,100,
000011.SZ,000011,20251209,93015160,0,1371264,0,S,93700,800,
000011.SZ,000011,20251209,93015170,0,1371666,0,S,93700,500,
000011.SZ,000011,20251209,93015170,0,1371716,0,S,93700,600,
000011.SZ,000011,20251209,93015190,0,1372925,0,S,93700,200,
000011.SZ,000011,20251209,93015210,0,1373282,0,S,93700,400,
000011.SZ,000011,20251209,93015300,0,1375162,0,S,93700,800,
000011.SZ,000011,20251209,93015310,0,1375209,0,S,93700,300,
000011.SZ,000011,20251209,93015310,0,1375210,0,S,93700,100,
000011.SZ,000011,20251209,93015310,0,1375212,0,S,93700,300,
000011.SZ,000011,20251209,93015800,0,1388647,0,S,93700,500,
000011.SZ,000011,20251209,93015820,0,1389151,0,S,93700,800,
000011.SZ,000011,20251209,93015880,0,1390294,0,S,93700,300,
000011.SZ,000011,20251209,93015940,0,1391040,0,S,93800,2900,
000011.SZ,000011,20251209,93015960,0,1391325,0,S,93700,300,
000011.SZ,000011,20251209,93015960,0,1391365,0,S,93700,700,
000011.SZ,000011,20251209,93015990,0,1391730,0,S,93700,100,
000011.SZ,000011,20251209,93015990,0,1391789,0,S,93700,500,
000011.SZ,000011,20251209,93016110,0,1393572,0,S,93700,400,
000011.SZ,000011,20251209,93016180,0,1394744,0,S,93700,600,
000011.SZ,000011,20251209,93016180,0,1394755,0,S,93700,200,
000011.SZ,000011,20251209,93016320,0,1398090,0,S,93700,200,
000011.SZ,000011,20251209,93016410,0,1400401,0,S,93800,100,
000011.SZ,000011,20251209,93016800,0,1407583,0,S,93700,400,
000011.SZ,000011,20251209,93016990,0,1409925,0,B,93700,2700,
000011.SZ,000011,20251209,93017190,0,1412676,0,S,93800,300,
000011.SZ,000011,20251209,93017260,0,1413316,0,S,93800,100,
000011.SZ,000011,20251209,93017260,0,1413356,0,S,93800,100,
000011.SZ,000011,20251209,93017270,0,1413575,0,S,93800,100,
000011.SZ,000011,20251209,93017530,0,1416908,0,S,93700,400,
000011.SZ,000011,20251209,93017770,0,1419546,0,S,93800,100,
000011.SZ,000011,20251209,93018310,0,1426882,0,S,93600,1400,
000011.SZ,000011,20251209,93018320,0,1427674,0,S,93600,1300,
000011.SZ,000011,20251209,93018600,0,1434486,0,B,93600,100,
000011.SZ,000011,20251209,93018730,0,1437282,0,S,93600,1100,
000011.SZ,000011,20251209,93018750,0,1437616,0,S,93600,100,
000011.SZ,000011,20251209,93018850,0,1439399,0,S,93700,100,
000011.SZ,000011,20251209,93018860,0,1439555,0,S,93700,100,
000011.SZ,000011,20251209,93018860,0,1439557,0,S,93700,100,
000011.SZ,000011,20251209,93018870,0,1439680,0,S,93700,100,
000011.SZ,000011,20251209,93018870,0,1439696,0,S,93700,100,
000011.SZ,000011,20251209,93018890,0,1439905,0,S,93700,100,
000011.SZ,000011,20251209,93018890,0,1439913,0,S,93600,200,
000011.SZ,000011,20251209,93018890,0,1440087,0,S,93700,100,
000011.SZ,000011,20251209,93018910,0,1440403,0,S,93700,100,
000011.SZ,000011,20251209,93018970,0,1441276,0,S,93500,1300,
000011.SZ,000011,20251209,93018970,0,1441304,0,S,93600,600,
000011.SZ,000011,20251209,93018980,0,1441481,0,S,93500,1500,
000011.SZ,000011,20251209,93019000,0,1441801,0,S,93700,200,
000011.SZ,000011,20251209,93019300,0,1446046,0,S,93600,100,
000011.SZ,000011,20251209,93019370,0,1448476,0,S,93800,100,
000011.SZ,000011,20251209,93019370,0,1448494,0,S,93800,100,
000011.SZ,000011,20251209,93019380,0,1448543,0,S,93600,1200,
000011.SZ,000011,20251209,93019380,0,1448611,0,S,93800,100,
000011.SZ,000011,20251209,93019380,0,1448676,0,S,93800,100,
000011.SZ,000011,20251209,93019390,0,1448790,0,S,93800,100,
000011.SZ,000011,20251209,93019580,0,1452355,0,S,93600,200,
000011.SZ,000011,20251209,93019640,0,1453523,0,S,93500,100,
000011.SZ,000011,20251209,93019670,0,1453910,0,S,93800,100,
000011.SZ,000011,20251209,93019780,0,1455656,0,B,93600,1400,
000011.SZ,000011,20251209,93019930,0,1457382,0,B,93600,1400,
000011.SZ,000011,20251209,93020400,0,1463027,0,S,93800,100,
000011.SZ,000011,20251209,93020540,0,1464985,0,S,93600,400,
000011.SZ,000011,20251209,93021130,0,1471494,0,S,93500,600,
000011.SZ,000011,20251209,93021160,0,1471826,0,S,93600,400,
000011.SZ,000011,20251209,93021170,0,1471972,0,B,93600,500,
000011.SZ,000011,20251209,93021250,0,1472720,0,S,93600,200,
000011.SZ,000011,20251209,93021260,0,1473149,0,S,93600,200,
000011.SZ,000011,20251209,93021280,0,1473620,0,S,93600,200,
000011.SZ,000011,20251209,93021310,0,1474152,0,S,93600,100,
000011.SZ,000011,20251209,93021370,0,1476211,0,S,93600,3000,
000011.SZ,000011,20251209,93021390,0,1476716,0,S,93600,300,
000011.SZ,000011,20251209,93021410,0,1477656,0,S,93700,100,
000011.SZ,000011,20251209,93021420,0,1478040,0,S,93700,100,
000011.SZ,000011,20251209,93021490,0,1480071,0,B,93600,1500,
000011.SZ,000011,20251209,93021600,0,1482298,0,S,93500,1700,
000011.SZ,000011,20251209,93021710,0,1484472,0,S,93600,100,
000011.SZ,000011,20251209,93021860,0,1487310,0,S,93500,100,
000011.SZ,000011,20251209,93021860,0,1487364,0,S,103200,700,
000011.SZ,000011,20251209,93021870,0,1487458,0,S,93600,400,
000011.SZ,000011,20251209,93021870,0,1487460,0,S,93600,200,
000011.SZ,000011,20251209,93021990,0,1488822,0,S,93500,200,
000011.SZ,000011,20251209,93022140,0,1490775,0,S,93600,100,
000011.SZ,000011,20251209,93022150,0,1490779,0,S,93600,100,
000011.SZ,000011,20251209,93022280,0,1493898,0,B,92700,10000,
000011.SZ,000011,20251209,93022430,0,1496041,0,S,93500,300,
000011.SZ,000011,20251209,93022660,0,1500178,0,S,93600,300,
000011.SZ,000011,20251209,93022810,0,1501911,0,B,93600,2700,
000011.SZ,000011,20251209,93022970,0,1503728,0,S,93500,100,
000011.SZ,000011,20251209,93022970,0,1503736,0,S,93500,100,
000011.SZ,000011,20251209,93022980,0,1503849,0,S,93600,100,
000011.SZ,000011,20251209,93024100,0,1515954,0,S,93700,300,
000011.SZ,000011,20251209,93024150,0,1516665,0,S,93500,400,
000011.SZ,000011,20251209,93024160,0,1516867,0,S,93500,400,
000011.SZ,000011,20251209,93024160,0,1516871,0,S,93500,400,
000011.SZ,000011,20251209,93024160,0,1516875,0,S,93500,200,
000011.SZ,000011,20251209,93024160,0,1516905,0,S,93500,300,
000011.SZ,000011,20251209,93024160,0,1516926,0,B,93600,100,
000011.SZ,000011,20251209,93024200,0,1517511,0,S,93700,400,
000011.SZ,000011,20251209,93024250,0,1518461,0,S,93600,100,
000011.SZ,000011,20251209,93024250,0,1518484,0,S,93500,600,
000011.SZ,000011,20251209,93024260,0,1518603,0,S,93600,100,
000011.SZ,000011,20251209,93024270,0,1518816,0,S,93600,100,
000011.SZ,000011,20251209,93024280,0,1519180,0,S,93600,100,
000011.SZ,000011,20251209,93024310,0,1519764,0,S,93500,400,
000011.SZ,000011,20251209,93024360,0,1520424,0,S,93500,12800,
000011.SZ,000011,20251209,93024780,0,1527961,0,S,93700,100,
000011.SZ,000011,20251209,93024790,0,1528281,0,S,93700,200,
000011.SZ,000011,20251209,93024800,0,1528378,0,S,93700,100,
000011.SZ,000011,20251209,93024810,0,1528428,0,S,93700,100,
000011.SZ,000011,20251209,93024860,0,1529680,0,S,93600,100,
000011.SZ,000011,20251209,93024880,0,1529899,0,S,93500,300,
000011.SZ,000011,20251209,93024880,0,1529905,0,S,93500,400,
000011.SZ,000011,20251209,93025400,0,1538790,0,B,93500,1200,
000011.SZ,000011,20251209,93025540,0,1541436,0,S,93600,100,
000011.SZ,000011,20251209,93025800,0,1545162,0,B,93500,2700,
000011.SZ,000011,20251209,93025900,0,1546031,0,B,93500,700,
000011.SZ,000011,20251209,93026460,0,1552329,0,S,93700,100,
000011.SZ,000011,20251209,93026470,0,1552391,0,S,93700,100,
000011.SZ,000011,20251209,93027160,0,1560276,0,S,93400,500,
000011.SZ,000011,20251209,93027160,0,1560280,0,S,93400,200,
000011.SZ,000011,20251209,93027170,0,1560455,0,B,93500,100,
000011.SZ,000011,20251209,93027170,0,1560460,0,B,93500,100,
000011.SZ,000011,20251209,93027400,0,1564631,0,S,94200,7000,
000011.SZ,000011,20251209,93027880,0,1573304,0,S,93400,100,
000011.SZ,000011,20251209,93028080,0,1576137,0,S,93400,500,
000011.SZ,000011,20251209,93028150,0,1577100,0,S,93400,100,
000011.SZ,000011,20251209,93028150,0,1577103,0,S,93400,100,
000011.SZ,000011,20251209,93028540,0,1584609,0,S,93600,200,
000011.SZ,000011,20251209,93028540,0,1584643,0,S,93600,200,
000011.SZ,000011,20251209,93028570,0,1584931,0,S,93600,600,
000011.SZ,000011,20251209,93028780,0,1588177,0,B,93400,2300,
000011.SZ,000011,20251209,93029840,0,1601834,0,S,93600,100,
000011.SZ,000011,20251209,93030150,0,1605784,0,B,93500,100,
000011.SZ,000011,20251209,93030160,0,1605875,0,S,93600,100,
000011.SZ,000011,20251209,93030160,0,1605912,0,S,93600,100,
000011.SZ,000011,20251209,93030210,0,1607758,0,B,93400,100,
000011.SZ,000011,20251209,93030390,0,1610564,0,B,93400,100,
000011.SZ,000011,20251209,93030410,0,1610980,0,B,93400,1400,
000011.SZ,000011,20251209,93030480,0,1612050,0,B,93400,100,
000011.SZ,000011,20251209,93030530,0,1614079,0,S,93400,400,
000011.SZ,000011,20251209,93030570,0,1615175,0,B,93400,100,
000011.SZ,000011,20251209,93030600,0,1616228,0,B,93400,100,
000011.SZ,000011,20251209,93030650,0,1617096,0,B,93400,100,
000011.SZ,000011,20251209,93031090,0,1624030,0,S,93500,100,
000011.SZ,000011,20251209,93031120,0,1624505,0,S,93500,100,
000011.SZ,000011,20251209,93031130,0,1624547,0,S,93500,100,
000011.SZ,000011,20251209,93031140,0,1624729,0,S,93500,100,
000011.SZ,000011,20251209,93031140,0,1624773,0,S,93500,100,
000011.SZ,000011,20251209,93031250,0,1626492,0,S,93500,200,
000011.SZ,000011,20251209,93032100,0,1639577,0,S,93400,100,
000011.SZ,000011,20251209,93032980,0,1649097,0,S,94400,400,
000011.SZ,000011,20251209,93033100,0,1650484,0,S,93400,100,
000011.SZ,000011,20251209,93033110,0,1650639,0,S,93400,100,
000011.SZ,000011,20251209,93033150,0,1651063,0,S,93400,100,
000011.SZ,000011,20251209,93033710,0,1662611,0,S,95200,400,
000011.SZ,000011,20251209,93034260,0,1670893,0,S,93400,100,
000011.SZ,000011,20251209,93034530,0,1675968,0,B,93400,100,
000011.SZ,000011,20251209,93035160,0,1685442,0,S,93600,500,
000011.SZ,000011,20251209,93035410,0,1689014,0,S,93400,100,
000011.SZ,000011,20251209,93036010,0,1697074,0,S,93400,100,
000011.SZ,000011,20251209,93036440,0,1706241,0,S,93400,100,
000011.SZ,000011,20251209,93036500,0,1707614,0,S,93400,100,
000011.SZ,000011,20251209,93037000,0,1716990,0,S,93400,100,
000011.SZ,000011,20251209,93037110,0,1719088,0,S,93400,100,
000011.SZ,000011,20251209,93037110,0,1719166,0,B,93400,700,
000011.SZ,000011,20251209,93037520,0,1727513,0,B,93500,4000,
000011.SZ,000011,20251209,93038830,0,1744939,0,S,93400,100,
000011.SZ,000011,20251209,93039110,0,1750491,0,B,93400,1100,
000011.SZ,000011,20251209,93039150,0,1751264,0,B,93500,100,
000011.SZ,000011,20251209,93039160,0,1751351,0,B,93500,100,
000011.SZ,000011,20251209,93040110,0,1769953,0,B,93100,500,
000011.SZ,000011,20251209,93040660,0,1779886,0,S,93400,200,
000011.SZ,000011,20251209,93041120,0,1787733,0,B,93000,100,
000011.SZ,000011,20251209,93042180,0,1804350,0,S,93400,100,
000011.SZ,000011,20251209,93042200,0,1804628,0,B,93500,100,
000011.SZ,000011,20251209,93042290,0,1807267,0,S,93600,100,
000011.SZ,000011,20251209,93042290,0,1807268,0,S,93600,100,
000011.SZ,000011,20251209,93043820,0,1836549,0,B,93500,100,
000011.SZ,000011,20251209,93043840,0,1836730,0,B,93500,100,
000011.SZ,000011,20251209,93043840,0,1836732,0,B,93500,100,
000011.SZ,000011,20251209,93043840,0,1836734,0,B,93500,100,
000011.SZ,000011,20251209,93043840,0,1836737,0,B,93500,100,
000011.SZ,000011,20251209,93043940,0,1838244,0,B,93500,300,
000011.SZ,000011,20251209,93044640,0,1850034,0,B,93500,100,
000011.SZ,000011,20251209,93044650,0,1850078,0,B,93500,100,
000011.SZ,000011,20251209,93044840,0,1852749,0,B,93400,900,
000011.SZ,000011,20251209,93045000,0,1855327,0,S,96200,400,
000011.SZ,000011,20251209,93045030,0,1855797,0,B,93400,1100,
000011.SZ,000011,20251209,93045150,0,1857811,0,B,93500,100,
000011.SZ,000011,20251209,93045390,0,1862699,0,B,93100,500,
000011.SZ,000011,20251209,93045520,0,1865064,0,B,93500,3000,
000011.SZ,000011,20251209,93045660,0,1867057,0,B,93500,700,
000011.SZ,000011,20251209,93045670,0,1867216,0,B,93500,200,
000011.SZ,000011,20251209,93045760,0,1869266,0,S,93400,500,
000011.SZ,000011,20251209,93046190,0,1876101,0,S,94000,2000,
000011.SZ,000011,20251209,93046190,0,1876260,0,S,93700,10300,
000011.SZ,000011,20251209,93046360,0,1879081,0,B,93500,600,
000011.SZ,000011,20251209,93046400,0,1879686,0,B,93500,100,
000011.SZ,000011,20251209,93046520,0,1881436,0,S,93600,100,
000011.SZ,000011,20251209,93046780,0,1885261,0,S,101300,3200,
000011.SZ,000011,20251209,93047590,0,1895423,0,B,93400,500,
000011.SZ,000011,20251209,93048150,0,1902616,0,B,93400,500,
000011.SZ,000011,20251209,93048370,0,1905878,0,B,91300,20000,
000011.SZ,000011,20251209,93049760,0,1927919,0,B,92500,100,
000011.SZ,000011,20251209,93049910,0,1929597,0,S,103200,1100,
000011.SZ,000011,20251209,93050220,0,1933407,0,B,93500,1200,
000011.SZ,000011,20251209,93050740,0,1940326,0,B,93500,100,
000011.SZ,000011,20251209,93051430,0,1949402,0,S,93500,4200,
000011.SZ,000011,20251209,93051480,0,1950077,0,S,93300,300,
000011.SZ,000011,20251209,93051840,0,1955072,0,B,93500,800,
000011.SZ,000011,20251209,93051900,0,1956188,0,B,91100,1000,
000011.SZ,000011,20251209,93053010,0,1971649,0,B,93500,400,
000011.SZ,000011,20251209,93053610,0,1979321,0,B,93300,400,
000011.SZ,000011,20251209,93054180,0,1986695,1,S,0,200,
000011.SZ,000011,20251209,93054220,0,1987305,0,B,93500,100,
000011.SZ,000011,20251209,93054220,0,1987308,0,B,93500,100,
000011.SZ,000011,20251209,93054500,0,1991552,0,B,93400,300,
000011.SZ,000011,20251209,93054590,0,1992674,0,B,93400,400,
000011.SZ,000011,20251209,93054860,0,1996445,0,B,94000,300,
000011.SZ,000011,20251209,93054970,0,1997848,0,S,93500,100,
000011.SZ,000011,20251209,93056710,0,2020556,0,B,93400,1500,
000011.SZ,000011,20251209,93057280,0,2027366,0,B,93500,100,
000011.SZ,000011,20251209,93057650,0,2032694,0,B,94000,100,
000011.SZ,000011,20251209,93057810,0,2034528,0,S,93500,800,
000011.SZ,000011,20251209,93058730,0,2047191,0,B,93000,1000,
000011.SZ,000011,20251209,93059520,0,2056131,0,B,93400,2000,
000011.SZ,000011,20251209,93100150,0,2064567,0,B,93500,100,
000011.SZ,000011,20251209,93100260,0,2066666,0,B,92000,100,
000011.SZ,000011,20251209,93101430,0,2091856,0,B,94000,100,
000011.SZ,000011,20251209,93101540,0,2093852,0,S,93400,1000,
000011.SZ,000011,20251209,93101660,0,2096261,0,B,90800,100,
000011.SZ,000011,20251209,93103580,0,2125846,0,B,93400,100,
000011.SZ,000011,20251209,93103810,0,2129627,0,S,93500,900,
000011.SZ,000011,20251209,93104630,0,2144702,0,S,93400,100,
000011.SZ,000011,20251209,93104900,0,2148256,0,S,94700,1600,
000011.SZ,000011,20251209,93105450,0,2156274,0,B,93500,2000,
000011.SZ,000011,20251209,93105450,0,2156367,0,S,93500,100,
000011.SZ,000011,20251209,93105490,0,2156756,0,S,93600,500,
000011.SZ,000011,20251209,93106170,0,2166140,0,S,93600,400,
000011.SZ,000011,20251209,93106170,0,2166195,0,B,93600,100,
000011.SZ,000011,20251209,93106200,0,2166520,0,S,93500,100,
000011.SZ,000011,20251209,93106210,0,2166751,0,B,93500,600,
000011.SZ,000011,20251209,93106230,0,2167086,0,S,93600,100,
000011.SZ,000011,20251209,93106280,0,2168177,0,B,93500,900,
000011.SZ,000011,20251209,93106400,0,2170989,0,B,93400,1400,
000011.SZ,000011,20251209,93106730,0,2177255,0,S,93400,2200,
000011.SZ,000011,20251209,93107480,0,2190809,0,S,93600,600,
000011.SZ,000011,20251209,93107890,0,2196997,0,B,93400,1000,
000011.SZ,000011,20251209,93108810,0,2209093,0,S,93600,900,
000011.SZ,000011,20251209,93109540,0,2219938,0,B,93500,600,
000011.SZ,000011,20251209,93110960,0,2240983,0,S,93400,6800,
000011.SZ,000011,20251209,93111530,0,2248285,0,B,91500,20000,
000011.SZ,000011,20251209,93111530,0,2248403,0,S,93600,300,
000011.SZ,000011,20251209,93111540,0,2248461,0,S,93500,100,
000011.SZ,000011,20251209,93111950,0,2252878,0,S,93600,100,
000011.SZ,000011,20251209,93112090,0,2254642,0,S,93500,700,
000011.SZ,000011,20251209,93112270,0,2257153,0,S,93500,100,
000011.SZ,000011,20251209,93112730,0,2264276,0,B,93500,100,
000011.SZ,000011,20251209,93113370,0,2273411,0,B,93400,1300,
000011.SZ,000011,20251209,93115440,0,2300019,0,B,93000,100,
000011.SZ,000011,20251209,93115570,0,2301739,0,B,93000,1000,
000011.SZ,000011,20251209,93116090,0,2308749,0,B,93400,800,
000011.SZ,000011,20251209,93116460,0,2314055,0,S,94500,1000,
000011.SZ,000011,20251209,93117140,0,2321602,0,B,93600,20000,
000011.SZ,000011,20251209,93117160,0,2321845,0,S,93500,600,
000011.SZ,000011,20251209,93117190,0,2322170,0,B,93500,500,
000011.SZ,000011,20251209,93117200,0,2322306,0,B,93700,100,
000011.SZ,000011,20251209,93117220,0,2322502,0,B,93500,900,
000011.SZ,000011,20251209,93117340,0,2324042,0,B,91200,20000,
000011.SZ,000011,20251209,93118160,0,2333489,0,S,93700,500,
000011.SZ,000011,20251209,93119510,0,2351815,0,S,93400,500,
000011.SZ,000011,20251209,93120200,0,2359311,0,B,93600,100,
000011.SZ,000011,20251209,93120290,0,2360361,0,S,93700,600,
000011.SZ,000011,20251209,93120480,0,2362620,0,B,93600,1300,
000011.SZ,000011,20251209,93121050,0,2368788,0,S,93700,1600,
000011.SZ,000011,20251209,93121060,0,2368982,0,S,93700,100,
000011.SZ,000011,20251209,93125660,0,2425436,0,B,93600,200,
000011.SZ,000011,20251209,93125710,0,2426309,0,B,93500,2000,
000011.SZ,000011,20251209,93126060,0,2430575,0,S,93700,100,
000011.SZ,000011,20251209,93126540,0,2435951,0,B,93600,100,
000011.SZ,000011,20251209,93127400,0,2447075,0,B,93600,500,
000011.SZ,000011,20251209,93127500,0,2448748,0,B,93300,300,
000011.SZ,000011,20251209,93127640,0,2450644,0,B,93600,100,
000011.SZ,000011,20251209,93128540,0,2461960,0,B,93700,200,
000011.SZ,000011,20251209,93128750,0,2464779,0,B,93700,500,
000011.SZ,000011,20251209,93130020,0,2478115,0,B,93700,200,
000011.SZ,000011,20251209,93130510,0,2484976,0,S,93700,100,
000011.SZ,000011,20251209,93130950,0,2490320,0,S,93700,100,
000011.SZ,000011,20251209,93131050,0,2491788,0,S,93600,2600,
000011.SZ,000011,20251209,93131600,0,2498918,0,B,93600,600,
000011.SZ,000011,20251209,93133020,0,2514329,0,B,93700,200,
000011.SZ,000011,20251209,93133690,0,2523478,0,B,93100,300,
000011.SZ,000011,20251209,93133760,0,2524200,0,B,93600,2900,
000011.SZ,000011,20251209,93134530,0,2534623,0,B,93700,100,
000011.SZ,000011,20251209,93134530,0,2534627,0,B,93700,100,
000011.SZ,000011,20251209,93135170,0,2542183,0,B,93600,2500,
000011.SZ,000011,20251209,93135180,0,2542269,0,B,93700,2100,
000011.SZ,000011,20251209,93135460,0,2545221,0,B,93700,100,
000011.SZ,000011,20251209,93135960,0,2550914,0,B,93600,200,
000011.SZ,000011,20251209,93136210,0,2553621,0,B,93700,100,
000011.SZ,000011,20251209,93136330,0,2555932,0,B,93600,800,
000011.SZ,000011,20251209,93136460,0,2557612,0,B,93700,100,
000011.SZ,000011,20251209,93137010,0,2565415,0,B,93700,100,
000011.SZ,000011,20251209,93137010,0,2565417,0,B,93700,100,
000011.SZ,000011,20251209,93137010,0,2565490,0,B,93700,100,
000011.SZ,000011,20251209,93137540,0,2573030,0,B,93700,100,
000011.SZ,000011,20251209,93137540,0,2573032,0,B,93700,100,
000011.SZ,000011,20251209,93137540,0,2573034,0,B,93700,100,
000011.SZ,000011,20251209,93137540,0,2573036,0,B,93700,100,
000011.SZ,000011,20251209,93137540,0,2573038,0,B,93700,100,
000011.SZ,000011,20251209,93137540,0,2573040,0,B,93700,100,
000011.SZ,000011,20251209,93137540,0,2573042,0,B,93700,100,
000011.SZ,000011,20251209,93137540,0,2573044,0,B,93700,100,
000011.SZ,000011,20251209,93137540,0,2573046,0,B,93700,100,
000011.SZ,000011,20251209,93137540,0,2573048,0,B,93700,100,
000011.SZ,000011,20251209,93137540,0,2573050,0,B,93700,100,
000011.SZ,000011,20251209,93137540,0,2573052,0,B,93700,100,
000011.SZ,000011,20251209,93137540,0,2573054,0,B,93700,100,
000011.SZ,000011,20251209,93137540,0,2573056,0,B,93700,100,
000011.SZ,000011,20251209,93137550,0,2573193,0,B,93700,1800,
000011.SZ,000011,20251209,93138100,0,2579804,0,B,93700,2700,
000011.SZ,000011,20251209,93138110,0,2579952,0,S,93800,300,
000011.SZ,000011,20251209,93138110,0,2579956,0,B,93700,100,
000011.SZ,000011,20251209,93138110,0,2579957,0,B,93700,100,
000011.SZ,000011,20251209,93138120,0,2579960,0,B,93700,100,
000011.SZ,000011,20251209,93138120,0,2579964,0,B,93700,100,
000011.SZ,000011,20251209,93138120,0,2579976,0,B,93700,100,
000011.SZ,000011,20251209,93139680,0,2598431,0,S,93600,1000,
000011.SZ,000011,20251209,93139830,0,2600462,0,B,93700,400,
000011.SZ,000011,20251209,93140290,0,2606166,0,S,93800,200,
000011.SZ,000011,20251209,93141020,0,2615178,0,B,91800,500,
000011.SZ,000011,20251209,93141870,0,2625485,0,B,93800,2800,
000011.SZ,000011,20251209,93143580,0,2648935,0,B,93800,2900,
000011.SZ,000011,20251209,93144010,0,2654186,0,B,93800,100,
000011.SZ,000011,20251209,93144010,0,2654189,0,B,93800,100,
000011.SZ,000011,20251209,93144390,0,2659094,0,S,93800,300,
000011.SZ,000011,20251209,93144980,0,2664860,0,B,93700,2000,
000011.SZ,000011,20251209,93145150,0,2666816,0,S,93800,300,
000011.SZ,000011,20251209,93145150,0,2666833,0,B,93800,700,
000011.SZ,000011,20251209,93145160,0,2666873,0,S,93800,200,
000011.SZ,000011,20251209,93145160,0,2666967,0,S,94500,500,
000011.SZ,000011,20251209,93146150,0,2680112,0,S,93800,400,
000011.SZ,000011,20251209,93146710,0,2687953,0,B,93800,2600,
000011.SZ,000011,20251209,93146820,0,2689240,0,B,93800,100,
000011.SZ,000011,20251209,93148200,0,2704534,0,S,93900,100,
000011.SZ,000011,20251209,93148220,0,2704707,0,S,93900,100,
000011.SZ,000011,20251209,93148780,0,2713463,0,S,93900,600,
000011.SZ,000011,20251209,93148970,0,2715793,0,S,93800,400,
000011.SZ,000011,20251209,93149270,0,2719379,0,B,93800,200,
000011.SZ,000011,20251209,93149310,0,2719944,0,B,93800,100,
000011.SZ,000011,20251209,93149510,0,2723122,0,B,93800,2100,
000011.SZ,000011,20251209,93149720,0,2725656,0,S,93900,100,
000011.SZ,000011,20251209,93149910,0,2727570,0,B,93700,1100,
000011.SZ,000011,20251209,93152040,0,2752590,0,B,93800,500,
000011.SZ,000011,20251209,93152060,0,2752808,0,B,93800,300,
000011.SZ,000011,20251209,93152080,0,2752970,0,B,93800,400,
000011.SZ,000011,20251209,93152290,0,2755852,0,B,93800,800,
000011.SZ,000011,20251209,93152750,0,2762312,0,S,93900,10000,
000011.SZ,000011,20251209,93154390,0,2780773,0,S,93900,10300,
000011.SZ,000011,20251209,93154880,0,2786748,0,B,93000,3000,
000011.SZ,000011,20251209,93157810,0,2819100,0,S,93800,900,
000011.SZ,000011,20251209,93157820,0,2819222,0,S,93800,5200,
000011.SZ,000011,20251209,93157820,0,2819232,0,S,93800,1500,
000011.SZ,000011,20251209,93157830,0,2819384,0,S,93800,200,
000011.SZ,000011,20251209,93157890,0,2819984,0,S,93800,700,
000011.SZ,000011,20251209,93158290,0,2824354,0,S,97800,2000,
000011.SZ,000011,20251209,93158420,0,2826503,0,S,94400,10000,
000011.SZ,000011,20251209,93158470,0,2827493,0,B,93800,100,
000011.SZ,000011,20251209,93158910,0,2832826,0,B,93800,400,
000011.SZ,000011,20251209,93159730,0,2841606,0,S,94100,500,
000011.SZ,000011,20251209,93200040,0,2845100,0,S,93700,5000,
000011.SZ,000011,20251209,93200300,0,2849227,0,S,93800,300,
000011.SZ,000011,20251209,93200390,0,2850896,0,S,93800,200,
000011.SZ,000011,20251209,93200620,0,2855032,0,B,94300,900,
000011.SZ,000011,20251209,93200760,0,2857949,0,S,93700,100,
000011.SZ,000011,20251209,93201330,0,2865755,0,S,93700,100,
000011.SZ,000011,20251209,93201330,0,2865761,0,S,93700,100,
000011.SZ,000011,20251209,93201330,0,2865785,0,S,93700,100,
000011.SZ,000011,20251209,93201330,0,2865818,0,S,93700,100,
000011.SZ,000011,20251209,93201330,0,2865822,0,S,93700,100,
000011.SZ,000011,20251209,93201350,0,2866108,0,S,93700,400,
000011.SZ,000011,20251209,93201850,0,2873339,0,B,93700,2900,
000011.SZ,000011,20251209,93204280,0,2903635,0,S,93800,400,
000011.SZ,000011,20251209,93204320,0,2904168,0,B,93700,300,
000011.SZ,000011,20251209,93204400,0,2905263,0,B,93700,1200,
000011.SZ,000011,20251209,93205060,0,2913211,0,S,93800,100,
000011.SZ,000011,20251209,93205110,0,2913858,0,B,93700,100,
000011.SZ,000011,20251209,93205610,0,2919652,0,B,93800,100,
000011.SZ,000011,20251209,93205610,0,2919654,0,B,93800,1500,
000011.SZ,000011,20251209,93205610,0,2919659,0,B,93800,300,
000011.SZ,000011,20251209,93205610,0,2919660,0,B,93800,100,
000011.SZ,000011,20251209,93205620,0,2919665,0,B,93800,100,
000011.SZ,000011,20251209,93205620,0,2919666,0,B,93800,1600,
000011.SZ,000011,20251209,93205620,0,2919667,0,B,93800,100,
000011.SZ,000011,20251209,93205620,0,2919858,0,B,93800,100,
000011.SZ,000011,20251209,93205620,0,2919866,0,S,93800,900,
000011.SZ,000011,20251209,93205630,0,2919883,0,S,93800,900,
000011.SZ,000011,20251209,93205640,0,2920030,0,S,93800,300,
000011.SZ,000011,20251209,93205720,0,2920877,0,S,93800,200,
000011.SZ,000011,20251209,93205750,0,2921052,0,B,93800,100,
000011.SZ,000011,20251209,93206180,0,2925874,0,S,93800,100,
000011.SZ,000011,20251209,93206210,0,2926327,0,S,93800,200,
000011.SZ,000011,20251209,93206220,0,2926406,0,S,93800,200,
000011.SZ,000011,20251209,93206220,0,2926433,0,S,93800,200,
000011.SZ,000011,20251209,93206220,0,2926476,0,S,93800,100,
000011.SZ,000011,20251209,93206230,0,2926566,0,S,93800,100,
000011.SZ,000011,20251209,93206250,0,2926766,0,S,93800,200,
000011.SZ,000011,20251209,93206250,0,2926837,0,S,93800,100,
000011.SZ,000011,20251209,93206260,0,2926880,0,S,93800,100,
000011.SZ,000011,20251209,93206260,0,2927005,0,S,93800,100,
000011.SZ,000011,20251209,93206710,0,2932722,0,S,93800,100,
000011.SZ,000011,20251209,93207070,0,2936700,0,B,93700,100,
000011.SZ,000011,20251209,93207240,0,2938730,0,B,93800,900,
000011.SZ,000011,20251209,93207250,0,2938863,0,S,93800,400,
000011.SZ,000011,20251209,93207270,0,2939157,0,S,93900,6200,
000011.SZ,000011,20251209,93207490,0,2941635,0,B,93700,800,
000011.SZ,000011,20251209,93207630,0,2943531,0,S,93900,100,
000011.SZ,000011,20251209,93207980,0,2947237,0,B,93800,300,
000011.SZ,000011,20251209,93207990,0,2947348,0,S,94000,300,
000011.SZ,000011,20251209,93208280,0,2950550,0,S,93800,100,
000011.SZ,000011,20251209,93208290,0,2950693,0,S,93800,100,
000011.SZ,000011,20251209,93208320,0,2950893,0,S,93800,100,
000011.SZ,000011,20251209,93208370,0,2951508,0,S,93800,100,
000011.SZ,000011,20251209,93209120,0,2958859,0,S,94000,1000,
000011.SZ,000011,20251209,93209440,0,2962524,0,S,93800,300,
000011.SZ,000011,20251209,93209460,0,2962650,0,B,93800,100,
000011.SZ,000011,20251209,93209460,0,2962664,0,B,93800,100,
000011.SZ,000011,20251209,93210490,0,2975378,0,B,93300,10000,
000011.SZ,000011,20251209,93210500,0,2975402,0,B,93700,700,
000011.SZ,000011,20251209,93212920,0,3002712,0,S,93800,400,
000011.SZ,000011,20251209,93213290,0,3007609,0,B,93700,700,
000011.SZ,000011,20251209,93213350,0,3008593,0,S,93700,2500,
000011.SZ,000011,20251209,93213720,0,3013851,0,S,93800,100,
000011.SZ,000011,20251209,93214040,0,3018084,0,B,93700,200,
000011.SZ,000011,20251209,93214370,0,3022239,0,S,93700,100,
000011.SZ,000011,20251209,93215230,0,3032597,0,S,93600,600,
000011.SZ,000011,20251209,93215640,0,3038086,0,S,93800,500,
000011.SZ,000011,20251209,93216280,0,3046124,0,B,93700,800,
000011.SZ,000011,20251209,93218690,0,3075837,0,B,93500,2000,
000011.SZ,000011,20251209,93218710,0,3076019,0,S,93800,100,
000011.SZ,000011,20251209,93218710,0,3076020,0,S,93800,100,
000011.SZ,000011,20251209,93218710,0,3076027,0,S,93800,100,
000011.SZ,000011,20251209,93218710,0,3076136,0,S,93800,100,
000011.SZ,000011,20251209,93218730,0,3076394,U,B,0,400,
000011.SZ,000011,20251209,93219000,0,3079965,0,S,103200,4000,
000011.SZ,000011,20251209,93226770,0,3164498,0,B,93700,100,
000011.SZ,000011,20251209,93226780,0,3164627,0,S,93800,100,
000011.SZ,000011,20251209,93226870,0,3165371,0,B,93400,20000,
000011.SZ,000011,20251209,93226900,0,3165639,0,B,93800,100,
000011.SZ,000011,20251209,93227040,0,3167240,0,S,93700,500,
000011.SZ,000011,20251209,93227630,0,3173777,0,B,93800,100,
000011.SZ,000011,20251209,93227630,0,3173780,0,B,93800,100,
000011.SZ,000011,20251209,93229530,0,3192927,0,B,93800,100,
000011.SZ,000011,20251209,93229540,0,3192987,0,B,93700,100,
000011.SZ,000011,20251209,93229650,0,3194133,0,B,93800,200,
000011.SZ,000011,20251209,93230400,0,3201998,0,B,93800,500,
000011.SZ,000011,20251209,93230450,0,3202726,0,B,93800,100,
000011.SZ,000011,20251209,93230450,0,3202730,0,B,93800,100,
000011.SZ,000011,20251209,93231520,0,3214527,0,B,92000,200,
000011.SZ,000011,20251209,93232040,0,3219955,0,B,93800,200,
000011.SZ,000011,20251209,93233240,0,3232273,0,B,93700,300,
000011.SZ,000011,20251209,93233300,0,3233166,0,B,93800,600,
000011.SZ,000011,20251209,93234020,0,3240938,0,S,93700,1700,
000011.SZ,000011,20251209,93234370,0,3245308,0,S,93800,100,
000011.SZ,000011,20251209,93234370,0,3245333,0,S,93800,100,
000011.SZ,000011,20251209,93235890,0,3260944,0,B,93000,100,
000011.SZ,000011,20251209,93236500,0,3267513,0,S,93800,5000,
000011.SZ,000011,20251209,93236930,0,3271986,0,B,93700,100,
000011.SZ,000011,20251209,93237000,0,3272735,0,B,93700,1100,
000011.SZ,000011,20251209,93237010,0,3272852,0,S,93800,100,
000011.SZ,000011,20251209,93239340,0,3296539,0,B,93700,100,
000011.SZ,000011,20251209,93241340,0,3316104,0,S,93700,100,
000011.SZ,000011,20251209,93241340,0,3316112,0,S,93700,100,
000011.SZ,000011,20251209,93248360,0,3388519,0,S,93700,100,
000011.SZ,000011,20251209,93249170,0,3397626,0,B,93500,800,
000011.SZ,000011,20251209,93253220,0,3438487,0,S,98300,1500,
000011.SZ,000011,20251209,93254930,0,3454153,0,B,93700,600,
000011.SZ,000011,20251209,93256510,0,3470102,0,B,93700,700,
000011.SZ,000011,20251209,93257070,0,3475889,0,B,94000,1200,
000011.SZ,000011,20251209,93257190,0,3476856,0,B,93600,300,
000011.SZ,000011,20251209,93257330,0,3478687,0,B,93700,700,
000011.SZ,000011,20251209,93300150,0,3507438,0,B,93700,100,
000011.SZ,000011,20251209,93301800,0,3528730,0,B,94000,100,
000011.SZ,000011,20251209,93302370,0,3535620,0,S,93700,100,
000011.SZ,000011,20251209,93303320,0,3545203,0,S,93700,100,
000011.SZ,000011,20251209,93303320,0,3545205,0,S,93700,100,
000011.SZ,000011,20251209,93303320,0,3545207,0,S,93700,100,
000011.SZ,000011,20251209,93303330,0,3545228,0,S,93700,100,
000011.SZ,000011,20251209,93303330,0,3545230,0,S,93700,100,
000011.SZ,000011,20251209,93303350,0,3545517,0,S,93700,100,
000011.SZ,000011,20251209,93304350,0,3557624,0,S,93700,100,
000011.SZ,000011,20251209,93306430,0,3579905,0,S,93700,12200,
000011.SZ,000011,20251209,93307470,0,3592185,0,B,93700,900,
000011.SZ,000011,20251209,93307550,0,3593175,0,S,93700,200,
000011.SZ,000011,20251209,93308760,0,3607169,0,S,93800,600,
000011.SZ,000011,20251209,93310230,0,3622527,0,B,93600,1500,
000011.SZ,000011,20251209,93310540,0,3626305,0,B,93700,2000,
000011.SZ,000011,20251209,93313840,0,3660129,0,B,93600,800,
000011.SZ,000011,20251209,93315220,0,3672789,0,S,93500,600,
000011.SZ,000011,20251209,93316260,0,3683574,0,S,93600,7600,
000011.SZ,000011,20251209,93317140,0,3692476,0,S,93700,2500,
000011.SZ,000011,20251209,93317660,0,3696969,0,B,90600,200,
000011.SZ,000011,20251209,93318010,0,3699912,0,B,93700,300,
000011.SZ,000011,20251209,93318890,0,3710026,0,B,93600,800,
000011.SZ,000011,20251209,93319100,0,3712323,0,B,93600,2400,
000011.SZ,000011,20251209,93319330,0,3714752,0,B,93300,300,
000011.SZ,000011,20251209,93319860,0,3720390,0,B,90000,500,
000011.SZ,000011,20251209,93323510,0,3757053,0,S,93700,200,
000011.SZ,000011,20251209,93323510,0,3757126,0,S,93700,100,
000011.SZ,000011,20251209,93323820,0,3759752,0,S,93600,100,
000011.SZ,000011,20251209,93323880,0,3760233,0,S,93700,100,
000011.SZ,000011,20251209,93328350,0,3804604,0,B,93600,400,
000011.SZ,000011,20251209,93328360,0,3804737,0,S,93700,600,
000011.SZ,000011,20251209,93328360,0,3804741,0,S,93700,100,
000011.SZ,000011,20251209,93329030,0,3810877,0,B,93400,700,
000011.SZ,000011,20251209,93329130,0,3811860,0,B,93500,100,
000011.SZ,000011,20251209,93329380,0,3813813,0,S,93600,1300,
000011.SZ,000011,20251209,93330210,0,3820986,0,S,95000,2500,
000011.SZ,000011,20251209,93331190,0,3830652,0,B,93000,2000,
000011.SZ,000011,20251209,93333380,0,3852789,0,B,93500,1000,
000011.SZ,000011,20251209,93338360,0,3901395,0,B,92000,400,
000011.SZ,000011,20251209,93340970,0,3929004,0,S,93600,4200,
000011.SZ,000011,20251209,93341030,0,3929585,0,B,94200,900,
000011.SZ,000011,20251209,93341250,0,3931671,0,B,93900,1200,
000011.SZ,000011,20251209,93341820,0,3937271,0,B,93400,600,
000011.SZ,000011,20251209,93342960,0,3949000,0,B,93600,700,
000011.SZ,000011,20251209,93343190,0,3951589,0,S,95900,1500,
000011.SZ,000011,20251209,93345150,0,3970642,0,B,93600,100,
000011.SZ,000011,20251209,93345150,0,3970685,0,B,93700,1100,
000011.SZ,000011,20251209,93345160,0,3970738,0,B,93700,1300,
000011.SZ,000011,20251209,93345250,0,3971674,0,B,93700,700,
000011.SZ,000011,20251209,93345460,0,3974093,0,B,93700,100,
000011.SZ,000011,20251209,93346320,0,3983712,0,B,93600,100,
000011.SZ,000011,20251209,93346330,0,3983779,0,B,93700,100,
000011.SZ,000011,20251209,93346340,0,3983905,0,B,93700,100,
000011.SZ,000011,20251209,93346980,0,3990497,0,S,93600,1300,
000011.SZ,000011,20251209,93348300,0,4002771,0,B,93700,1300,
000011.SZ,000011,20251209,93348310,0,4002937,0,B,93700,2000,
000011.SZ,000011,20251209,93348540,0,4005481,0,B,93600,700,
000011.SZ,000011,20251209,93349390,0,4014005,0,B,93600,2600,
000011.SZ,000011,20251209,93351190,0,4030453,0,S,96000,20000,
000011.SZ,000011,20251209,93351250,0,4031073,0,B,93700,100,
000011.SZ,000011,20251209,93351640,0,4034856,0,S,93700,300,
000011.SZ,000011,20251209,93351910,0,4038996,0,S,93500,600,
000011.SZ,000011,20251209,93352000,0,4039814,0,B,93700,1000,
000011.SZ,000011,20251209,93352300,0,4043052,0,S,93700,200,
000011.SZ,000011,20251209,93352310,0,4043093,0,S,93700,100,
000011.SZ,000011,20251209,93354330,0,4062585,0,B,93700,700,
000011.SZ,000011,20251209,93354820,0,4067594,0,B,93700,600,
000011.SZ,000011,20251209,93355640,0,4075348,0,S,93600,13400,
000011.SZ,000011,20251209,93355920,0,4077680,0,B,93600,1000,
000011.SZ,000011,20251209,93356660,0,4084554,0,S,93700,100,
000011.SZ,000011,20251209,93356660,0,4084610,0,B,93100,3600,
000011.SZ,000011,20251209,93357010,0,4087565,0,B,93600,100,
000011.SZ,000011,20251209,93358300,0,4100425,0,B,93600,800,
000011.SZ,000011,20251209,93358440,0,4101787,0,B,93600,2500,
000011.SZ,000011,20251209,93359000,0,4106826,0,B,93700,100,
000011.SZ,000011,20251209,93400180,0,4116510,0,B,93600,300,
000011.SZ,000011,20251209,93400180,0,4116536,0,B,93600,300,
000011.SZ,000011,20251209,93400200,0,4116674,0,B,93700,700,
000011.SZ,000011,20251209,93400380,0,4118312,0,B,93700,600,
000011.SZ,000011,20251209,93400920,0,4125332,0,B,93600,2900,
000011.SZ,000011,20251209,93401050,0,4126985,0,B,93600,900,
000011.SZ,000011,20251209,93401060,0,4127066,0,B,93600,800,
000011.SZ,000011,20251209,93401070,0,4127189,0,S,93700,100,
000011.SZ,000011,20251209,93401070,0,4127193,0,S,93700,100,
000011.SZ,000011,20251209,93401070,0,4127195,0,S,93700,100,
000011.SZ,000011,20251209,93401070,0,4127217,0,S,93700,100,
000011.SZ,000011,20251209,93401080,0,4127280,0,S,93700,100,
000011.SZ,000011,20251209,93403830,0,4155397,0,B,93700,600,
000011.SZ,000011,20251209,93403900,0,4156250,0,B,93700,700,
000011.SZ,000011,20251209,93403920,0,4156409,0,B,93700,600,
000011.SZ,000011,20251209,93403920,0,4156477,0,B,93700,600,
000011.SZ,000011,20251209,93403980,0,4156982,0,B,93700,900,
000011.SZ,000011,20251209,93404070,0,4158027,0,B,93700,1100,
000011.SZ,000011,20251209,93404120,0,4158665,0,B,93700,600,
000011.SZ,000011,20251209,93404300,0,4160410,0,B,93700,700,
000011.SZ,000011,20251209,93405740,0,4174372,0,B,93700,700,
000011.SZ,000011,20251209,93405990,0,4177013,0,B,93000,200,
000011.SZ,000011,20251209,93406040,0,4177577,0,B,92700,3000,
000011.SZ,000011,20251209,93406190,0,4178961,0,B,93800,100,
000011.SZ,000011,20251209,93406220,0,4179222,0,B,93700,300,
000011.SZ,000011,20251209,93406220,0,4179243,0,B,93700,300,
000011.SZ,000011,20251209,93406890,0,4185616,0,B,93700,700,
000011.SZ,000011,20251209,93406950,0,4186294,0,B,93700,700,
000011.SZ,000011,20251209,93406980,0,4186594,0,B,93700,600,
000011.SZ,000011,20251209,93407080,0,4187749,0,B,93800,700,
000011.SZ,000011,20251209,93407140,0,4188490,0,B,93800,4900,
000011.SZ,000011,20251209,93409500,0,4212626,0,B,93800,600,
000011.SZ,000011,20251209,93409530,0,4212862,0,S,93800,8000,
000011.SZ,000011,20251209,93409830,0,4215865,0,B,93800,700,
000011.SZ,000011,20251209,93409840,0,4215941,0,B,93700,100,
000011.SZ,000011,20251209,93409840,0,4215993,0,B,93700,1200,
000011.SZ,000011,20251209,93410050,0,4217908,0,B,93800,400,
000011.SZ,000011,20251209,93410580,0,4223279,0,B,93400,500,
000011.SZ,000011,20251209,93411300,0,4230203,0,B,93800,1100,
000011.SZ,000011,20251209,93411320,0,4230338,0,B,93800,100,
000011.SZ,000011,20251209,93412260,0,4238421,0,B,93800,100,
000011.SZ,000011,20251209,93412460,0,4240555,0,B,93800,100,
000011.SZ,000011,20251209,93412960,0,4244544,0,B,93800,600,
000011.SZ,000011,20251209,93412960,0,4244611,0,B,93600,1100,
000011.SZ,000011,20251209,93413010,0,4245029,0,B,93800,100,
000011.SZ,000011,20251209,93413010,0,4245031,0,B,93800,100,
000011.SZ,000011,20251209,93413010,0,4245039,0,B,93800,100,
000011.SZ,000011,20251209,93413290,0,4247954,0,B,93400,1000,
000011.SZ,000011,20251209,93415210,0,4264340,0,S,93600,700,
000011.SZ,000011,20251209,93415220,0,4264450,0,B,93800,500,
000011.SZ,000011,20251209,93415230,0,4264535,0,B,93800,900,
000011.SZ,000011,20251209,93415240,0,4264662,0,B,93800,100,
000011.SZ,000011,20251209,93415910,0,4270455,0,B,93800,700,
000011.SZ,000011,20251209,93415950,0,4270707,0,B,93800,600,
000011.SZ,000011,20251209,93416300,0,4274285,0,B,93800,1700,
000011.SZ,000011,20251209,93416420,0,4275533,0,S,93800,100,
000011.SZ,000011,20251209,93416440,0,4275663,0,S,93800,100,
000011.SZ,000011,20251209,93420060,0,4307518,0,B,93800,900,
000011.SZ,000011,20251209,93420060,0,4307528,0,B,93800,800,
000011.SZ,000011,20251209,93420080,0,4307801,0,S,93800,100,
000011.SZ,000011,20251209,93420090,0,4307849,0,S,93800,100,
000011.SZ,000011,20251209,93420090,0,4307889,0,S,93800,100,
000011.SZ,000011,20251209,93423310,0,4333831,0,S,93800,700,
000011.SZ,000011,20251209,93423330,0,4334059,0,S,93800,100,
000011.SZ,000011,20251209,93423340,0,4334113,0,S,93800,100,
000011.SZ,000011,20251209,93423350,0,4334194,0,S,94200,200,
000011.SZ,000011,20251209,93423350,0,4334222,0,S,93800,100,
000011.SZ,000011,20251209,93424240,0,4340983,0,S,93800,100,
000011.SZ,000011,20251209,93424250,0,4341013,0,S,93800,200,
000011.SZ,000011,20251209,93424250,0,4341015,0,S,93800,100,
000011.SZ,000011,20251209,93424250,0,4341040,0,S,93800,100,
000011.SZ,000011,20251209,93424250,0,4341053,0,S,93800,300,
000011.SZ,000011,20251209,93424260,0,4341087,0,S,93800,100,
000011.SZ,000011,20251209,93424260,0,4341132,0,S,93800,100,
000011.SZ,000011,20251209,93424320,0,4341702,0,S,93800,200,
000011.SZ,000011,20251209,93424430,0,4342592,0,S,93800,100,
000011.SZ,000011,20251209,93424430,0,4342603,0,S,93800,100,
000011.SZ,000011,20251209,93424430,0,4342611,0,S,93800,100,
000011.SZ,000011,20251209,93424980,0,4346994,0,S,93800,400,
000011.SZ,000011,20251209,93424990,0,4347017,0,S,93800,600,
000011.SZ,000011,20251209,93425330,0,4350639,0,S,98200,4000,
000011.SZ,000011,20251209,93427000,0,4364058,0,B,93800,100,
000011.SZ,000011,20251209,93427010,0,4364087,0,B,94100,1800,
000011.SZ,000011,20251209,93427010,0,4364103,0,S,94000,200,
000011.SZ,000011,20251209,93427210,0,4365855,0,B,93800,100,
000011.SZ,000011,20251209,93428410,0,4377110,0,S,93800,100,
000011.SZ,000011,20251209,93428570,0,4378682,0,S,94000,10300,
000011.SZ,000011,20251209,93429350,0,4385297,0,S,93800,100,
000011.SZ,000011,20251209,93429360,0,4385339,0,S,93800,100,
000011.SZ,000011,20251209,93429360,0,4385360,0,S,93800,100,
000011.SZ,000011,20251209,93430210,0,4392092,0,B,93700,300,
000011.SZ,000011,20251209,93430210,0,4392094,0,S,93800,400,
000011.SZ,000011,20251209,93433560,0,4423401,0,B,94300,100,
000011.SZ,000011,20251209,93434950,0,4435549,0,S,94700,2000,
000011.SZ,000011,20251209,93435460,0,4439464,0,B,94000,800,
000011.SZ,000011,20251209,93437660,0,4457717,0,B,93500,500,
000011.SZ,000011,20251209,93438230,0,4462223,0,B,93700,100,
000011.SZ,000011,20251209,93438230,0,4462224,0,B,93700,100,
000011.SZ,000011,20251209,93438230,0,4462237,0,B,93700,100,
000011.SZ,000011,20251209,93441070,0,4484951,0,S,99000,1000,
000011.SZ,000011,20251209,93442250,0,4494047,0,B,93800,4300,
000011.SZ,000011,20251209,93442350,0,4494786,0,B,93800,600,
000011.SZ,000011,20251209,93445150,0,4517012,0,S,94000,100,
000011.SZ,000011,20251209,93445780,0,4523169,0,B,93800,200,
000011.SZ,000011,20251209,93448270,0,4544861,0,S,94000,200,
000011.SZ,000011,20251209,93448270,0,4544862,0,B,93800,300,
000011.SZ,000011,20251209,93448910,0,4550883,0,B,93900,600,
000011.SZ,000011,20251209,93448910,0,4550908,0,S,93800,300,
000011.SZ,000011,20251209,93449160,0,4553106,0,B,93500,1000,
000011.SZ,000011,20251209,93450370,0,4563658,0,S,93800,200,
000011.SZ,000011,20251209,93451230,0,4570464,0,B,93800,400,
000011.SZ,000011,20251209,93452590,0,4582166,0,S,94200,100,
000011.SZ,000011,20251209,93452600,0,4582232,0,B,93900,7600,
000011.SZ,000011,20251209,93454300,0,4596017,0,B,93800,9800,
000011.SZ,000011,20251209,93454310,0,4596046,0,B,93900,600,
000011.SZ,000011,20251209,93454310,0,4596089,0,B,93800,100,
000011.SZ,000011,20251209,93454310,0,4596126,0,B,93900,200,
000011.SZ,000011,20251209,93454340,0,4596359,0,B,93900,100,
000011.SZ,000011,20251209,93454360,0,4596599,0,B,93900,500,
000011.SZ,000011,20251209,93454460,0,4597664,0,B,93900,100,
000011.SZ,000011,20251209,93455060,0,4602933,0,B,93900,400,
000011.SZ,000011,20251209,93455070,0,4602967,0,B,93900,700,
000011.SZ,000011,20251209,93456660,0,4616233,0,B,93600,1000,
000011.SZ,000011,20251209,93457150,0,4619865,0,S,94300,1700,
000011.SZ,000011,20251209,93457150,0,4619866,0,S,94300,1700,
000011.SZ,000011,20251209,93457690,0,4624564,0,S,94000,10300,
000011.SZ,000011,20251209,93457880,0,4626126,0,B,93900,2800,
000011.SZ,000011,20251209,93457910,0,4626330,0,B,93900,600,
000011.SZ,000011,20251209,93458230,0,4629014,0,B,93900,100,
000011.SZ,000011,20251209,93458240,0,4629020,0,B,93900,100,
000011.SZ,000011,20251209,93458830,0,4634344,0,S,94400,500,
000011.SZ,000011,20251209,93459640,0,4639954,0,B,93400,500,
000011.SZ,000011,20251209,93500150,0,4644141,0,S,94000,300,
000011.SZ,000011,20251209,93500150,0,4644142,0,B,93900,300,
000011.SZ,000011,20251209,93500240,0,4645436,0,B,93900,100,
000011.SZ,000011,20251209,93501190,0,4657976,0,B,93900,900,
000011.SZ,000011,20251209,93501420,0,4661000,0,B,93900,2600,
000011.SZ,000011,20251209,93503220,0,4678567,0,B,93800,500,
000011.SZ,000011,20251209,93503240,0,4678678,0,S,94000,20000,
000011.SZ,000011,20251209,93503240,0,4678722,0,S,94000,1300,
000011.SZ,000011,20251209,93503790,0,4684651,0,B,93900,2700,
000011.SZ,000011,20251209,93504040,0,4687250,0,B,92800,18500,
000011.SZ,000011,20251209,93508330,0,4738005,0,B,93800,1500,
000011.SZ,000011,20251209,93508960,0,4743903,0,S,93900,1200,
000011.SZ,000011,20251209,93508980,0,4744078,0,S,93900,100,
000011.SZ,000011,20251209,93508980,0,4744080,0,S,93900,100,
000011.SZ,000011,20251209,93508990,0,4744124,0,S,93900,100,
000011.SZ,000011,20251209,93508990,0,4744145,0,S,93900,100,
000011.SZ,000011,20251209,93509620,0,4752004,0,B,93900,800,
000011.SZ,000011,20251209,93511110,0,4768756,0,B,93600,2000,
000011.SZ,000011,20251209,93511830,0,4775701,0,B,93900,600,
000011.SZ,000011,20251209,93512150,0,4778446,0,B,94000,100,
000011.SZ,000011,20251209,93512160,0,4778503,0,B,94000,100,
000011.SZ,000011,20251209,93512170,0,4778735,0,B,94000,100,
000011.SZ,000011,20251209,93512190,0,4779193,0,B,94000,700,
000011.SZ,000011,20251209,93512200,0,4779291,0,B,94000,1000,
000011.SZ,000011,20251209,93515200,0,4812226,0,B,94000,200,
000011.SZ,000011,20251209,93515210,0,4812248,0,B,94000,200,
000011.SZ,000011,20251209,93515800,0,4819122,0,S,99600,5400,
000011.SZ,000011,20251209,93515920,0,4820174,0,B,94000,100,
000011.SZ,000011,20251209,93515960,0,4820459,0,B,94000,600,
000011.SZ,000011,20251209,93515960,0,4820467,0,B,93800,100,
000011.SZ,000011,20251209,93516030,0,4821186,0,S,93900,1000,
000011.SZ,000011,20251209,93516510,0,4825892,0,B,93900,1300,
000011.SZ,000011,20251209,93516910,0,4829665,0,B,94000,600,
000011.SZ,000011,20251209,93518280,0,4840994,0,B,93900,200,
000011.SZ,000011,20251209,93518300,0,4841148,0,S,93800,700,
000011.SZ,000011,20251209,93519030,0,4847935,0,B,94000,600,
000011.SZ,000011,20251209,93519190,0,4849125,0,B,93900,2900,
000011.SZ,000011,20251209,93521330,0,4866827,0,S,98000,200,
000011.SZ,000011,20251209,93521380,0,4867153,0,B,94000,400,
000011.SZ,000011,20251209,93521460,0,4867956,0,B,94000,100,
000011.SZ,000011,20251209,93521820,0,4871033,0,B,93900,600,
000011.SZ,000011,20251209,93522290,0,4874632,0,B,94000,700,
000011.SZ,000011,20251209,93522580,0,4877221,0,B,94000,900,
000011.SZ,000011,20251209,93522980,0,4880328,0,S,93500,42100,
000011.SZ,000011,20251209,93522990,0,4880437,0,B,93600,1400,
000011.SZ,000011,20251209,93522990,0,4880438,0,B,93600,1200,
000011.SZ,000011,20251209,93522990,0,4880441,0,B,93700,100,
000011.SZ,000011,20251209,93522990,0,4880486,0,B,93600,6200,
000011.SZ,000011,20251209,93523000,0,4880526,0,B,93700,6200,
000011.SZ,000011,20251209,93523150,0,4881590,0,B,93800,500,
000011.SZ,000011,20251209,93523310,0,4883052,0,S,95000,300,
000011.SZ,000011,20251209,93523700,0,4885783,0,S,103200,200,
000011.SZ,000011,20251209,93524150,0,4888956,0,B,93800,300,
000011.SZ,000011,20251209,93524220,0,4889462,0,B,94300,100,
000011.SZ,000011,20251209,93524270,0,4890029,0,B,93900,500,
000011.SZ,000011,20251209,93524820,0,4894345,0,B,93800,1200,
000011.SZ,000011,20251209,93524890,0,4894845,0,B,93800,600,
000011.SZ,000011,20251209,93524900,0,4894924,0,B,93800,700,
000011.SZ,000011,20251209,93524910,0,4894992,0,B,93800,500,
000011.SZ,000011,20251209,93524930,0,4895205,0,B,93800,100,
000011.SZ,000011,20251209,93525030,0,4895919,0,B,93700,200,
000011.SZ,000011,20251209,93525030,0,4895925,0,B,93700,100,
000011.SZ,000011,20251209,93525190,0,4897126,0,B,93800,2900,
000011.SZ,000011,20251209,93526250,0,4905555,0,B,93800,800,
000011.SZ,000011,20251209,93526880,0,4909640,0,B,93800,800,
000011.SZ,000011,20251209,93527820,0,4917030,0,B,93900,600,
000011.SZ,000011,20251209,93527850,0,4917241,0,B,93900,900,
000011.SZ,000011,20251209,93527930,0,4917827,0,B,93900,700,
000011.SZ,000011,20251209,93531940,0,4952370,0,S,93900,1000,
000011.SZ,000011,20251209,93533620,0,4966896,0,S,94300,7000,
000011.SZ,000011,20251209,93534420,0,4974660,0,B,93900,700,
000011.SZ,000011,20251209,93534810,0,4978919,0,S,97900,2500,
000011.SZ,000011,20251209,93538080,0,5007258,0,B,93900,1000,
000011.SZ,000011,20251209,93539810,0,5024287,0,B,93900,300,
000011.SZ,000011,20251209,93540100,0,5026693,0,B,93900,2500,
000011.SZ,000011,20251209,93540450,0,5031831,0,B,93900,1500,
000011.SZ,000011,20251209,93540460,0,5031981,0,B,94000,100,
000011.SZ,000011,20251209,93541380,0,5041661,0,S,93900,100,
000011.SZ,000011,20251209,93541390,0,5041758,0,S,94000,100,
000011.SZ,000011,20251209,93542670,0,5054853,0,B,93400,400,
000011.SZ,000011,20251209,93543130,0,5059061,0,B,94000,100,
000011.SZ,000011,20251209,93543680,0,5064884,0,S,102000,200,
000011.SZ,000011,20251209,93544860,0,5074769,0,B,93700,1500,
000011.SZ,000011,20251209,93544950,0,5076028,0,B,93700,1700,
000011.SZ,000011,20251209,93547730,0,5104030,0,B,93500,2000,
000011.SZ,000011,20251209,93551000,0,5137841,0,B,93900,700,
000011.SZ,000011,20251209,93552540,0,5154467,0,B,93500,1000,
000011.SZ,000011,20251209,93553090,0,5159193,0,B,93600,3000,
000011.SZ,000011,20251209,93553100,0,5159269,0,B,94000,1900,
000011.SZ,000011,20251209,93553100,0,5159340,0,S,94200,500,
000011.SZ,000011,20251209,93554810,0,5174480,0,B,94000,100,
000011.SZ,000011,20251209,93555980,0,5184746,0,B,93900,700,
000011.SZ,000011,20251209,93556200,0,5186332,0,B,93900,1800,
000011.SZ,000011,20251209,93557300,0,5196106,0,S,94500,1000,
000011.SZ,000011,20251209,93557460,0,5197290,0,B,94000,100,
000011.SZ,000011,20251209,93600840,0,5232468,0,S,97700,500,
000011.SZ,000011,20251209,93603460,0,5262475,0,B,94000,100,
000011.SZ,000011,20251209,93604080,0,5268205,0,B,93800,100,
000011.SZ,000011,20251209,93604480,0,5272627,0,B,93900,2200,
000011.SZ,000011,20251209,93606100,0,5286405,0,B,93900,1200,
000011.SZ,000011,20251209,93606220,0,5287534,0,B,93900,100,
000011.SZ,000011,20251209,93606390,0,5290002,0,S,98500,1000,
000011.SZ,000011,20251209,93606710,0,5292800,0,B,93900,2600,
000011.SZ,000011,20251209,93606970,0,5295003,0,B,94000,1900,
000011.SZ,000011,20251209,93607060,0,5295874,0,B,93900,100,
000011.SZ,000011,20251209,93607690,0,5301655,0,S,93900,10000,
000011.SZ,000011,20251209,93607700,0,5301695,0,B,94000,200,
000011.SZ,000011,20251209,93608610,0,5311064,0,S,94000,300,
000011.SZ,000011,20251209,93608940,0,5314692,0,B,94000,100,
000011.SZ,000011,20251209,93611430,0,5344598,0,B,93600,600,
000011.SZ,000011,20251209,93612280,0,5352160,0,S,98300,2100,
000011.SZ,000011,20251209,93615710,0,5386774,0,S,99900,500,
000011.SZ,000011,20251209,93616050,0,5390159,0,S,93900,2400,
000011.SZ,000011,20251209,93616130,0,5390866,0,B,93900,1500,
000011.SZ,000011,20251209,93616970,0,5398618,0,S,94500,130500,
000011.SZ,000011,20251209,93617320,0,5402172,0,S,93800,800,
000011.SZ,000011,20251209,93617710,0,5405710,0,B,93900,300,
000011.SZ,000011,20251209,93618190,0,5409304,0,S,94000,300,
000011.SZ,000011,20251209,93618190,0,5409306,0,S,94000,200,
000011.SZ,000011,20251209,93618250,0,5410035,0,B,94000,1500,
000011.SZ,000011,20251209,93618680,0,5414074,0,S,94100,600,
000011.SZ,000011,20251209,93620040,0,5426557,0,B,94300,100,
000011.SZ,000011,20251209,93620090,0,5427016,0,B,93900,500,
000011.SZ,000011,20251209,93621990,0,5442854,0,B,93900,200,
000011.SZ,000011,20251209,93622920,0,5450759,0,S,96000,700,
000011.SZ,000011,20251209,93623350,0,5454320,0,S,96100,2000,
000011.SZ,000011,20251209,93623900,0,5457955,0,B,93900,800,
000011.SZ,000011,20251209,93624190,0,5459819,0,S,95800,2000,
000011.SZ,000011,20251209,93624550,0,5463049,0,B,93900,2000,
000011.SZ,000011,20251209,93624600,0,5463698,0,B,94000,200,
000011.SZ,000011,20251209,93624630,0,5464112,0,B,94000,200,
000011.SZ,000011,20251209,93624700,0,5464685,0,B,94000,100,
000011.SZ,000011,20251209,93624840,0,5466056,0,S,103200,500,
000011.SZ,000011,20251209,93626100,0,5476005,0,B,94000,200,
000011.SZ,000011,20251209,93627270,0,5485255,0,B,93900,100,
000011.SZ,000011,20251209,93627330,0,5485808,0,B,93900,100,
000011.SZ,000011,20251209,93627940,0,5491141,0,B,94000,700,
000011.SZ,000011,20251209,93629650,0,5504854,0,B,93700,2000,
000011.SZ,000011,20251209,93633080,0,5531463,0,B,93900,1400,
000011.SZ,000011,20251209,93633700,0,5536682,0,S,94200,1000,
000011.SZ,000011,20251209,93633830,0,5537675,0,B,93900,2800,
000011.SZ,000011,20251209,93633980,0,5538885,0,B,93900,900,
000011.SZ,000011,20251209,93633990,0,5538920,0,B,93900,100,
000011.SZ,000011,20251209,93634170,0,5540373,0,B,93900,100,
000011.SZ,000011,20251209,93634240,0,5541433,0,S,99900,1700,
000011.SZ,000011,20251209,93635990,0,5554991,0,B,93900,700,
000011.SZ,000011,20251209,93636360,0,5558789,0,B,93900,100,
000011.SZ,000011,20251209,93636390,0,5559044,0,B,93200,600,
000011.SZ,000011,20251209,93636390,0,5559053,0,B,93900,1300,
000011.SZ,000011,20251209,93636790,0,5562500,0,B,94000,900,
000011.SZ,000011,20251209,93637130,0,5565527,0,B,93900,800,
000011.SZ,000011,20251209,93639880,0,5586686,0,B,94000,100,
000011.SZ,000011,20251209,93645290,0,5632049,0,S,93800,100,
000011.SZ,000011,20251209,93645290,0,5632068,0,S,93800,100,
000011.SZ,000011,20251209,93645290,0,5632070,0,S,93800,100,
000011.SZ,000011,20251209,93645290,0,5632074,0,S,93800,100,
000011.SZ,000011,20251209,93645290,0,5632079,0,S,93800,100,
000011.SZ,000011,20251209,93645290,0,5632106,0,S,93800,100,
000011.SZ,000011,20251209,93645290,0,5632116,0,S,93800,100,
000011.SZ,000011,20251209,93645300,0,5632141,0,S,93800,100,
000011.SZ,000011,20251209,93645300,0,5632201,0,S,93800,100,
000011.SZ,000011,20251209,93645310,0,5632226,0,S,93800,100,
000011.SZ,000011,20251209,93646580,0,5642566,0,B,93900,1000,
000011.SZ,000011,20251209,93650600,0,5673877,0,S,103200,4700,
000011.SZ,000011,20251209,93650600,0,5673913,0,S,94000,100,
000011.SZ,000011,20251209,93652530,0,5689071,0,S,98500,2000,
000011.SZ,000011,20251209,93653690,0,5697775,0,B,94500,800,
000011.SZ,000011,20251209,93654950,0,5709247,0,B,93900,200,
000011.SZ,000011,20251209,93654960,0,5709298,0,S,94000,100,
000011.SZ,000011,20251209,93658620,0,5742143,0,S,97900,200,
000011.SZ,000011,20251209,93658640,0,5742351,0,S,97300,500,
000011.SZ,000011,20251209,93700220,0,5754089,0,S,94000,300,
000011.SZ,000011,20251209,93700220,0,5754098,0,S,94000,100,
000011.SZ,000011,20251209,93700230,0,5754125,0,S,93900,200,
000011.SZ,000011,20251209,93700240,0,5754185,0,S,94000,100,
000011.SZ,000011,20251209,93700300,0,5754858,0,S,94000,200,
000011.SZ,000011,20251209,93700300,0,5754861,0,S,94000,200,
000011.SZ,000011,20251209,93700300,0,5754874,0,S,94000,200,
000011.SZ,000011,20251209,93700800,0,5759832,0,B,93800,500,
000011.SZ,000011,20251209,93703280,0,5784960,0,S,93900,400,
000011.SZ,000011,20251209,93703290,0,5785059,0,S,93900,1000,
000011.SZ,000011,20251209,93703290,0,5785074,0,S,93900,300,
000011.SZ,000011,20251209,93703290,0,5785080,0,S,93900,2100,
000011.SZ,000011,20251209,93703290,0,5785096,0,S,93900,100,
000011.SZ,000011,20251209,93703300,0,5785103,0,S,93900,100,
000011.SZ,000011,20251209,93703300,0,5785108,0,S,93900,12600,
000011.SZ,000011,20251209,93703300,0,5785134,0,S,93900,4400,
000011.SZ,000011,20251209,93703300,0,5785148,0,S,93900,300,
000011.SZ,000011,20251209,93703310,0,5785257,0,S,93900,800,
000011.SZ,000011,20251209,93703310,0,5785259,0,S,93900,400,
000011.SZ,000011,20251209,93703310,0,5785262,0,S,93900,800,
000011.SZ,000011,20251209,93703310,0,5785283,0,S,93900,400,
000011.SZ,000011,20251209,93703310,0,5785289,0,S,93900,800,
000011.SZ,000011,20251209,93703310,0,5785318,0,S,94000,6200,
000011.SZ,000011,20251209,93703320,0,5785374,0,S,93900,400,
000011.SZ,000011,20251209,93703340,0,5785512,0,S,93900,100,
000011.SZ,000011,20251209,93703340,0,5785546,0,S,93900,200,
000011.SZ,000011,20251209,93703340,0,5785547,0,S,93900,200,
000011.SZ,000011,20251209,93703350,0,5785566,0,S,93900,200,
000011.SZ,000011,20251209,93703660,0,5788658,0,S,93900,200,
000011.SZ,000011,20251209,93703730,0,5789511,0,S,93900,300,
000011.SZ,000011,20251209,93703870,0,5790811,0,S,93900,100,
000011.SZ,000011,20251209,93704230,0,5795208,0,B,93900,2800,
000011.SZ,000011,20251209,93704920,0,5802410,0,S,94400,5000,
000011.SZ,000011,20251209,93704930,0,5802493,0,S,93900,10600,
000011.SZ,000011,20251209,93705130,0,5804425,0,S,93900,500,
000011.SZ,000011,20251209,93706280,0,5813594,0,B,94200,100,
000011.SZ,000011,20251209,93707700,0,5827196,0,S,93900,100,
000011.SZ,000011,20251209,93710320,0,5847499,0,S,96000,5000,
000011.SZ,000011,20251209,93710570,0,5849565,0,S,93800,100,
000011.SZ,000011,20251209,93710580,0,5849609,0,S,93800,8500,
000011.SZ,000011,20251209,93712220,0,5864221,0,B,93800,900,
000011.SZ,000011,20251209,93712230,0,5864280,0,S,93800,900,
000011.SZ,000011,20251209,93712230,0,5864362,0,S,93800,100,
000011.SZ,000011,20251209,93712230,0,5864363,0,S,93800,200,
000011.SZ,000011,20251209,93712240,0,5864367,0,S,93800,100,
000011.SZ,000011,20251209,93712240,0,5864368,0,S,93800,100,
000011.SZ,000011,20251209,93712290,0,5864899,0,S,93800,200,
000011.SZ,000011,20251209,93712290,0,5864906,0,S,93800,200,
000011.SZ,000011,20251209,93712290,0,5864938,0,S,93800,200,
000011.SZ,000011,20251209,93712740,0,5870150,0,S,93800,100,
000011.SZ,000011,20251209,93712780,0,5870519,0,B,93700,100,
000011.SZ,000011,20251209,93713860,0,5881427,0,S,93800,10623,
000011.SZ,000011,20251209,93715520,0,5895356,0,S,98000,1400,
000011.SZ,000011,20251209,93716800,0,5907053,0,S,93600,700,
000011.SZ,000011,20251209,93716800,0,5907101,0,S,93700,300,
000011.SZ,000011,20251209,93717890,0,5914698,0,S,93900,2400,
000011.SZ,000011,20251209,93718810,0,5921587,0,S,100900,1700,
000011.SZ,000011,20251209,93719090,0,5924022,0,S,93700,500,
000011.SZ,000011,20251209,93720060,0,5933050,0,S,93700,500,
000011.SZ,000011,20251209,93720060,0,5933055,0,S,93700,600,
000011.SZ,000011,20251209,93720060,0,5933058,0,S,93700,300,
000011.SZ,000011,20251209,93720060,0,5933062,0,S,93700,800,
000011.SZ,000011,20251209,93721280,0,5942969,0,B,93700,1200,
000011.SZ,000011,20251209,93722030,0,5948459,0,S,93700,100,
000011.SZ,000011,20251209,93722190,0,5949805,0,S,93700,200,
000011.SZ,000011,20251209,93722250,0,5950466,0,B,93700,600,
000011.SZ,000011,20251209,93722660,0,5954683,0,S,93700,200,
000011.SZ,000011,20251209,93723320,0,5959279,0,S,93700,400,
000011.SZ,000011,20251209,93724330,0,5966599,0,S,93700,600,
000011.SZ,000011,20251209,93728330,0,5998048,0,B,93800,400,
000011.SZ,000011,20251209,93729610,0,6007409,0,S,93700,300,
000011.SZ,000011,20251209,93731220,0,6019796,0,B,93000,200,
000011.SZ,000011,20251209,93731680,0,6023246,0,B,93500,500,
000011.SZ,000011,20251209,93733520,0,6036902,0,B,94300,100,
000011.SZ,000011,20251209,93733880,0,6039660,0,S,93800,100,
000011.SZ,000011,20251209,93735730,0,6054257,0,S,93700,300,
000011.SZ,000011,20251209,93736020,0,6056219,0,B,93700,1000,
000011.SZ,000011,20251209,93736050,0,6056508,0,S,93700,100,
000011.SZ,000011,20251209,93736150,0,6057386,0,S,93700,100,
000011.SZ,000011,20251209,93736290,0,6058773,0,S,93700,300,
000011.SZ,000011,20251209,93736900,0,6063419,0,S,93700,500,
000011.SZ,000011,20251209,93737190,0,6065595,0,B,93500,10300,
000011.SZ,000011,20251209,93740220,0,6091056,0,B,93700,500,
000011.SZ,000011,20251209,93741340,0,6100340,0,S,103200,500,
000011.SZ,000011,20251209,93743820,0,6119710,0,S,94000,600,
000011.SZ,000011,20251209,93744370,0,6124347,0,B,93400,100,
000011.SZ,000011,20251209,93744460,0,6124899,0,S,93800,200,
000011.SZ,000011,20251209,93744820,0,6127323,0,S,93700,1400,
000011.SZ,000011,20251209,93751720,0,6185064,0,B,93700,2900,
000011.SZ,000011,20251209,93751730,0,6185084,0,S,93700,100,
000011.SZ,000011,20251209,93751940,0,6186774,0,B,93800,1200,
000011.SZ,000011,20251209,93753120,0,6196781,0,B,93600,6400,
000011.SZ,000011,20251209,93754350,0,6206192,0,B,93700,100,
000011.SZ,000011,20251209,93757720,0,6232286,0,B,93700,900,
000011.SZ,000011,20251209,93758460,0,6237925,0,B,93800,100,
000011.SZ,000011,20251209,93758460,0,6237927,0,B,93800,100,
000011.SZ,000011,20251209,93800630,0,6254541,0,B,93700,600,
000011.SZ,000011,20251209,93800770,0,6255627,0,S,93800,100,
000011.SZ,000011,20251209,93800780,0,6255687,0,S,93800,300,
000011.SZ,000011,20251209,93801510,0,6262460,0,B,93700,2600,
000011.SZ,000011,20251209,93803280,0,6277658,0,S,99900,1000,
000011.SZ,000011,20251209,93803420,0,6279126,0,S,93700,200,
000011.SZ,000011,20251209,93805060,0,6291747,0,S,93800,100,
000011.SZ,000011,20251209,93805100,0,6292275,0,S,93700,200,
000011.SZ,000011,20251209,93806260,0,6302454,0,S,93800,300,
000011.SZ,000011,20251209,93806420,0,6303892,0,S,93800,100,
000011.SZ,000011,20251209,93806690,0,6306349,0,B,93800,1000,
000011.SZ,000011,20251209,93807280,0,6311926,0,S,93700,100,
000011.SZ,000011,20251209,93807280,0,6311954,0,S,93700,100,
000011.SZ,000011,20251209,93807280,0,6312000,0,S,93700,100,
000011.SZ,000011,20251209,93807310,0,6312349,0,S,93700,300,
000011.SZ,000011,20251209,93807310,0,6312367,0,S,93700,100,
000011.SZ,000011,20251209,93807310,0,6312381,0,S,93700,100,
000011.SZ,000011,20251209,93807320,0,6312506,0,S,93700,100,
000011.SZ,000011,20251209,93807320,0,6312509,0,S,93700,100,
000011.SZ,000011,20251209,93807320,0,6312528,0,S,93700,100,
000011.SZ,000011,20251209,93807370,0,6313202,0,S,93700,100,
000011.SZ,000011,20251209,93807380,0,6313301,0,S,93700,100,
000011.SZ,000011,20251209,93807840,0,6317362,0,B,93700,100,
000011.SZ,000011,20251209,93808330,0,6321762,0,S,93700,100,
000011.SZ,000011,20251209,93808330,0,6321780,0,S,93700,200,
000011.SZ,000011,20251209,93808330,0,6321782,0,S,93700,100,
000011.SZ,000011,20251209,93808330,0,6321852,0,S,93700,200,
000011.SZ,000011,20251209,93808330,0,6321871,0,S,93700,100,
000011.SZ,000011,20251209,93808340,0,6321997,0,S,93700,100,
000011.SZ,000011,20251209,93808350,0,6322025,0,S,93700,100,
000011.SZ,000011,20251209,93808350,0,6322033,0,S,93700,100,
000011.SZ,000011,20251209,93808350,0,6322038,0,S,93700,100,
000011.SZ,000011,20251209,93808350,0,6322050,0,S,93700,200,
000011.SZ,000011,20251209,93808350,0,6322054,0,S,93700,100,
000011.SZ,000011,20251209,93808350,0,6322060,0,S,93700,100,
000011.SZ,000011,20251209,93808350,0,6322062,0,S,93700,300,
000011.SZ,000011,20251209,93808350,0,6322104,0,S,93700,100,
000011.SZ,000011,20251209,93808350,0,6322131,0,S,93700,200,
000011.SZ,000011,20251209,93808360,0,6322189,0,S,93700,600,
000011.SZ,000011,20251209,93808360,0,6322200,0,S,93700,100,
000011.SZ,000011,20251209,93808370,0,6322295,0,S,93700,200,
000011.SZ,000011,20251209,93808440,0,6323002,0,S,93700,100,
000011.SZ,000011,20251209,93809080,0,6327777,0,S,93800,100,
000011.SZ,000011,20251209,93809190,0,6328578,0,B,93700,500,
000011.SZ,000011,20251209,93809310,0,6329649,0,S,93700,100,
000011.SZ,000011,20251209,93809330,0,6329934,0,S,93700,100,
000011.SZ,000011,20251209,93809340,0,6330005,0,S,93700,100,
000011.SZ,000011,20251209,93809340,0,6330009,0,S,93700,100,
000011.SZ,000011,20251209,93809350,0,6330078,0,S,93700,100,
000011.SZ,000011,20251209,93809350,0,6330083,0,S,93700,100,
000011.SZ,000011,20251209,93809370,0,6330410,0,S,93700,200,
000011.SZ,000011,20251209,93809380,0,6330571,0,S,93700,100,
000011.SZ,000011,20251209,93810500,0,6339422,0,S,93800,200,
000011.SZ,000011,20251209,93811040,0,6343404,0,S,94200,1000,
000011.SZ,000011,20251209,93811240,0,6344927,0,S,93800,400,
000011.SZ,000011,20251209,93812410,0,6353492,0,B,94000,1000,
000011.SZ,000011,20251209,93812660,0,6355103,0,S,93700,100,
000011.SZ,000011,20251209,93813170,0,6358590,0,S,93800,600,
000011.SZ,000011,20251209,93813300,0,6359856,0,S,93700,200,
000011.SZ,000011,20251209,93813310,0,6359972,0,S,93700,100,
000011.SZ,000011,20251209,93813320,0,6360028,0,S,93700,100,
000011.SZ,000011,20251209,93813320,0,6360091,0,S,93700,200,
000011.SZ,000011,20251209,93813340,0,6360184,0,S,93700,300,
000011.SZ,000011,20251209,93813350,0,6360281,0,S,93700,100,
000011.SZ,000011,20251209,93813350,0,6360286,0,S,93700,100,
000011.SZ,000011,20251209,93813350,0,6360298,0,S,93700,100,
000011.SZ,000011,20251209,93813360,0,6360388,0,S,93700,200,
000011.SZ,000011,20251209,93813360,0,6360430,0,S,93700,100,
000011.SZ,000011,20251209,93814400,0,6368030,0,S,93700,100,
000011.SZ,000011,20251209,93814420,0,6368171,0,S,93700,100,
000011.SZ,000011,20251209,93814440,0,6368285,0,S,93800,9623,
000011.SZ,000011,20251209,93814440,0,6368303,0,S,93700,100,
000011.SZ,000011,20251209,93814440,0,6368334,0,S,93700,100,
000011.SZ,000011,20251209,93815150,0,6372871,0,S,93700,100,
000011.SZ,000011,20251209,93815160,0,6372901,0,B,93600,100,
000011.SZ,000011,20251209,93815160,0,6372905,0,B,93600,100,
000011.SZ,000011,20251209,93815160,0,6372911,0,B,93600,100,
000011.SZ,000011,20251209,93815170,0,6373103,0,S,93600,100,
000011.SZ,000011,20251209,93815180,0,6373212,0,S,93800,100,
000011.SZ,000011,20251209,93815180,0,6373214,0,S,93800,400,
000011.SZ,000011,20251209,93815180,0,6373220,0,S,93800,300,
000011.SZ,000011,20251209,93815210,0,6373367,0,S,93600,200,
000011.SZ,000011,20251209,93815440,0,6375330,0,S,93700,100,
000011.SZ,000011,20251209,93815600,0,6376804,0,S,93700,100,
000011.SZ,000011,20251209,93815930,0,6379437,0,S,93700,100,
000011.SZ,000011,20251209,93818870,0,6403013,0,B,93700,100,
000011.SZ,000011,20251209,93818960,0,6403642,0,S,93700,600,
000011.SZ,000011,20251209,93819150,0,6405038,0,B,93700,100,
000011.SZ,000011,20251209,93819330,0,6406620,0,B,93700,3700,
000011.SZ,000011,20251209,93819480,0,6408492,0,S,93700,200,
000011.SZ,000011,20251209,93820280,0,6414886,0,S,93700,800,
000011.SZ,000011,20251209,93820280,0,6414895,0,S,93700,100,
000011.SZ,000011,20251209,93820290,0,6414919,0,S,93700,100,
000011.SZ,000011,20251209,93820290,0,6414940,0,S,93700,100,
000011.SZ,000011,20251209,93820290,0,6414976,0,S,93700,100,
000011.SZ,000011,20251209,93820290,0,6414978,0,S,93700,100,
000011.SZ,000011,20251209,93820300,0,6415026,0,S,93700,300,
000011.SZ,000011,20251209,93820330,0,6415399,0,S,93700,300,
000011.SZ,000011,20251209,93820440,0,6416427,0,S,93700,100,
000011.SZ,000011,20251209,93820440,0,6416658,0,S,93700,300,
000011.SZ,000011,20251209,93820450,0,6416740,0,S,93700,100,
000011.SZ,000011,20251209,93820490,0,6417019,0,S,93700,300,
000011.SZ,000011,20251209,93820600,0,6417701,0,S,93700,800,
000011.SZ,000011,20251209,93820620,0,6417838,0,S,93700,200,
000011.SZ,000011,20251209,93821770,0,6427367,0,S,103200,1000,
000011.SZ,000011,20251209,93822060,0,6429473,0,B,93000,2100,
000011.SZ,000011,20251209,93824230,0,6445548,0,S,93700,300,
000011.SZ,000011,20251209,93824810,0,6450599,0,S,93700,900,
000011.SZ,000011,20251209,93824830,0,6450809,0,S,93700,600,
000011.SZ,000011,20251209,93824950,0,6451674,0,B,93600,1000,
000011.SZ,000011,20251209,93826870,0,6465087,0,S,93600,9600,
000011.SZ,000011,20251209,93826910,0,6465379,0,S,93600,100,
000011.SZ,000011,20251209,93827560,0,6470419,0,S,93700,600,
000011.SZ,000011,20251209,93827570,0,6470501,0,S,93600,100,
000011.SZ,000011,20251209,93827570,0,6470519,0,S,93600,200,
000011.SZ,000011,20251209,93827570,0,6470524,0,S,93600,900,
000011.SZ,000011,20251209,93827590,0,6470595,0,S,93600,100,
000011.SZ,000011,20251209,93827670,0,6471127,0,S,93600,100,
000011.SZ,000011,20251209,93828460,0,6476827,0,S,93600,100,
000011.SZ,000011,20251209,93828470,0,6476891,0,S,93600,100,
000011.SZ,000011,20251209,93828480,0,6476930,0,S,93600,400,
000011.SZ,000011,20251209,93828480,0,6476935,0,S,93600,100,
000011.SZ,000011,20251209,93828490,0,6477036,0,S,93600,100,
000011.SZ,000011,20251209,93828490,0,6477066,0,S,93600,100,
000011.SZ,000011,20251209,93828490,0,6477071,0,S,93600,100,
000011.SZ,000011,20251209,93828490,0,6477075,0,S,93600,200,
000011.SZ,000011,20251209,93828500,0,6477122,0,S,93600,100,
000011.SZ,000011,20251209,93828500,0,6477185,0,S,93600,100,
000011.SZ,000011,20251209,93828990,0,6480595,0,B,93500,100,
000011.SZ,000011,20251209,93829450,0,6483573,0,S,93600,100,
000011.SZ,000011,20251209,93829470,0,6483732,0,S,93600,200,
000011.SZ,000011,20251209,93829480,0,6483764,0,S,93600,100,
000011.SZ,000011,20251209,93830240,0,6488280,0,S,93600,1000,
000011.SZ,000011,20251209,93830330,0,6489035,0,B,93300,600,
000011.SZ,000011,20251209,93830810,0,6492564,0,S,93600,900,
000011.SZ,000011,20251209,93831110,0,6494964,0,B,93500,2600,
000011.SZ,000011,20251209,93831390,0,6497165,0,B,93600,200,
000011.SZ,000011,20251209,93831390,0,6497184,0,B,93600,200,
000011.SZ,000011,20251209,93831530,0,6499154,0,B,93600,200,
000011.SZ,000011,20251209,93831530,0,6499157,0,B,93600,100,
000011.SZ,000011,20251209,93832500,0,6506323,0,S,93600,100,
000011.SZ,000011,20251209,93833550,0,6513502,0,B,94100,400,
000011.SZ,000011,20251209,93834820,0,6523318,0,B,93500,700,
000011.SZ,000011,20251209,93835170,0,6525816,0,B,93000,1000,
000011.SZ,000011,20251209,93835630,0,6529723,0,B,88000,1000,
000011.SZ,000011,20251209,93838970,0,6551192,0,B,93400,900,
000011.SZ,000011,20251209,93839150,0,6552547,0,B,93500,500,
000011.SZ,000011,20251209,93839250,0,6553497,0,B,93500,300,
000011.SZ,000011,20251209,93839870,0,6557921,0,S,93600,600,
000011.SZ,000011,20251209,93840080,0,6559044,0,S,93600,700,
000011.SZ,000011,20251209,93840500,0,6562818,0,S,103200,1000,
000011.SZ,000011,20251209,93844110,0,6585797,0,B,94100,200,
000011.SZ,000011,20251209,93845440,0,6593954,0,S,99000,1000,
000011.SZ,000011,20251209,93846180,0,6598639,0,B,93500,200,
000011.SZ,000011,20251209,93851630,0,6635389,0,B,93200,5000,
000011.SZ,000011,20251209,93855200,0,6658934,0,S,93600,900,
000011.SZ,000011,20251209,93857000,0,6670840,0,B,93500,300,
000011.SZ,000011,20251209,93857720,0,6676152,0,B,93500,2700,
000011.SZ,000011,20251209,93858600,0,6681620,0,B,93500,4600,
000011.SZ,000011,20251209,93859050,0,6684117,0,B,93600,2000,
000011.SZ,000011,20251209,93859050,0,6684148,0,B,93600,1100,
000011.SZ,000011,20251209,93859090,0,6684405,0,B,93600,900,
000011.SZ,000011,20251209,93859090,0,6684458,0,S,93600,400,
000011.SZ,000011,20251209,93859090,0,6684478,0,B,93600,900,
000011.SZ,000011,20251209,93859100,0,6684502,0,B,93600,1400,
000011.SZ,000011,20251209,93859100,0,6684530,0,B,93600,600,
000011.SZ,000011,20251209,93900450,0,6693577,0,B,92600,500,
