万得代码,交易所代码,自然日,时间,成交价,成交量,成交额,成交笔数,IOPV,成交标志,BS标志,当日累计成交量,当日成交额,最高价,最低价,开盘价,前收盘,申卖价1,申卖价2,申卖价3,申卖价4,申卖价5,申卖价6,申卖价7,申卖价8,申卖价9,申卖价10,申卖量1,申卖量2,申卖量3,申卖量4,申卖量5,申卖量6,申卖量7,申卖量8,申卖量9,申卖量10,申买价1,申买价2,申买价3,申买价4,申买价5,申买价6,申买价7,申买价8,申买价9,申买价10,申买量1,申买量2,申买量3,申买量4,申买量5,申买量6,申买量7,申买量8,申买量9,申买量10,加权平均叫卖价,加权平均叫买价,叫卖总量,叫买总量,不加权指数,品种总数,上涨品种数,下跌品种数,持平品种数,
000007.SZ,000007,20251209,81554000,0,0,0,0,0,,,0,0,0,0,0,98900,0,0,0,0,0,0,0,0,0,0,0,0,0,0,0,0,0,0,0,0,0,0,0,0,0,0,0,0,0,0,0,0,0,0,0,0,0,0,0,0,0,0,0,0,0,0,0,0,0,
000007.SZ,000007,20251209,91500000,0,0,0,0,0,,,0,0,0,0,0,98900,108800,0,0,0,0,0,0,0,0,0,48600,0,0,0,0,0,0,0,0,0,108800,0,0,0,0,0,0,0,0,0,48600,61600,0,0,0,0,0,0,0,0,0,0,0,0,0,0,0,0,0,
000007.SZ,000007,20251209,91509000,0,0,0,0,0,,,0,0,0,0,0,98900,108800,0,0,0,0,0,0,0,0,0,120900,7200,0,0,0,0,0,0,0,0,108800,0,0,0,0,0,0,0,0,0,120900,0,0,0,0,0,0,0,0,0,0,0,0,0,0,0,0,0,0,
000007.SZ,000007,20251209,91518000,0,0,0,0,0,,,0,0,0,0,0,98900,108800,0,0,0,0,0,0,0,0,0,118200,18300,0,0,0,0,0,0,0,0,108800,0,0,0,0,0,0,0,0,0,118200,0,0,0,0,0,0,0,0,0,0,0,0,0,0,0,0,0,0,
000007.SZ,000007,20251209,91527000,0,0,0,0,0,,,0,0,0,0,0,98900,108800,0,0,0,0,0,0,0,0,0,118200,18400,0,0,0,0,0,0,0,0,108800,0,0,0,0,0,0,0,0,0,118200,0,0,0,0,0,0,0,0,0,0,0,0,0,0,0,0,0,0,
000007.SZ,000007,20251209,91536000,0,0,0,0,0,,,0,0,0,0,0,98900,108800,0,0,0,0,0,0,0,0,0,118200,18600,0,0,0,0,0,0,0,0,108800,0,0,0,0,0,0,0,0,0,118200,0,0,0,0,0,0,0,0,0,0,0,0,0,0,0,0,0,0,
000007.SZ,000007,20251209,91545000,0,0,0,0,0,,,0,0,0,0,0,98900,108800,0,0,0,0,0,0,0,0,0,118200,19600,0,0,0,0,0,0,0,0,108800,0,0,0,0,0,0,0,0,0,118200,0,0,0,0,0,0,0,0,0,0,0,0,0,0,0,0,0,0,
000007.SZ,000007,20251209,91554000,0,0,0,0,0,,,0,0,0,0,0,98900,108800,0,0,0,0,0,0,0,0,0,118200,20400,0,0,0,0,0,0,0,0,108800,0,0,0,0,0,0,0,0,0,118200,0,0,0,0,0,0,0,0,0,0,0,0,0,0,0,0,0,0,
000007.SZ,000007,20251209,91603000,0,0,0,0,0,,,0,0,0,0,0,98900,108800,0,0,0,0,0,0,0,0,0,118200,25900,0,0,0,0,0,0,0,0,108800,0,0,0,0,0,0,0,0,0,118200,0,0,0,0,0,0,0,0,0,0,0,0,0,0,0,0,0,0,
000007.SZ,000007,20251209,91612000,0,0,0,0,0,,,0,0,0,0,0,98900,108800,0,0,0,0,0,0,0,0,0,118200,26100,0,0,0,0,0,0,0,0,108800,0,0,0,0,0,0,0,0,0,118200,0,0,0,0,0,0,0,0,0,0,0,0,0,0,0,0,0,0,
000007.SZ,000007,20251209,91621000,0,0,0,0,0,,,0,0,0,0,0,98900,108700,0,0,0,0,0,0,0,0,0,118200,11200,0,0,0,0,0,0,0,0,108700,0,0,0,0,0,0,0,0,0,118200,0,0,0,0,0,0,0,0,0,0,0,0,0,0,0,0,0,0,
000007.SZ,000007,20251209,91630000,0,0,0,0,0,,,0,0,0,0,0,98900,108800,0,0,0,0,0,0,0,0,0,135600,21400,0,0,0,0,0,0,0,0,108800,0,0,0,0,0,0,0,0,0,135600,0,0,0,0,0,0,0,0,0,0,0,0,0,0,0,0,0,0,
000007.SZ,000007,20251209,91639000,0,0,0,0,0,,,0,0,0,0,0,98900,108800,0,0,0,0,0,0,0,0,0,135600,23600,0,0,0,0,0,0,0,0,108800,0,0,0,0,0,0,0,0,0,135600,0,0,0,0,0,0,0,0,0,0,0,0,0,0,0,0,0,0,
000007.SZ,000007,20251209,91648000,0,0,0,0,0,,,0,0,0,0,0,98900,108700,0,0,0,0,0,0,0,0,0,135600,5500,0,0,0,0,0,0,0,0,108700,0,0,0,0,0,0,0,0,0,135600,0,0,0,0,0,0,0,0,0,0,0,0,0,0,0,0,0,0,
000007.SZ,000007,20251209,91657000,0,0,0,0,0,,,0,0,0,0,0,98900,108700,0,0,0,0,0,0,0,0,0,135600,6000,0,0,0,0,0,0,0,0,108700,0,0,0,0,0,0,0,0,0,135600,0,0,0,0,0,0,0,0,0,0,0,0,0,0,0,0,0,0,
000007.SZ,000007,20251209,91706000,0,0,0,0,0,,,0,0,0,0,0,98900,108700,0,0,0,0,0,0,0,0,0,135600,15600,0,0,0,0,0,0,0,0,108700,0,0,0,0,0,0,0,0,0,135600,0,0,0,0,0,0,0,0,0,0,0,0,0,0,0,0,0,0,
000007.SZ,000007,20251209,91715000,0,0,0,0,0,,,0,0,0,0,0,98900,108700,0,0,0,0,0,0,0,0,0,118200,33000,0,0,0,0,0,0,0,0,108700,0,0,0,0,0,0,0,0,0,118200,0,0,0,0,0,0,0,0,0,0,0,0,0,0,0,0,0,0,
000007.SZ,000007,20251209,91724000,0,0,0,0,0,,,0,0,0,0,0,98900,108500,0,0,0,0,0,0,0,0,0,119400,1200,0,0,0,0,0,0,0,0,108500,0,0,0,0,0,0,0,0,0,119400,0,0,0,0,0,0,0,0,0,0,0,0,0,0,0,0,0,0,
000007.SZ,000007,20251209,91733000,0,0,0,0,0,,,0,0,0,0,0,98900,99000,0,0,0,0,0,0,0,0,0,9400,20500,0,0,0,0,0,0,0,0,99000,0,0,0,0,0,0,0,0,0,9400,0,0,0,0,0,0,0,0,0,0,0,0,0,0,0,0,0,0,
000007.SZ,000007,20251209,91742000,0,0,0,0,0,,,0,0,0,0,0,98900,99000,0,0,0,0,0,0,0,0,0,10700,21500,0,0,0,0,0,0,0,0,99000,0,0,0,0,0,0,0,0,0,10700,0,0,0,0,0,0,0,0,0,0,0,0,0,0,0,0,0,0,
000007.SZ,000007,20251209,91800000,0,0,0,0,0,,,0,0,0,0,0,98900,99000,0,0,0,0,0,0,0,0,0,10700,21600,0,0,0,0,0,0,0,0,99000,0,0,0,0,0,0,0,0,0,10700,0,0,0,0,0,0,0,0,0,0,0,0,0,0,0,0,0,0,
000007.SZ,000007,20251209,91836000,0,0,0,0,0,,,0,0,0,0,0,98900,99000,0,0,0,0,0,0,0,0,0,11900,20400,0,0,0,0,0,0,0,0,99000,0,0,0,0,0,0,0,0,0,11900,0,0,0,0,0,0,0,0,0,0,0,0,0,0,0,0,0,0,
000007.SZ,000007,20251209,91845000,0,0,0,0,0,,,0,0,0,0,0,98900,99000,0,0,0,0,0,0,0,0,0,12400,19900,0,0,0,0,0,0,0,0,99000,0,0,0,0,0,0,0,0,0,12400,0,0,0,0,0,0,0,0,0,0,0,0,0,0,0,0,0,0,
000007.SZ,000007,20251209,91912000,0,0,0,0,0,,,0,0,0,0,0,98900,99000,0,0,0,0,0,0,0,0,0,12500,20800,0,0,0,0,0,0,0,0,99000,0,0,0,0,0,0,0,0,0,12500,0,0,0,0,0,0,0,0,0,0,0,0,0,0,0,0,0,0,
000007.SZ,000007,20251209,91921000,0,0,0,0,0,,,0,0,0,0,0,98900,99000,0,0,0,0,0,0,0,0,0,12500,30800,0,0,0,0,0,0,0,0,99000,0,0,0,0,0,0,0,0,0,12500,0,0,0,0,0,0,0,0,0,0,0,0,0,0,0,0,0,0,
000007.SZ,000007,20251209,92000000,0,0,0,0,0,,,0,0,0,0,0,98900,99000,0,0,0,0,0,0,0,0,0,12600,30700,0,0,0,0,0,0,0,0,99000,0,0,0,0,0,0,0,0,0,12600,0,0,0,0,0,0,0,0,0,0,0,0,0,0,0,0,0,0,
000007.SZ,000007,20251209,92009000,0,0,0,0,0,,,0,0,0,0,0,98900,99000,0,0,0,0,0,0,0,0,0,12900,30500,0,0,0,0,0,0,0,0,99000,0,0,0,0,0,0,0,0,0,12900,0,0,0,0,0,0,0,0,0,0,0,0,0,0,0,0,0,0,
000007.SZ,000007,20251209,92045000,0,0,0,0,0,,,0,0,0,0,0,98900,99000,0,0,0,0,0,0,0,0,0,13100,30300,0,0,0,0,0,0,0,0,99000,0,0,0,0,0,0,0,0,0,13100,0,0,0,0,0,0,0,0,0,0,0,0,0,0,0,0,0,0,
000007.SZ,000007,20251209,92112000,0,0,0,0,0,,,0,0,0,0,0,98900,98300,0,0,0,0,0,0,0,0,0,15000,0,0,0,0,0,0,0,0,0,98300,0,0,0,0,0,0,0,0,0,15000,2900,0,0,0,0,0,0,0,0,0,0,0,0,0,0,0,0,0,
000007.SZ,000007,20251209,92206000,0,0,0,0,0,,,0,0,0,0,0,98900,98300,0,0,0,0,0,0,0,0,0,15000,0,0,0,0,0,0,0,0,0,98300,0,0,0,0,0,0,0,0,0,15000,3600,0,0,0,0,0,0,0,0,0,0,0,0,0,0,0,0,0,
000007.SZ,000007,20251209,92215000,0,0,0,0,0,,,0,0,0,0,0,98900,98300,0,0,0,0,0,0,0,0,0,15000,0,0,0,0,0,0,0,0,0,98300,0,0,0,0,0,0,0,0,0,15000,3900,0,0,0,0,0,0,0,0,0,0,0,0,0,0,0,0,0,
000007.SZ,000007,20251209,92224000,0,0,0,0,0,,,0,0,0,0,0,98900,98300,0,0,0,0,0,0,0,0,0,15900,0,0,0,0,0,0,0,0,0,98300,0,0,0,0,0,0,0,0,0,15900,3100,0,0,0,0,0,0,0,0,0,0,0,0,0,0,0,0,0,
000007.SZ,000007,20251209,92251000,0,0,0,0,0,,,0,0,0,0,0,98900,98300,0,0,0,0,0,0,0,0,0,19000,7000,0,0,0,0,0,0,0,0,98300,0,0,0,0,0,0,0,0,0,19000,0,0,0,0,0,0,0,0,0,0,0,0,0,0,0,0,0,0,
000007.SZ,000007,20251209,92300000,0,0,0,0,0,,,0,0,0,0,0,98900,98300,0,0,0,0,0,0,0,0,0,19000,8000,0,0,0,0,0,0,0,0,98300,0,0,0,0,0,0,0,0,0,19000,0,0,0,0,0,0,0,0,0,0,0,0,0,0,0,0,0,0,
000007.SZ,000007,20251209,92309000,0,0,0,0,0,,,0,0,0,0,0,98900,98300,0,0,0,0,0,0,0,0,0,19500,7500,0,0,0,0,0,0,0,0,98300,0,0,0,0,0,0,0,0,0,19500,0,0,0,0,0,0,0,0,0,0,0,0,0,0,0,0,0,0,
000007.SZ,000007,20251209,92318000,0,0,0,0,0,,,0,0,0,0,0,98900,98300,0,0,0,0,0,0,0,0,0,19500,8100,0,0,0,0,0,0,0,0,98300,0,0,0,0,0,0,0,0,0,19500,0,0,0,0,0,0,0,0,0,0,0,0,0,0,0,0,0,0,
000007.SZ,000007,20251209,92327000,0,0,0,0,0,,,0,0,0,0,0,98900,98300,0,0,0,0,0,0,0,0,0,19500,12600,0,0,0,0,0,0,0,0,98300,0,0,0,0,0,0,0,0,0,19500,0,0,0,0,0,0,0,0,0,0,0,0,0,0,0,0,0,0,
000007.SZ,000007,20251209,92336000,0,0,0,0,0,,,0,0,0,0,0,98900,98300,0,0,0,0,0,0,0,0,0,26100,7800,0,0,0,0,0,0,0,0,98300,0,0,0,0,0,0,0,0,0,26100,0,0,0,0,0,0,0,0,0,0,0,0,0,0,0,0,0,0,
000007.SZ,000007,20251209,92345000,0,0,0,0,0,,,0,0,0,0,0,98900,98300,0,0,0,0,0,0,0,0,0,28100,5800,0,0,0,0,0,0,0,0,98300,0,0,0,0,0,0,0,0,0,28100,0,0,0,0,0,0,0,0,0,0,0,0,0,0,0,0,0,0,
000007.SZ,000007,20251209,92403000,0,0,0,0,0,,,0,0,0,0,0,98900,98300,0,0,0,0,0,0,0,0,0,28100,13800,0,0,0,0,0,0,0,0,98300,0,0,0,0,0,0,0,0,0,28100,0,0,0,0,0,0,0,0,0,0,0,0,0,0,0,0,0,0,
000007.SZ,000007,20251209,92421000,0,0,0,0,0,,,0,0,0,0,0,98900,98300,0,0,0,0,0,0,0,0,0,28100,14256,0,0,0,0,0,0,0,0,98300,0,0,0,0,0,0,0,0,0,28100,0,0,0,0,0,0,0,0,0,0,0,0,0,0,0,0,0,0,
000007.SZ,000007,20251209,92430000,0,0,0,0,0,,,0,0,0,0,0,98900,98200,0,0,0,0,0,0,0,0,0,28100,2600,0,0,0,0,0,0,0,0,98200,0,0,0,0,0,0,0,0,0,28100,0,0,0,0,0,0,0,0,0,0,0,0,0,0,0,0,0,0,
000007.SZ,000007,20251209,92439000,0,0,0,0,0,,,0,0,0,0,0,98900,98200,0,0,0,0,0,0,0,0,0,30100,3800,0,0,0,0,0,0,0,0,98200,0,0,0,0,0,0,0,0,0,30100,0,0,0,0,0,0,0,0,0,0,0,0,0,0,0,0,0,0,
000007.SZ,000007,20251209,92448000,0,0,0,0,0,,,0,0,0,0,0,98900,98300,0,0,0,0,0,0,0,0,0,35200,15956,0,0,0,0,0,0,0,0,98300,0,0,0,0,0,0,0,0,0,35200,0,0,0,0,0,0,0,0,0,0,0,0,0,0,0,0,0,0,
000007.SZ,000007,20251209,92457000,0,0,0,0,0,,,0,0,0,0,0,98900,98200,0,0,0,0,0,0,0,0,0,49100,4600,0,0,0,0,0,0,0,0,98200,0,0,0,0,0,0,0,0,0,49100,0,0,0,0,0,0,0,0,0,0,0,0,0,0,0,0,0,0,
000007.SZ,000007,20251209,92500000,99100,110256,1092637,84,0,,,110256,1092637,99100,99100,99100,98900,99200,99300,99500,99900,100000,100300,100400,100500,100700,100900,100,100,700,1700,5100,700,3000,100,1000,1300,99100,99000,98900,98800,98600,98500,98300,98000,97400,97000,17044,2800,2500,400,200,3400,13800,2600,3100,1200,107300,95900,404700,583744,0,0,0,0,0,
000007.SZ,000007,20251209,93000000,99100,20700,205298,101,0,,,130956,1297935,99900,99100,99100,98900,99800,99900,100000,100100,100300,100400,100700,100900,101000,101400,300,1400,5100,1700,700,3000,1500,1500,1900,1700,99100,99000,98900,98800,98600,98500,98300,98000,97400,97000,244,2800,500,400,200,3500,13800,3100,3100,2300,107200,95800,410100,542544,0,0,0,0,0,
000007.SZ,000007,20251209,93003000,99200,26400,262175,130,0,,,157356,1560110,99900,99100,99100,98900,99500,99600,99700,99800,99900,100000,100100,100300,100400,100700,900,4200,4400,5900,13500,7300,1700,700,3000,11500,99200,99100,99000,98900,98700,98600,98500,98300,98100,98000,28900,20500,10700,2400,3100,2000,3500,13800,1000,5800,106300,96200,564500,641000,0,0,0,0,0,
000007.SZ,000007,20251209,93006000,99200,55200,547840,181,0,,,212556,2107950,99900,99100,99100,98900,99500,99600,99700,99800,99900,100000,100100,100300,100400,100700,3800,7800,4400,2400,14500,12300,1700,700,3000,11500,99200,99100,99000,98900,98800,98700,98600,98500,98300,98100,1000,21900,11700,2400,1500,3100,2000,3500,13700,1100,106200,96100,577400,669900,0,0,0,0,0,
000007.SZ,000007,20251209,93009000,99200,16900,167667,201,0,,,229456,2275617,99900,99100,99100,98900,99300,99500,99600,99700,99800,99900,100000,100100,100300,100400,200,6600,3800,4400,2400,14400,12300,1700,700,3000,99200,99100,99000,98900,98800,98700,98600,98500,98300,98100,5200,22900,11700,2400,1500,3100,2000,3500,13700,1100,106200,96100,576300,675600,0,0,0,0,0,
000007.SZ,000007,20251209,93012000,99200,16746,166010,228,0,,,246202,2441627,99900,99100,99100,98900,99200,99300,99500,99600,99700,99800,99900,100000,100100,100300,5400,6100,3400,1900,4400,1800,14400,12300,1700,700,99100,99000,98900,98800,98700,98600,98500,98300,98100,98000,11854,11700,2400,1500,3100,2000,3500,13700,1100,5800,106100,96100,582100,659354,0,0,0,0,0,
000007.SZ,000007,20251209,93015000,99100,14854,147194,272,0,,,261056,2588821,99900,99000,99100,98900,99100,99200,99300,99500,99600,99700,99800,99900,100000,100100,10846,5000,6100,1700,1700,3800,800,14800,12300,1700,99000,98900,98800,98700,98600,98500,98300,98100,98000,97800,10800,2400,1500,3100,2000,3500,13700,1100,5800,900,106000,96000,589546,646600,0,0,0,0,0,
000007.SZ,000007,20251209,93018000,99000,10100,99990,315,0,,,271156,2688811,99900,99000,99100,98900,99100,99200,99300,99500,99600,99700,99800,99900,100000,100100,24400,4100,6100,1400,1700,3800,800,14800,12300,1700,99000,98900,98800,98700,98600,98500,98300,98100,98000,97800,1700,2400,1500,3100,2000,3500,13700,1100,5800,900,105900,95900,600800,637500,0,0,0,0,0,
000007.SZ,000007,20251209,93021000,99000,2700,26725,324,0,,,273856,2715536,99900,98900,99100,98900,99000,99100,99200,99300,99500,99600,99700,99800,99900,100000,11700,18500,4200,5900,1400,1700,3800,500,14800,12300,98900,98800,98700,98600,98500,98300,98100,98000,97800,97700,1900,1500,3100,2000,3500,13700,1100,5800,900,1000,105800,95900,606200,635300,0,0,0,0,0,
000007.SZ,000007,20251209,93024000,98900,2400,23735,331,0,,,276256,2739271,99900,98800,99100,98900,98900,99000,99100,99200,99300,99500,99600,99700,99800,99900,6000,7100,18500,3700,4900,1400,1700,3800,500,14800,98800,98700,98600,98500,98300,98100,98000,97800,97700,97600,1400,3100,2000,3500,13700,1100,5800,900,1000,800,105800,95900,612100,633600,0,0,0,0,0,
000007.SZ,000007,20251209,93027000,98900,5700,56373,334,0,,,281956,2795644,99900,98800,99100,98900,98900,99000,99100,99200,99300,99500,99600,99700,99800,99900,7000,8900,4600,1600,4900,1400,1700,3800,500,14800,98800,98700,98600,98500,98300,98100,98000,97800,97700,97600,1400,3100,2000,3500,13700,1100,5800,900,1000,800,106000,95900,598900,633600,0,0,0,0,0,
000007.SZ,000007,20251209,93030000,98900,31400,310807,377,0,,,313356,3106451,99900,98800,99100,98900,99000,99300,99500,99600,99700,99800,99900,100000,100100,100300,2100,3800,1400,1700,3800,500,14800,12300,1700,700,98900,98700,98600,98500,98300,98100,98000,97800,97700,97600,1000,3100,2000,3500,13700,1100,5800,900,1000,800,106300,95900,577800,633200,0,0,0,0,0,
000007.SZ,000007,20251209,93033000,99000,9600,95124,394,0,,,322956,3201575,99900,98800,99100,98900,99300,99500,99600,99700,99800,99900,100000,100100,100300,100400,2200,1400,1600,3800,500,14800,12300,1700,700,3000,99000,98900,98800,98700,98600,98500,98300,98100,98000,97800,1000,1700,2000,3100,2000,3500,13700,1100,5800,900,106300,95900,576000,636900,0,0,0,0,0,
000007.SZ,000007,20251209,93036000,99100,300,2973,395,0,,,323256,3204548,99900,98800,99100,98900,99200,99300,99500,99600,99700,99800,99900,100000,100100,100300,500,3100,1400,1600,3800,500,14800,12300,1700,700,99100,99000,98900,98800,98700,98600,98500,98300,98100,98000,2200,5500,6700,2000,3100,2000,3500,13700,1100,5800,106300,96000,577400,648600,0,0,0,0,0,
000007.SZ,000007,20251209,93039000,99200,6200,61553,415,0,,,329456,3266101,99900,98800,99100,98900,99200,99300,99500,99600,99700,99800,99900,100000,100100,100300,1800,1400,1400,1600,3800,500,14800,12300,1700,700,99100,99000,98900,98800,98700,98600,98500,98300,98100,98000,5900,4500,7400,2000,3100,2000,3500,13700,1100,5800,106300,96000,572900,652000,0,0,0,0,0,
000007.SZ,000007,20251209,93042000,99200,3900,38702,424,0,,,333356,3304803,99900,98800,99100,98900,99500,99600,99700,99800,99900,100000,100100,100300,100400,100700,1600,1600,4100,500,14800,12300,1700,700,3000,11500,99200,99100,99000,98900,98800,98700,98600,98500,98300,98100,7000,6600,5200,7100,2000,3100,2000,100,13700,1100,106300,96000,570200,656700,0,0,0,0,0,
000007.SZ,000007,20251209,93045000,99200,0,0,424,0,,,333356,3304803,99900,98800,99100,98900,99500,99600,99700,99800,99900,100000,100100,100300,100400,100700,1600,1800,4100,500,14800,12300,1700,700,3000,11500,99300,99200,99100,99000,98900,98800,98700,98600,98500,98300,1000,5300,6600,3100,7600,2000,3100,2000,100,13700,106300,96000,570400,654400,0,0,0,0,0,
000007.SZ,000007,20251209,93048000,99500,7400,73676,449,0,,,340756,3378479,99900,98800,99100,98900,99700,99800,99900,100000,100100,100300,100400,100700,100900,101000,2500,500,14800,12300,1700,700,3000,11500,1500,2000,99500,99300,99200,99100,99000,98900,98700,98600,98500,98300,12200,1000,7400,6400,3100,7600,3100,1800,100,13700,106400,96100,565400,666300,0,0,0,0,0,
000007.SZ,000007,20251209,93051000,99500,3700,36875,461,0,,,344456,3415354,99900,98800,99100,98900,99800,99900,100000,100100,100300,100400,100700,100900,101000,101100,3100,20800,12300,1700,700,3000,11500,1500,1900,700,99500,99300,99200,99100,99000,98900,98700,98600,98500,98300,11500,1000,7400,4400,1500,7600,3100,1800,100,13700,106300,96100,571400,662000,0,0,0,0,0,
000007.SZ,000007,20251209,93054000,99600,8000,79680,466,0,,,352456,3495034,99900,98800,99100,98900,99800,99900,100000,100100,100300,100400,100700,100900,101000,101100,4500,20800,12300,1700,700,3000,11000,1500,1900,700,99500,99300,99200,99100,99000,98900,98700,98600,98500,98300,13000,1000,7400,4400,1500,2600,3100,1800,100,13700,106300,96100,576400,658500,0,0,0,0,0,
000007.SZ,000007,20251209,93057000,99800,2200,21931,473,0,,,354656,3516965,99900,98800,99100,98900,99700,99800,99900,100000,100100,100300,100400,100700,100900,101000,100,3000,20800,12300,1700,700,3000,11000,1500,1900,99600,99500,99300,99200,99100,99000,98900,98700,98600,98500,700,14000,1000,7800,4400,1200,3500,3100,1800,100,106300,96100,576100,661200,0,0,0,0,0,
000007.SZ,000007,20251209,93100000,99600,25300,251908,503,0,,,379956,3768873,99900,98800,99100,98900,99700,99800,99900,100000,100100,100300,100400,100700,100900,101000,100,3000,20800,12300,1700,700,3000,11000,1500,1900,99600,99300,99200,99100,99000,98900,98700,98600,98500,98300,1600,1000,7800,4000,1200,3500,3100,1800,100,13700,106300,96000,576100,648400,0,0,0,0,0,
000007.SZ,000007,20251209,93103000,99500,5300,52806,513,0,,,385256,3821679,99900,98800,99100,98900,99600,99700,99800,99900,100000,100100,100300,100400,100700,100900,100,400,2500,20800,12300,1700,700,3000,11000,1500,99500,99300,99200,99100,99000,98900,98700,98600,98500,98300,10000,1000,7800,4000,1200,3500,3100,1800,100,13700,106300,96000,576000,656800,0,0,0,0,0,
000007.SZ,000007,20251209,93106000,99700,20800,207352,530,0,,,406056,4029031,99900,98800,99100,98900,99800,99900,100000,100100,100300,100400,100700,100900,101000,101100,2500,20800,13300,1700,700,3000,11000,1500,1900,700,99500,99300,99200,99100,99000,98900,98700,98600,98500,98300,9600,1000,7800,4000,1200,3500,3100,1800,100,13700,106300,96000,576500,656400,0,0,0,0,0,
000007.SZ,000007,20251209,93109000,99300,10000,99492,540,0,,,416056,4128523,99900,98800,99100,98900,99600,99700,99800,99900,100000,100100,100300,100400,100700,100900,400,900,5500,20800,13300,1700,700,3000,11000,1500,99300,99200,99100,99000,98900,98700,98600,98500,98300,98100,600,7400,4000,1200,3500,3100,1800,100,13700,1100,106200,96000,580800,646000,0,0,0,0,0,
000007.SZ,000007,20251209,93112000,99700,2600,25915,545,0,,,418656,4154438,99900,98800,99100,98900,99600,99700,99800,99900,100000,100100,100300,100400,100700,100900,1300,2800,5500,20800,13300,1700,700,3000,11000,1500,99300,99200,99100,99000,98900,98800,98700,98600,98500,98300,900,7400,4000,1200,3500,4400,3100,1800,100,13700,106200,96000,583600,650700,0,0,0,0,0,
000007.SZ,000007,20251209,93115000,99700,0,0,545,0,,,418656,4154438,99900,98800,99100,98900,99600,99700,99800,99900,100000,100100,100300,100400,100700,100900,1300,4000,5500,20800,13300,1700,700,3000,11000,1500,99500,99300,99200,99100,99000,98900,98800,98700,98600,98500,100,1900,5600,4000,1200,3500,4400,3100,1800,100,106200,96000,584800,650000,0,0,0,0,0,
000007.SZ,000007,20251209,93118000,99600,6200,61785,552,0,,,424856,4216223,99900,98800,99100,98900,99700,99800,99900,100000,100100,100300,100400,100700,100900,101000,1900,6700,20800,13300,1700,700,3000,11000,1500,1900,99600,99500,99400,99300,99200,99100,99000,98900,98800,98700,7000,100,1300,1900,5600,4000,1200,3500,4400,3100,106200,96100,582600,657600,0,0,0,0,0,
000007.SZ,000007,20251209,93121000,99600,1200,11952,554,0,,,426056,4228175,99900,98800,99100,98900,99700,99800,99900,100000,100100,100300,100400,100700,100900,101000,10200,6700,20800,13300,1700,700,3000,11000,1500,1900,99600,99500,99400,99300,99200,99100,99000,98900,98800,98700,5800,100,1300,1900,5600,4000,1200,3500,4800,3100,106100,96000,590900,650200,0,0,0,0,0,
000007.SZ,000007,20251209,93124000,99700,800,7976,558,0,,,426856,4236151,99900,98800,99100,98900,99700,99800,99900,100000,100100,100300,100400,100700,100900,101000,9400,6700,20800,13300,1700,700,3000,11000,1500,1900,99600,99500,99400,99300,99200,99100,99000,98900,98800,98700,9400,100,1300,900,5300,4000,3800,3500,4800,3100,106100,96000,593700,655100,0,0,0,0,0,
000007.SZ,000007,20251209,93127000,99700,10400,103594,563,0,,,437256,4339745,99900,98800,99100,98900,99700,99800,99900,100000,100100,100300,100400,100700,100900,101000,10700,6700,20800,13300,1700,700,3000,11000,1500,1900,99500,99400,99300,99200,99100,99000,98900,98800,98700,98600,100,1300,900,5300,4000,3800,3500,5500,3100,1800,106100,96000,595000,646400,0,0,0,0,0,
000007.SZ,000007,20251209,93130000,99700,500,4985,564,0,,,437756,4344730,99900,98800,99100,98900,99700,99800,99900,100000,100100,100300,100400,100700,100900,101000,4300,6700,20800,13300,1700,700,3000,11000,1500,1900,99600,99500,99400,99300,99200,99100,99000,98900,98800,98700,200,100,1300,1900,5300,4000,3800,3500,5500,3100,106200,96000,590500,647800,0,0,0,0,0,
000007.SZ,000007,20251209,93133000,99500,2400,23922,569,0,,,440156,4368652,99900,98800,99100,98900,99500,99600,99700,99800,99900,100000,100100,100300,100400,100700,13500,800,2600,6700,20800,13300,1700,700,3000,11000,99400,99300,99200,99100,99000,98900,98800,98700,98600,98500,1300,1900,5300,5400,3800,3500,5500,3100,1800,100,106100,96000,625100,648900,0,0,0,0,0,
000007.SZ,000007,20251209,93136000,99500,900,8955,571,0,,,441056,4377607,99900,98800,99100,98900,99500,99600,99700,99800,99900,100000,100100,100300,100400,100700,15100,900,2900,6700,20800,13300,1700,700,3000,11000,99400,99300,99200,99100,99000,98900,98800,98700,98600,98500,1300,1900,5300,5400,3800,3200,5500,3100,1800,100,106000,96000,626000,648600,0,0,0,0,0,
000007.SZ,000007,20251209,93139000,99300,8200,81534,577,0,,,449256,4459141,99900,98800,99100,98900,99400,99500,99600,99700,99800,99900,100000,100100,100300,100400,6300,10600,900,2900,6700,20800,13300,1700,1700,3000,99200,99100,99000,98900,98800,98700,98600,98500,98300,98100,5300,5400,7600,3200,5500,3100,1800,100,7100,1100,106000,96000,637800,648100,0,0,0,0,0,
000007.SZ,000007,20251209,93142000,99400,9600,95318,593,0,,,458856,4554459,99900,98800,99100,98900,99400,99500,99600,99700,99800,99900,100000,100100,100300,100400,7100,10600,900,2900,6700,20800,13300,1700,1700,3000,99100,99000,98900,98800,98700,98600,98500,98300,98100,98000,5400,7600,3100,5500,3100,1800,100,7100,1100,5400,106000,96000,638600,642700,0,0,0,0,0,
000007.SZ,000007,20251209,93145000,99300,24000,238553,609,0,,,482856,4793012,99900,98800,99100,98900,99400,99500,99600,99700,99800,99900,100000,100100,100300,100400,10900,10500,900,2900,6700,20800,13300,1700,1700,3000,99300,99100,99000,98900,98800,98700,98600,98500,98300,98100,300,9800,7600,3100,5100,3100,1800,100,7100,1100,105900,96000,642300,647000,0,0,0,0,0,
000007.SZ,000007,20251209,93148000,99400,900,8946,610,0,,,483756,4801958,99900,98800,99100,98900,99400,99500,99600,99700,99800,99900,100000,100100,100300,100400,4000,10500,900,2900,6700,20800,13300,1700,1700,3000,99300,99100,99000,98900,98800,98700,98600,98500,98300,98100,300,9800,7600,3100,5100,3100,1800,100,7100,1100,106000,96000,635400,647000,0,0,0,0,0,
000007.SZ,000007,20251209,93151000,99300,900,8943,613,0,,,484656,4810901,99900,98800,99100,98900,99300,99400,99500,99600,99700,99800,99900,100000,100100,100300,3700,3400,10500,900,2900,6700,20800,13300,1700,1700,99100,99000,98900,98800,98700,98600,98500,98300,98100,98000,9800,7600,3100,5100,3100,1800,100,7100,1100,5400,106000,96000,638500,646700,0,0,0,0,0,
000007.SZ,000007,20251209,93154000,99000,18200,180278,637,0,,,502856,4991179,99900,98800,99100,98900,99100,99200,99300,99400,99500,99600,99700,99800,99900,100000,200,2400,12900,4100,10500,900,2900,6700,20800,13300,99000,98900,98800,98700,98600,98500,98300,98100,98000,97800,200,3100,700,3100,1800,100,7100,1100,5400,900,105800,95900,657500,625100,0,0,0,0,0,
000007.SZ,000007,20251209,93157000,98900,2800,27735,645,0,,,505656,5018914,99900,98800,99100,98900,99100,99200,99300,99400,99500,99600,99700,99800,99900,100000,2700,1300,7500,4100,10500,900,900,6700,20400,13300,98900,98800,98700,98600,98500,98300,98100,98000,97800,97700,2000,700,3100,1800,100,7100,1100,5400,900,1000,105900,95900,652100,623800,0,0,0,0,0,
000007.SZ,000007,20251209,93200000,98700,5600,55317,653,0,,,511256,5074231,99900,98700,99100,98900,99000,99100,99200,99300,99400,99500,99600,99700,99800,99900,2700,6800,1300,7400,4100,10500,900,900,4800,14400,98600,98500,98400,98300,98100,98000,97800,97700,97600,97400,1800,100,2000,7100,1100,5400,900,1000,800,3100,105900,95900,650900,620000,0,0,0,0,0,
000007.SZ,000007,20251209,93203000,98700,200,1974,654,0,,,511456,5076205,99900,98700,99100,98900,98900,99000,99100,99200,99300,99400,99500,99600,99700,99800,5400,5900,5400,800,6500,2000,6800,900,900,4800,98600,98500,98400,98300,98100,98000,97800,97700,97600,97400,2500,100,2000,7100,1100,5400,900,1000,800,3100,105900,95900,646800,620700,0,0,0,0,0,
000007.SZ,000007,20251209,93206000,98800,700,6904,656,0,,,512156,5083109,99900,98600,99100,98900,98800,98900,99000,99100,99200,99300,99400,99500,99600,99700,800,8100,3700,5400,800,5500,2000,4400,900,900,98700,98600,98500,98400,98300,98100,98000,97800,97700,97600,13000,1900,100,2000,7100,1100,5400,900,1000,800,105900,95900,644700,633100,0,0,0,0,0,
000007.SZ,000007,20251209,93209000,98700,7800,77033,670,0,,,519956,5160142,99900,98600,99100,98900,98800,98900,99000,99100,99200,99300,99400,99500,99600,99700,7800,7100,3700,2700,800,5500,800,4400,900,900,98700,98600,98500,98400,98300,98100,98000,97800,97700,97600,10000,1900,100,2000,7100,1100,5400,900,1000,800,106000,95900,636900,630100,0,0,0,0,0,
000007.SZ,000007,20251209,93212000,98700,3300,32572,674,0,,,523256,5192714,99900,98600,99100,98900,98800,98900,99000,99100,99200,99300,99400,99500,99600,99700,11800,7100,3700,2700,800,5500,800,4400,900,900,98700,98600,98500,98400,98300,98100,98000,97800,97700,97600,7300,1900,100,2000,7100,1100,5400,900,1000,800,106000,95900,639800,627400,0,0,0,0,0,
000007.SZ,000007,20251209,93215000,98600,9100,89809,684,0,,,532356,5282523,99900,98600,99100,98900,98700,98800,98900,99000,99100,99200,99300,99400,99500,99600,4300,11800,7100,3700,2700,800,5500,800,4400,900,98600,98500,98400,98300,98200,98100,98000,97800,97700,97600,1100,1600,2000,7100,1000,1100,5400,900,1700,800,105900,95900,642900,622500,0,0,0,0,0,
000007.SZ,000007,20251209,93218000,98600,5200,51302,689,0,,,537556,5333825,99900,98600,99100,98900,98700,98800,98900,99000,99100,99200,99300,99400,99500,99600,5000,6800,7100,3700,2700,800,2800,800,4400,900,98600,98500,98300,98200,98100,98000,97800,97700,97600,97400,1800,1600,7100,1000,1100,5400,5400,1700,800,3100,106000,95900,637500,625700,0,0,0,0,0,
000007.SZ,000007,20251209,93221000,98900,19500,192687,702,0,,,557056,5526512,99900,98600,99100,98900,99000,99100,99200,99400,99500,99600,99700,99800,99900,100000,3700,2700,800,800,4400,900,900,4800,5000,12100,98900,98700,98600,98500,98300,98200,98100,98000,97800,97700,10500,1300,2300,1600,7100,1000,1100,5400,5400,1700,106200,95900,617800,639100,0,0,0,0,0,
000007.SZ,000007,20251209,93224000,98900,1600,15824,704,0,,,558656,5542336,99900,98600,99100,98900,99000,99100,99200,99400,99500,99600,99700,99800,99900,100000,10500,2700,800,800,4400,900,900,4800,5000,12100,98900,98800,98700,98600,98500,98300,98200,98100,98000,97800,8800,400,1300,2300,1600,7100,1000,1100,5400,5400,106200,95900,624600,637800,0,0,0,0,0,
000007.SZ,000007,20251209,93227000,99000,200,1980,705,0,,,558856,5544316,99900,98600,99100,98900,99000,99100,99200,99400,99500,99600,99700,99800,99900,100000,10300,2700,2000,800,4400,900,900,4800,5000,12100,98900,98800,98700,98600,98500,98300,98200,98100,98000,97800,12100,400,1300,2300,1600,7100,1000,1100,5400,5400,106100,96000,625600,641100,0,0,0,0,0,
000007.SZ,000007,20251209,93230000,98900,1100,10879,706,0,,,559956,5555195,99900,98600,99100,98900,99000,99100,99200,99400,99500,99600,99700,99800,99900,100000,10300,2700,2000,800,4400,900,600,4800,5000,12100,98900,98800,98700,98600,98500,98300,98200,98100,98000,97800,11000,400,1300,4300,1600,7100,1000,1100,5400,5400,106100,96000,625300,642000,0,0,0,0,0,
000007.SZ,000007,20251209,93233000,99000,1300,12860,708,0,,,561256,5568055,99900,98600,99100,98900,99000,99100,99200,99400,99500,99600,99700,99800,99900,100000,10000,2700,2000,800,4400,900,600,4800,5000,12100,98900,98800,98700,98600,98500,98300,98200,98100,98000,97800,10100,400,1000,4300,1600,7100,1000,1100,5400,5400,106200,96000,625000,641300,0,0,0,0,0,
000007.SZ,000007,20251209,93236000,99000,800,7914,713,0,,,562056,5575969,99900,98600,99100,98900,99000,99200,99400,99500,99600,99700,99800,99900,100000,100100,7600,2000,800,4400,800,600,4800,5000,15300,1700,98900,98800,98700,98600,98500,98300,98200,98100,98000,97800,9500,400,1000,4300,1600,7100,1000,1100,5400,5400,106200,95900,623000,640700,0,0,0,0,0,
000007.SZ,000007,20251209,93239000,99000,0,0,713,0,,,562056,5575969,99900,98600,99100,98900,99000,99200,99400,99500,99600,99700,99800,99900,100000,100100,7600,2000,800,4400,800,600,15500,5000,15300,1700,98900,98800,98700,98600,98500,98300,98200,98100,98000,97800,9500,400,1000,4300,1600,7100,1000,1100,5400,5400,106100,95900,633700,640700,0,0,0,0,0,
000007.SZ,000007,20251209,93242000,98900,3100,30689,716,0,,,565156,5606658,99900,98600,99100,98900,99000,99200,99400,99500,99600,99700,99800,99900,100000,100100,4600,2000,800,4400,800,600,15500,5000,15300,1700,98900,98800,98700,98600,98500,98300,98200,98100,98000,97900,9500,400,1000,4200,1600,7100,1000,1100,5400,500,106100,96000,630700,641100,0,0,0,0,0,
000007.SZ,000007,20251209,93245000,98900,0,0,716,0,,,565156,5606658,99900,98600,99100,98900,99000,99200,99400,99500,99600,99700,99800,99900,100000,100100,4600,2000,800,4400,800,600,15500,5000,15300,1700,98900,98800,98700,98600,98500,98300,98100,98000,97900,97800,9500,400,1000,4200,1600,7100,1100,5400,500,5400,106100,95900,630700,640100,0,0,0,0,0,
000007.SZ,000007,20251209,93248000,98900,17300,171170,731,0,,,582456,5777828,99900,98600,99100,98900,98900,99000,99200,99400,99500,99600,99700,99800,99900,100000,200,2400,2000,800,4400,800,600,15500,5000,15300,98800,98700,98600,98500,98300,98100,98000,97900,97800,97700,2400,1000,4200,1600,7100,1100,5400,500,5400,1700,106100,95900,630848,632600,0,0,0,0,0,
000007.SZ,000007,20251209,93254000,98900,200,1978,732,0,,,582656,5779806,99900,98600,99100,98900,99000,99200,99400,99500,99600,99700,99800,99900,100000,100100,2400,2000,800,4400,800,600,15500,5000,15300,1700,98900,98800,98700,98600,98500,98300,98100,98000,97900,97800,900,2400,1000,4200,1600,7100,1100,5400,500,5400,106100,95900,630648,633500,0,0,0,0,0,
000007.SZ,000007,20251209,93257000,99000,3300,32642,736,0,,,585956,5812448,99900,98600,99100,98900,98900,99000,99200,99400,99500,99600,99700,99800,99900,100000,500,800,2000,800,4400,800,600,18500,5000,15300,98800,98700,98600,98500,98400,98300,98100,98000,97900,97800,2400,1000,4200,1600,400,7100,1100,5400,1500,5400,106100,95900,632548,634000,0,0,0,0,0,
000007.SZ,000007,20251209,93300000,99000,0,0,736,0,,,585956,5812448,99900,98600,99100,98900,98900,99000,99200,99400,99500,99600,99700,99800,99900,100000,500,800,2000,800,4400,5800,600,16700,5000,15300,98800,98700,98600,98500,98400,98300,98100,98000,97900,97800,2400,1000,4200,1600,400,7100,1100,5400,1500,5400,106100,95900,636348,634000,0,0,0,0,0,
000007.SZ,000007,20251209,93303000,98600,12000,118510,750,0,,,597956,5930958,99900,98600,99100,98900,98700,98900,99000,99100,99200,99400,99500,99600,99700,99800,100,3700,800,400,2000,800,4400,5800,600,16700,98500,98400,98300,98100,98000,97900,97800,97700,97600,97400,1600,400,7100,1100,5400,1500,5400,1700,800,3100,106000,95900,640448,631400,0,0,0,0,0,
000007.SZ,000007,20251209,93306000,98900,2000,19778,753,0,,,599956,5950736,99900,98600,99100,98900,98900,99000,99100,99200,99400,99500,99600,99700,99800,99900,1800,800,400,2000,800,4400,5800,600,16700,5400,98700,98500,98400,98300,98100,98000,97900,97800,97700,97600,200,1600,400,7100,1100,5400,1500,5400,1700,800,106000,95900,638448,633600,0,0,0,0,0,
000007.SZ,000007,20251209,93309000,98700,400,3948,757,0,,,600356,5954684,99900,98600,99100,98900,98700,98900,99000,99100,99200,99400,99500,99600,99700,99800,1400,2100,800,400,2000,800,4600,5800,600,16700,98500,98400,98300,98100,98000,97900,97800,97700,97600,97400,2100,400,7100,1100,5400,1500,5400,1700,800,3100,106000,95900,640348,633900,0,0,0,0,0,
000007.SZ,000007,20251209,93312000,98700,0,0,757,0,,,600356,5954684,99900,98600,99100,98900,98600,98700,98900,99000,99100,99200,99400,99500,99600,99700,900,49100,800,800,400,1300,800,4600,5800,600,98500,98400,98300,98100,98000,97900,97800,97700,97600,97400,2100,4700,7100,1100,5400,1500,5400,1700,800,3100,105500,95900,686948,638200,0,0,0,0,0,
000007.SZ,000007,20251209,93315000,98500,1800,17730,763,0,,,602156,5972414,99900,98500,99100,98900,98600,98700,98900,99000,99200,99400,99500,99600,99700,99800,1100,49100,400,800,1300,800,4600,5800,600,16700,98500,98400,98300,98100,98000,97900,97800,97700,97600,97400,200,4700,6600,1100,5400,1500,5400,1700,800,3100,105500,95900,686148,635800,0,0,0,0,0,
000007.SZ,000007,20251209,93318000,98500,200,1970,765,0,,,602356,5974384,99900,98500,99100,98900,98600,98700,98900,99000,99200,99400,99500,99600,99700,99800,1100,49300,400,800,1300,800,9600,5800,600,16700,98400,98300,98100,98000,97900,97800,97700,97600,97400,97100,4700,6600,1100,5400,1500,5400,1700,800,3100,200,105500,95900,691348,635600,0,0,0,0,0,
000007.SZ,000007,20251209,93321000,98600,2800,27607,773,0,,,605156,6001991,99900,98500,99100,98900,98500,98600,98700,98900,99200,99400,99500,99600,99700,99800,100,1700,49300,400,1300,800,9600,5800,600,16700,98400,98300,98100,98000,97900,97800,97700,97600,97400,97100,4300,6600,1100,5400,1500,5400,1700,800,3100,200,105500,95900,691248,635200,0,0,0,0,0,
000007.SZ,000007,20251209,93324000,98500,4900,48217,779,0,,,610056,6050208,99900,98400,99100,98900,98400,98500,98600,98700,98900,99200,99400,99500,99600,99700,100,100,600,48900,400,1300,800,9600,5800,600,98300,98100,98000,97900,97800,97700,97600,97400,97100,97000,6600,1100,5400,1500,5400,1700,800,3100,200,9100,105500,95900,689848,630900,0,0,0,0,0,
000007.SZ,000007,20251209,93327000,98300,1100,10832,783,0,,,611156,6061040,99900,98300,99100,98900,98600,98700,98900,99200,99400,99500,99600,99700,99800,99900,400,48900,400,1300,800,9600,5800,600,16700,5400,98500,98300,98100,98000,97900,97800,97700,97600,97400,97100,700,6500,1100,5400,1500,5400,1700,800,3100,200,105500,95900,689448,631600,0,0,0,0,0,
000007.SZ,000007,20251209,93330000,98300,6700,65875,791,0,,,617856,6126915,99900,98300,99100,98900,98500,98600,98700,98900,99200,99400,99500,99600,99700,99800,100,700,49100,400,1300,800,13900,5800,600,16700,98300,98100,98000,97900,97800,97700,97600,97400,97100,97000,500,3100,5400,1500,5400,1700,800,3100,200,9100,105500,95900,694348,626900,0,0,0,0,0,
000007.SZ,000007,20251209,93333000,98300,100,983,792,0,,,617956,6127898,99900,98300,99100,98900,98500,98600,98700,98900,99200,99400,99500,99600,99700,99800,100,3500,48900,400,100,800,13900,5800,600,16700,98400,98300,98100,98000,97900,97800,97700,97600,97400,97100,900,2600,3100,5400,1500,7400,1700,800,3100,200,105400,95900,695748,635900,0,0,0,0,0,
000007.SZ,000007,20251209,93336000,98500,100,985,793,0,,,618056,6128883,99900,98300,99100,98900,98600,98700,98900,99200,99400,99500,99600,99700,99800,99900,3700,42900,400,100,800,13700,5800,600,16700,5400,98400,98300,98100,98000,97900,97800,97700,97600,97400,97100,900,400,3100,5400,1500,7400,1700,800,3100,200,105500,95900,689648,635800,0,0,0,0,0,
000007.SZ,000007,20251209,93339000,98400,2400,23613,801,0,,,620456,6152496,99900,98300,99100,98900,98400,98500,98600,98700,98800,98900,99200,99400,99500,99600,100,4000,3600,1400,800,400,100,800,13700,5800,98300,98200,98100,98000,97900,97800,97700,97600,97400,97100,1200,900,3100,5400,1500,7400,1700,800,3100,200,105700,95900,629248,636600,0,0,0,0,0,
000007.SZ,000007,20251209,93342000,98400,400,3934,805,0,,,620856,6156430,99900,98300,99100,98900,98500,98600,98700,98800,98900,99000,99200,99400,99500,99600,3800,3500,1400,800,400,200,100,800,13700,5800,98400,98300,98200,98100,98000,97900,97800,97700,97600,97400,300,700,900,3100,5400,1500,7400,1700,800,3100,105700,96000,629048,682400,0,0,0,0,0,
000007.SZ,000007,20251209,93345000,98300,35600,350351,839,0,,,656456,6506781,99900,98300,99100,98900,98900,99000,99200,99400,99500,99600,99700,99800,99900,100000,400,200,100,800,13700,5800,600,16700,5400,15300,98700,98600,98400,98300,98200,98100,98000,97900,97800,97700,9300,1200,1200,217200,8800,3100,5400,1500,7400,1700,105800,96600,619548,918200,0,0,0,0,0,
000007.SZ,000007,20251209,93348000,98700,9300,91791,840,0,,,665756,6598572,99900,98300,99100,98900,98900,99000,99200,99400,99500,99600,99700,99800,99900,100000,6600,200,100,800,14700,5800,600,16700,5400,15300,98600,98400,98300,98200,98100,98000,97900,97800,97700,97600,1200,1200,49800,8800,3100,5400,1500,7400,1700,800,105800,96200,626748,741500,0,0,0,0,0,
000007.SZ,000007,20251209,93351000,98400,43500,427649,854,0,,,709256,7026221,99900,98300,99100,98900,98600,98700,98800,98900,99200,99400,99500,99600,99700,99800,7300,28900,500,6600,100,800,14700,5800,600,16700,98300,98200,98100,98000,97900,97800,97700,97600,97400,97300,36100,8600,3100,5400,1500,7400,1700,800,3100,50000,105400,96100,663248,725200,0,0,0,0,0,
000007.SZ,000007,20251209,93354000,98400,0,0,854,0,,,709256,7026221,99900,98300,99100,98900,98600,98700,98800,98900,99200,99400,99500,99600,99700,99800,13000,28900,500,400,100,800,14700,5800,600,16700,98400,98300,98200,98100,98000,97900,97800,97700,97600,97400,9300,3500,8600,3100,5400,1500,7400,1700,800,3100,105400,96000,662748,701900,0,0,0,0,0,
000007.SZ,000007,20251209,93357000,98400,0,0,854,0,,,709256,7026221,99900,98300,99100,98900,98500,98600,98700,98800,98900,99200,99400,99500,99600,99700,100,10200,28900,500,400,100,800,14700,5800,600,98400,98200,98100,98000,97900,97800,97700,97600,97400,97300,9300,8600,3100,5400,1500,7400,1700,800,3100,50000,105400,96000,660048,698400,0,0,0,0,0,
000007.SZ,000007,20251209,93400000,98400,1900,18696,855,0,,,711156,7044917,99900,98300,99100,98900,98500,98600,98700,98800,98900,99200,99400,99500,99600,99700,5600,1300,28900,500,400,100,800,14700,5800,600,98400,98200,98100,98000,97900,97800,97700,97600,97400,97300,7400,8600,3600,5400,1500,7400,1700,800,3100,50000,105400,96000,656648,698000,0,0,0,0,0,
000007.SZ,000007,20251209,93403000,98400,8700,85621,863,0,,,719856,7130538,99900,98300,99100,98900,98400,98500,98600,98700,98800,98900,99200,99400,99500,99600,2400,4300,1300,28900,500,400,100,800,14700,5800,98200,98100,98000,97900,97800,97700,97600,97400,97300,97100,900,3600,5400,1500,7400,1700,800,3100,50000,200,105400,96000,657748,680800,0,0,0,0,0,
000007.SZ,000007,20251209,93406000,98400,3100,30510,882,0,,,722956,7161048,99900,98300,99100,98900,98700,98800,98900,99200,99400,99500,99600,99700,99800,99900,28900,500,1200,100,800,14700,5800,600,16700,5400,98400,98300,98200,98100,98000,97900,97800,97700,97600,97400,3500,8400,1600,3600,5400,1500,7400,1700,800,3100,105500,96000,650548,697400,0,0,0,0,0,
000007.SZ,000007,20251209,93409000,98400,0,0,882,0,,,722956,7161048,99900,98300,99100,98900,98700,98800,98900,99200,99400,99500,99600,99700,99800,99900,28900,100,1200,100,800,15100,5800,600,16700,5400,98400,98300,98200,98100,98000,97900,97800,97700,97600,97400,1700,8400,1600,3600,5400,1500,7400,1700,800,3100,105500,96000,650548,695600,0,0,0,0,0,
000007.SZ,000007,20251209,93412000,98400,1300,12792,884,0,,,724256,7173840,99900,98300,99100,98900,98500,98600,98700,98800,98900,99200,99400,99500,99600,99700,20800,200,28900,100,1200,100,800,15100,5800,600,98400,98300,98200,98100,98000,97900,97800,97700,97600,97400,400,8400,1600,3600,8400,1500,7400,1700,800,3100,105300,96000,671548,731300,0,0,0,0,0,
000007.SZ,000007,20251209,93415000,98400,400,3936,888,0,,,724656,7177776,99900,98300,99100,98900,98400,98500,98600,98700,98800,98900,99200,99400,99500,99600,400,20800,200,28900,100,1200,100,800,15100,5800,98300,98200,98100,98000,97900,97800,97700,97600,97400,97300,8900,1600,3600,8400,1500,7400,1700,800,3100,50000,105300,96000,671948,731400,0,0,0,0,0,
000007.SZ,000007,20251209,93418000,98400,0,0,888,0,,,724656,7177776,99900,98300,99100,98900,98400,98500,98600,98700,98800,98900,99200,99400,99500,99600,500,20800,200,28900,100,1200,100,800,15100,5800,98300,98200,98100,98000,97900,97800,97700,97600,97400,97300,8900,1600,3600,8400,1500,7400,1700,800,3100,50000,105300,96000,768948,731400,0,0,0,0,0,
000007.SZ,000007,20251209,93421000,98400,0,0,888,0,,,724656,7177776,99900,98300,99100,98900,98400,98500,98600,98700,98800,98900,99200,99400,99500,99600,300,20800,200,28900,100,1200,100,800,15100,5800,98300,98200,98100,98000,97900,97800,97700,97600,97400,97300,8900,1600,3600,58400,1500,7400,1700,800,3100,50000,105300,96100,768048,783500,0,0,0,0,0,
000007.SZ,000007,20251209,93424000,98400,300,2952,891,0,,,724956,7180728,99900,98300,99100,98900,98400,98500,98600,98800,98900,99200,99400,99500,99600,99700,2500,20800,200,100,1200,100,800,15100,5800,600,98300,98200,98100,98000,97900,97800,97700,97600,97400,97300,9900,1600,3600,58400,1500,7400,1700,800,3100,50000,105600,96100,741348,784500,0,0,0,0,0,
000007.SZ,000007,20251209,93427000,98300,100,983,892,0,,,725056,7181711,99900,98300,99100,98900,98400,98500,98600,98800,98900,99200,99400,99500,99600,99700,2500,20800,200,100,1200,100,800,15100,5800,600,98300,98200,98100,98000,97900,97800,97700,97600,97400,97300,11800,1600,6200,58400,1500,7400,1700,800,3100,50000,105600,96100,741348,789000,0,0,0,0,0,
000007.SZ,000007,20251209,93430000,98300,10600,104204,904,0,,,735656,7285915,99900,98300,99100,98900,98400,98500,98600,98800,98900,99200,99400,99500,99600,99700,1900,20800,200,100,400,100,800,15100,5800,600,98300,98200,98100,98000,97900,97800,97700,97600,97400,97300,4300,1600,6200,58400,1500,7400,1700,800,3100,50000,105600,96100,739948,781500,0,0,0,0,0,
000007.SZ,000007,20251209,93433000,98300,700,6881,905,0,,,736356,7292796,99900,98300,99100,98900,98400,98500,98600,98800,98900,99200,99400,99500,99600,99700,2200,20800,200,100,400,100,800,15100,5800,600,98300,98200,98100,98000,97900,97800,97700,97600,97400,97300,1100,1600,6200,58400,1500,7400,1700,800,3100,50000,105600,96100,740248,778300,0,0,0,0,0,
000007.SZ,000007,20251209,93436000,98200,2800,27507,915,0,,,739156,7320303,99900,98200,99100,98900,98200,98400,98500,98600,98800,98900,99200,99400,99500,99600,600,2200,20800,200,100,400,100,800,15100,5800,98100,98000,97900,97800,97700,97600,97400,97300,97100,97000,7200,58400,1500,7400,1700,800,3100,50000,200,9100,105600,96100,740848,776600,0,0,0,0,0,
000007.SZ,000007,20251209,93439000,98200,800,7856,921,0,,,739956,7328159,99900,98200,99100,98900,98300,98400,98500,98600,98800,98900,99200,99400,99500,99600,7200,1900,20800,200,100,400,100,800,15100,5800,98200,98100,98000,97900,97800,97700,97600,97400,97300,97100,1100,7700,58400,1500,7400,1700,800,3100,50000,200,105500,96100,747148,776200,0,0,0,0,0,
000007.SZ,000007,20251209,93442000,98200,100,982,922,0,,,740056,7329141,99900,98200,99100,98900,98300,98400,98500,98600,98800,98900,99200,99400,99500,99600,27400,1900,20800,200,3200,400,100,15200,15100,5800,98200,98100,98000,97900,97800,97700,97600,97400,97300,97100,10400,7700,58400,1500,7400,1700,800,3100,50000,200,105200,96100,784848,785500,0,0,0,0,0,
000007.SZ,000007,20251209,93445000,98300,2300,22599,926,0,,,742356,7351740,99900,98200,99100,98900,98300,98400,98500,98600,98800,98900,99200,99400,99500,99600,26100,1900,20800,200,3200,400,100,15200,15100,5800,98200,98100,98000,97900,97800,97700,97600,97400,97300,97100,9500,7700,58700,1500,7400,1700,800,3100,50000,200,105200,96100,783548,784900,0,0,0,0,0,
000007.SZ,000007,20251209,93448000,98300,0,0,926,0,,,742356,7351740,99900,98200,99100,98900,98300,98400,98500,98600,98800,98900,99200,99400,99500,99600,26100,1900,20800,200,3200,400,100,15200,15100,5800,98200,98100,98000,97900,97800,97700,97600,97400,97300,97100,9500,7700,58700,1500,7400,1700,800,3100,50000,200,105200,96100,783548,783300,0,0,0,0,0,
000007.SZ,000007,20251209,93451000,98300,700,6880,928,0,,,743056,7358620,99900,98200,99100,98900,98300,98400,98500,98600,98800,98900,99200,99400,99500,99600,26000,1900,20800,200,3200,400,100,15200,15100,8200,98200,98100,98000,97900,97800,97700,97600,97400,97300,97100,9400,7700,58700,1500,7400,1700,800,3100,50000,200,105200,96100,785848,784200,0,0,0,0,0,
000007.SZ,000007,20251209,93454000,98400,27900,274276,934,0,,,770956,7632896,99900,98200,99100,98900,98500,98600,98800,98900,99200,99400,99500,99600,99700,99800,20800,200,3200,400,100,15200,15100,8200,600,16700,98300,98200,98100,98000,97900,97800,97700,97600,97400,97300,20300,9400,7700,65300,1500,7400,1700,800,3100,50000,105400,96200,757948,811100,0,0,0,0,0,
000007.SZ,000007,20251209,93457000,98400,0,0,934,0,,,770956,7632896,99900,98200,99100,98900,98500,98600,98800,98900,99000,99200,99400,99500,99600,99700,20900,200,3300,400,10400,100,15200,15100,8200,600,98400,98200,98100,98000,97900,97800,97700,97600,97400,97300,3200,9400,7700,65300,1500,7400,1700,800,3100,50000,105400,96200,768548,794000,0,0,0,0,0,
000007.SZ,000007,20251209,93500000,98400,200,1968,936,0,,,771156,7634864,99900,98200,99100,98900,98500,98600,98800,98900,99000,99200,99400,99500,99600,99700,20900,200,3300,400,10400,100,15200,15100,8200,600,98400,98300,98200,98100,98000,97900,97800,97700,97600,97400,3000,3800,9900,7700,65300,1500,7400,1700,800,3100,105400,96200,768548,798100,0,0,0,0,0,
000007.SZ,000007,20251209,93503000,98500,4800,47279,941,0,,,775956,7682143,99900,98200,99100,98900,98500,98600,98800,98900,99000,99200,99400,99500,99600,99700,16200,200,3300,400,10400,100,15200,15100,8200,600,98400,98300,98200,98100,98000,97900,97800,97700,97600,97400,14300,4800,9900,7700,65300,1500,2900,1700,800,3100,105400,96200,763848,805900,0,0,0,0,0,
000007.SZ,000007,20251209,93506000,98500,2100,20685,945,0,,,778056,7702828,99900,98200,99100,98900,98500,98600,98800,98900,99000,99200,99400,99500,99600,99700,14200,200,3300,400,10400,100,15200,15100,8200,600,98400,98300,98200,98100,98000,97900,97800,97700,97600,97400,15600,4800,9900,7600,65300,1500,2900,1700,800,3100,105400,96200,761848,807100,0,0,0,0,0,
000007.SZ,000007,20251209,93509000,98500,300,2955,947,0,,,778356,7705783,99900,98200,99100,98900,98500,98600,98800,98900,99000,99200,99400,99500,99600,99700,13900,200,3300,400,10400,100,15200,15100,8200,600,98400,98300,98200,98100,98000,97900,97800,97700,97600,97400,16300,4800,9900,7600,65300,1500,2900,1700,800,3100,105400,96200,761548,809800,0,0,0,0,0,
000007.SZ,000007,20251209,93512000,98600,14100,138887,953,0,,,792456,7844670,99900,98200,99100,98900,98700,98800,98900,99000,99200,99400,99500,99600,99700,99800,3600,3300,400,10400,100,15200,15100,8200,600,16700,98600,98500,98400,98300,98200,98100,98000,97900,97800,97700,6600,900,16300,9200,9900,7600,65700,1500,2900,1700,105500,96200,751048,822100,0,0,0,0,0,
000007.SZ,000007,20251209,93515000,98600,1500,14803,957,0,,,793956,7859473,99900,98200,99100,98900,98700,98800,98900,99000,99200,99400,99500,99600,99700,99800,2300,3300,400,10400,100,15200,15100,8200,600,16700,98600,98500,98400,98300,98200,98100,98000,97900,97800,97700,6400,900,16300,9200,9900,7600,69600,1500,2900,1700,105500,96200,749748,825800,0,0,0,0,0,
000007.SZ,000007,20251209,93518000,98700,1700,16769,961,0,,,795656,7876242,99900,98200,99100,98900,98700,98800,98900,99000,99200,99400,99500,99600,99700,99800,1700,200,400,10400,100,15200,15100,8200,600,16700,98600,98500,98400,98300,98200,98100,98000,97900,97800,97700,5400,900,16300,9200,9900,7500,69600,1500,2900,1700,105600,96200,746848,824700,0,0,0,0,0,
000007.SZ,000007,20251209,93521000,98700,200,1974,962,0,,,795856,7878216,99900,98200,99100,98900,98700,98800,98900,99000,99200,99400,99500,99600,99700,99800,1500,200,400,10400,100,15200,15100,8200,600,16700,98600,98500,98400,98300,98200,98100,98000,97900,97800,97700,5400,900,16300,9200,600,7500,69600,1500,2900,1700,105600,96200,746648,815400,0,0,0,0,0,
000007.SZ,000007,20251209,93524000,98600,5400,53244,964,0,,,801256,7931460,99900,98200,99100,98900,98600,98700,98800,98900,99000,99200,99400,99500,99600,99700,9100,1500,200,400,10400,100,15200,15100,8200,600,98500,98400,98300,98200,98100,98000,97900,97800,97700,97600,900,16300,9200,600,7500,70000,1500,2900,1700,800,105500,96200,755748,810400,0,0,0,0,0,
000007.SZ,000007,20251209,93527000,98600,1500,14790,966,0,,,802756,7946250,99900,98200,99100,98900,98600,98700,98800,98900,99000,99200,99400,99500,99600,99700,7600,1500,200,400,11000,100,15200,15100,8200,600,98500,98400,98300,98200,98100,98000,97900,97800,97700,97600,900,16300,9200,600,7500,70000,1500,2900,1700,800,105500,96200,754848,810400,0,0,0,0,0,
000007.SZ,000007,20251209,93530000,98800,13700,135189,979,0,,,816456,8081439,99900,98200,99100,98900,98800,98900,99000,99200,99400,99500,99600,99700,99800,99900,8100,400,11000,100,15200,15100,8200,600,16700,5400,98500,98400,98300,98200,98100,98000,97900,97800,97700,97600,900,16300,9200,600,7500,70000,1500,2900,1700,800,105500,96200,753648,810400,0,0,0,0,0,
000007.SZ,000007,20251209,93533000,98800,1300,12843,981,0,,,817756,8094282,99900,98200,99100,98900,98800,98900,99000,99200,99400,99500,99600,99700,99800,99900,4800,400,11000,100,15200,15100,8200,600,16700,5400,98700,98600,98500,98400,98300,98200,98100,98000,97900,97800,100,21100,900,16300,9200,600,7500,70000,1500,2900,105500,96300,750348,836100,0,0,0,0,0,
000007.SZ,000007,20251209,93536000,98800,200,1976,983,0,,,817956,8096258,99900,98200,99100,98900,98800,98900,99000,99200,99400,99500,99600,99700,99800,99900,4600,400,11000,100,15200,15100,8200,600,16700,5400,98700,98600,98500,98400,98300,98200,98100,98000,97900,97800,100,21100,900,16300,9200,600,7500,70000,1500,2900,105500,96300,750148,836100,0,0,0,0,0,
000007.SZ,000007,20251209,93539000,98800,1400,13832,987,0,,,819356,8110090,99900,98200,99100,98900,98800,98900,99000,99200,99400,99500,99600,99700,99800,99900,3400,400,11000,100,15200,15100,8200,600,16700,5400,98700,98600,98500,98400,98300,98200,98100,98000,97900,97800,1000,21100,900,16300,9200,600,7500,70000,1500,2900,105500,96300,748948,837000,0,0,0,0,0,
000007.SZ,000007,20251209,93542000,98800,4700,46438,995,0,,,824056,8156528,99900,98200,99100,98900,98900,99000,99200,99400,99500,99600,99700,99800,99900,100000,200,11000,100,15200,15100,8200,600,16700,5400,16100,98800,98700,98600,98500,98400,98300,98200,98100,98000,97900,6600,400,21100,900,15000,9200,600,7500,70000,1500,105600,96300,745348,841700,0,0,0,0,0,
000007.SZ,000007,20251209,93545000,98900,7000,69164,998,0,,,831056,8225692,99900,98200,99100,98900,98900,99000,99200,99400,99500,99600,99700,99800,99900,100000,4200,11000,100,15200,15100,8200,600,36600,5400,16100,98700,98600,98500,98400,98300,98200,98100,98000,97900,97800,2800,21100,900,13800,9200,600,7500,70000,1500,2900,105400,96300,769248,836300,0,0,0,0,0,
000007.SZ,000007,20251209,93548000,98900,1900,18791,1000,0,,,832956,8244483,99900,98200,99100,98900,98900,99000,99200,99300,99400,99500,99600,99700,99800,99900,2500,11000,100,200,15200,15100,8200,600,36600,5400,98800,98700,98600,98500,98400,98300,98200,98100,98000,97900,2800,2800,21100,900,13800,9200,600,7500,70000,1500,105400,96300,769548,839100,0,0,0,0,0,
000007.SZ,000007,20251209,93551000,98900,200,1978,1001,0,,,833156,8246461,99900,98200,99100,98900,98900,99000,99200,99300,99400,99500,99600,99700,99800,99900,2500,11000,100,200,15200,15100,8200,600,36600,5400,98800,98700,98600,98500,98400,98300,98200,98100,98000,97900,2800,2800,21100,900,13800,9200,600,7500,70000,1500,105400,96300,769548,839100,0,0,0,0,0,
000007.SZ,000007,20251209,93554000,98500,69000,679812,1150,0,,,902156,8926273,99900,98200,99100,98900,98600,98700,98800,98900,99000,99200,99300,99400,99500,99600,2600,81900,1900,12400,11000,100,200,15200,15100,8200,98500,98400,98300,98200,98100,98000,97900,97800,97700,97600,3300,6400,9500,600,7500,70000,1500,2900,1700,800,104700,96200,865848,807700,0,0,0,0,0,
000007.SZ,000007,20251209,93557000,98600,8400,82879,1160,0,,,910556,9009152,99900,98200,99100,98900,98600,98700,98800,98900,99000,99200,99300,99400,99500,99600,200,73100,1900,10300,11000,100,200,15200,15100,8200,98500,98400,98300,98200,98100,98000,97900,97800,97700,97600,600,2000,9500,600,7500,70000,1500,2900,1700,800,104700,96200,851548,800600,0,0,0,0,0,
000007.SZ,000007,20251209,93600000,98700,800,7892,1164,0,,,911356,9017044,99900,98200,99100,98900,98700,98800,98900,99000,99200,99300,99400,99500,99600,99700,71500,1900,10300,11000,100,200,15200,15100,8200,600,98500,98400,98300,98200,98100,98000,97900,97800,97700,97600,600,2000,9500,600,7500,70000,1500,2900,1700,800,104800,96200,849748,800600,0,0,0,0,0,
000007.SZ,000007,20251209,93603000,98600,200,1972,1166,0,,,911556,9019016,99900,98200,99100,98900,98700,98800,98900,99000,99300,99400,99500,99600,99700,99800,70300,1900,13400,11000,200,16900,15100,8200,600,36600,98600,98500,98400,98300,98200,98100,98000,97900,97800,97700,1800,700,2000,9500,600,7500,70000,1500,2900,1700,104700,96200,853248,802600,0,0,0,0,0,
000007.SZ,000007,20251209,93606000,98700,10200,100491,1179,0,,,921756,9119507,99900,98200,99100,98900,98700,98800,98900,99000,99300,99400,99500,99600,99700,99800,70200,1900,13400,11000,200,16900,15100,8200,600,36600,98500,98400,98300,98200,98100,98000,97900,97800,97700,97600,800,3300,11500,600,7500,70000,1500,2900,1700,800,104700,96200,858148,804200,0,0,0,0,0,
000007.SZ,000007,20251209,93609000,98600,2600,25647,1184,0,,,924356,9145154,99900,98200,99100,98900,98600,98700,98800,98900,99000,99300,99400,99500,99600,99700,3300,69200,1900,3400,11000,200,16900,15100,8200,600,98500,98400,98300,98200,98100,98000,97900,97800,97700,97600,1800,3300,11500,600,7500,70000,1500,2900,1700,800,104800,96200,850448,805200,0,0,0,0,0,
000007.SZ,000007,20251209,93612000,98600,0,0,1184,0,,,924356,9145154,99900,98200,99100,98900,98600,98700,98800,98900,99000,99300,99400,99500,99600,99700,3300,69200,1900,3400,11000,200,16900,15100,8200,600,98500,98400,98300,98200,98100,98000,97900,97800,97700,97600,1800,3300,11500,600,7500,70000,1500,2900,1700,800,104800,96200,850448,805300,0,0,0,0,0,
000007.SZ,000007,20251209,93615000,98600,0,0,1184,0,,,924356,9145154,99900,98200,99100,98900,98600,98700,98800,98900,99000,99300,99400,99500,99600,99700,3300,69200,1900,3400,12400,1400,16900,15100,8200,600,98500,98400,98300,98200,98100,98000,97900,97800,97700,97600,2100,3300,11500,600,7500,70000,1500,2900,1700,800,104800,96200,853048,805600,0,0,0,0,0,
000007.SZ,000007,20251209,93618000,98500,4500,44338,1212,0,,,928856,9189492,99900,98200,99100,98900,98500,98600,98700,98800,98900,99000,99300,99400,99500,99600,6900,2000,69200,1900,3400,12400,1400,16900,15100,8200,98400,98300,98200,98100,98000,97900,97800,97700,97600,97400,3300,11500,600,7500,75000,1500,2900,1700,800,3100,104700,96200,861348,808500,0,0,0,0,0,
000007.SZ,000007,20251209,93621000,98500,3200,31520,1223,0,,,932056,9221012,99900,98200,99100,98900,98500,98600,98700,98800,98900,99000,99300,99400,99500,99600,3700,2000,69200,1900,3400,12400,1400,16900,15100,8200,98400,98300,98200,98100,98000,97900,97800,97700,97600,97400,3300,11500,600,7500,75000,1500,2900,1700,800,3100,104700,96200,863648,808500,0,0,0,0,0,
000007.SZ,000007,20251209,93624000,98500,2400,23640,1228,0,,,934456,9244652,99900,98200,99100,98900,98500,98600,98700,98800,98900,99000,99300,99400,99500,99600,1300,2000,69200,1900,3400,12400,1400,16900,15100,8200,98400,98300,98200,98100,98000,97900,97800,97700,97600,97400,3300,11500,600,7500,76000,1500,2900,1700,800,3100,104800,96200,861248,809500,0,0,0,0,0,
000007.SZ,000007,20251209,93627000,98500,100,985,1229,0,,,934556,9245637,99900,98200,99100,98900,98500,98600,98700,98800,98900,99000,99300,99400,99500,99600,1200,2000,69200,1900,3400,12400,1400,16900,15100,8200,98400,98300,98200,98100,98000,97900,97800,97700,97600,97400,5100,11500,600,7500,76000,1500,2900,1700,800,3100,104800,96200,861148,811300,0,0,0,0,0,
000007.SZ,000007,20251209,93630000,98500,1200,11820,1233,0,,,935756,9257457,99900,98200,99100,98900,98600,98700,98800,98900,99000,99300,99400,99500,99600,99700,3100,69200,1900,3400,12400,1400,16900,15100,8200,600,98500,98400,98300,98200,98100,98000,97900,97800,97700,97600,700,5100,11500,600,57500,76000,1500,2900,1700,800,104800,96300,861048,865000,0,0,0,0,0,
000007.SZ,000007,20251209,93633000,98500,0,0,1233,0,,,935756,9257457,99900,98200,99100,98900,98600,98700,98800,98900,99000,99300,99400,99500,99600,99700,3900,69200,1900,3400,12400,1400,16900,15100,8200,600,98500,98400,98300,98200,98100,98000,97900,97800,97700,97600,700,5100,11500,600,57500,76000,1500,2900,1700,800,104800,96300,861848,865000,0,0,0,0,0,
000007.SZ,000007,20251209,93636000,98600,200,1972,1235,0,,,935956,9259429,99900,98200,99100,98900,98600,98700,98800,98900,99000,99300,99400,99500,99600,99700,3700,69200,1900,3400,12400,1400,16900,15100,8200,600,98500,98400,98300,98200,98100,98000,97900,97800,97700,97600,700,5100,11500,600,58100,76000,1500,2900,1700,800,104800,96300,861648,865600,0,0,0,0,0,
000007.SZ,000007,20251209,93639000,98500,1900,18717,1238,0,,,937856,9278146,99900,98200,99100,98900,98500,98600,98700,98800,98900,99000,99300,99400,99500,99600,64800,3500,69200,1900,3400,12400,1400,16900,15100,8200,98400,98300,98200,98100,98000,97900,97800,97700,97600,97400,3100,11500,600,58100,76000,1500,2900,1700,800,3100,104300,96300,926248,862900,0,0,0,0,0,
000007.SZ,000007,20251209,93642000,98500,6100,60084,1242,0,,,943956,9338230,99900,98200,99100,98900,98500,98600,98700,98800,98900,99000,99300,99400,99500,99600,58800,3500,69200,1900,3400,12400,1400,16900,15100,8200,98400,98300,98200,98100,98000,97900,97800,97700,97600,97400,3000,11500,600,58100,76000,1500,2900,1700,800,3100,104400,96300,920248,862800,0,0,0,0,0,
000007.SZ,000007,20251209,93645000,98500,500,4925,1243,0,,,944456,9343155,99900,98200,99100,98900,98500,98600,98700,98800,98900,99000,99300,99400,99500,99600,59800,3500,69200,1900,3400,12400,1400,16900,15100,8200,98400,98300,98200,98100,98000,97900,97800,97700,97600,97400,3000,11500,600,58100,76000,1500,2900,1700,800,3100,104300,96300,922248,862800,0,0,0,0,0,
000007.SZ,000007,20251209,93648000,98500,1200,11819,1245,0,,,945656,9354974,99900,98200,99100,98900,98500,98600,98700,98800,98900,99000,99300,99400,99500,99600,58700,3500,69200,1900,3400,12400,1400,16900,15100,8200,98400,98300,98200,98100,98000,97900,97800,97700,97600,97400,2900,11500,600,58100,76000,1500,2900,1700,800,3100,104400,96300,921148,862700,0,0,0,0,0,
000007.SZ,000007,20251209,93651000,98500,20100,197985,1247,0,,,965756,9552959,99900,98200,99100,98900,98500,98600,98700,98800,98900,99000,99300,99400,99500,99600,37100,3500,69200,1900,3400,12400,1400,16900,15100,8200,98400,98300,98200,98100,98000,97900,97800,97700,97600,97400,2900,11500,600,58100,73300,1500,2900,1700,800,3100,104700,96300,939548,860000,0,0,0,0,0,
000007.SZ,000007,20251209,93654000,98400,1000,9840,1252,0,,,966756,9562799,99900,98200,99100,98900,98500,98600,98700,98800,98900,99000,99300,99400,99500,99600,37100,3500,69200,1900,3400,12400,1400,16900,15100,8200,98400,98300,98200,98100,98000,97900,97800,97700,97600,97400,1900,11500,600,58100,71800,1500,2900,1700,800,3100,104700,96300,939548,857500,0,0,0,0,0,
000007.SZ,000007,20251209,93657000,98400,2200,21648,1255,0,,,968956,9584447,99900,98200,99100,98900,98500,98600,98700,98800,98900,99000,99300,99400,99500,99600,37100,3500,69200,1900,3400,12400,1400,16900,15100,8200,98300,98200,98100,98000,97900,97800,97700,97600,97400,97300,11500,600,58100,71800,1500,2900,1700,800,3100,50000,104700,96300,939548,855600,0,0,0,0,0,
000007.SZ,000007,20251209,93700000,98500,9600,94439,1263,0,,,978556,9678886,99900,98200,99100,98900,98400,98500,98600,98700,98800,98900,99000,99300,99400,99500,7000,35100,1900,69200,1900,3400,12400,1400,16900,15100,98300,98200,98100,98000,97900,97800,97700,97600,97400,97300,8000,600,58100,71800,1500,2900,1700,800,3100,50000,104700,96300,942948,852100,0,0,0,0,0,
000007.SZ,000007,20251209,93703000,98500,0,0,1263,0,,,978556,9678886,99900,98200,99100,98900,98400,98500,98600,98700,98800,98900,99000,99300,99400,99500,7000,35100,2200,69100,1900,3400,12400,1400,16900,15100,98300,98200,98100,98000,97900,97800,97700,97600,97400,97300,8000,600,58100,71800,1500,2900,1700,800,3100,50000,104600,96300,943148,852100,0,0,0,0,0,
000007.SZ,000007,20251209,93706000,98300,5300,52100,1271,0,,,983856,9730986,99900,98200,99100,98900,98400,98500,98600,98700,98800,98900,99000,99300,99400,99500,7000,35100,2200,69100,1900,3400,12400,1400,16900,15100,98300,98200,98100,98000,97900,97800,97700,97600,97400,97300,2800,600,58100,71800,1500,2900,1700,800,3100,50000,104600,96200,943148,846900,0,0,0,0,0,
000007.SZ,000007,20251209,93709000,98200,3300,32436,1287,0,,,987156,9763422,99900,98200,99100,98900,98400,98500,98600,98700,98800,98900,99000,99300,99400,99500,6900,35100,1400,69100,1900,3400,12400,1400,16900,15100,98200,98100,98000,97900,97800,97700,97600,97400,97300,97200,11300,58100,71800,1500,2900,1700,800,3100,50000,100,104700,96300,942248,854800,0,0,0,0,0,
000007.SZ,000007,20251209,93712000,98300,600,5898,1289,0,,,987756,9769320,99900,98200,99100,98900,98400,98500,98600,98700,98800,98900,99000,99300,99400,99500,6900,35100,1400,69100,1900,3400,12400,1400,16900,15100,98300,98200,98100,98000,97900,97800,97700,97600,97400,97300,400,11700,58100,73800,1500,2900,1700,800,3100,50000,104700,96300,942248,857600,0,0,0,0,0,
000007.SZ,000007,20251209,93715000,98200,2400,23572,1294,0,,,990156,9792892,99900,98200,99100,98900,98300,98400,98500,98600,98700,98800,98900,99000,99300,99400,200,7100,35100,1400,69100,1900,3400,12400,1400,16900,98200,98100,98000,97900,97800,97700,97600,97400,97300,97200,9700,58100,73800,1500,2900,1700,800,3100,50000,100,104700,96300,941548,855200,0,0,0,0,0,
000007.SZ,000007,20251209,93718000,98200,1000,9820,1297,0,,,991156,9802712,99900,98200,99100,98900,98300,98400,98500,98600,98700,98800,98900,99000,99300,99400,200,6900,35100,1400,69100,1900,3400,12400,1400,16900,98200,98100,98000,97900,97800,97700,97600,97400,97300,97200,8700,58100,73800,1500,2900,1700,800,3100,50000,100,104700,96300,941348,854200,0,0,0,0,0,
000007.SZ,000007,20251209,93721000,98200,9200,90344,1302,0,,,1000356,9893056,99900,98200,99100,98900,98200,98300,98400,98500,98600,98700,98800,98900,99000,99300,18700,3100,6900,35100,1400,69100,1900,3400,12400,1400,98100,98000,97900,97800,97700,97600,97400,97300,97200,97100,58100,73800,1500,2900,1700,800,3100,50000,100,300,104500,96200,962948,847500,0,0,0,0,0,
000007.SZ,000007,20251209,93724000,98100,18000,176580,1312,0,,,1018356,10069636,99900,98100,99100,98900,98300,98400,98500,98600,98800,98900,99000,99300,99400,99500,3000,6900,35100,1400,1900,3400,12400,1400,16900,15100,98100,98000,97900,97800,97700,97600,97400,97300,97200,97100,40100,73800,1500,2900,1700,800,3100,50000,100,300,105100,96200,875048,829500,0,0,0,0,0,
000007.SZ,000007,20251209,93727000,98100,3000,29430,1313,0,,,1021356,10099066,99900,98100,99100,98900,98200,98300,98400,98500,98600,98800,98900,99000,99300,99400,2300,3000,6900,35100,1400,1900,3400,12400,1400,16900,98100,98000,97900,97800,97700,97600,97400,97300,97200,97100,37100,73800,1500,2900,1700,800,3100,50000,100,300,105100,96200,877948,826500,0,0,0,0,0,
000007.SZ,000007,20251209,93730000,98200,2300,22586,1317,0,,,1023656,10121652,99900,98100,99100,98900,98300,98400,98500,98600,98800,98900,99000,99300,99400,99500,3000,6900,35100,1400,1900,3400,12400,1400,16900,15100,98200,98100,98000,97900,97800,97700,97600,97400,97300,97200,19500,37100,73800,1500,2900,1700,800,3100,50000,100,105100,96200,875648,846000,0,0,0,0,0,
000007.SZ,000007,20251209,93733000,98200,400,3928,1318,0,,,1024056,10125580,99900,98100,99100,98900,98300,98400,98500,98600,98800,98900,99000,99300,99400,99500,4000,6900,35100,1400,1900,3400,12400,1400,16900,15100,98200,98100,98000,97900,97800,97700,97600,97400,97300,97200,19100,37300,73800,1500,3400,1700,800,3100,50000,100,105100,96200,876648,846300,0,0,0,0,0,
000007.SZ,000007,20251209,93736000,98300,2400,23570,1321,0,,,1026456,10149150,99900,98100,99100,98900,98300,98400,98500,98600,98800,98900,99000,99300,99400,99500,3800,6900,35100,1400,1900,3400,11800,1400,16900,15100,98200,98100,98000,97900,97800,97700,97600,97400,97300,97200,16900,37300,74100,1500,3400,1700,800,3100,50000,100,105100,96200,875848,844400,0,0,0,0,0,
000007.SZ,000007,20251209,93739000,98300,100,983,1322,0,,,1026556,10150133,99900,98100,99100,98900,98300,98400,98500,98600,98800,98900,99000,99300,99400,99500,3700,6900,35100,1400,1900,3400,11800,1400,16900,15100,98200,98100,98000,97900,97800,97700,97600,97400,97300,97200,17000,37300,74100,1500,3400,1700,800,3100,50000,100,105100,96200,875748,844500,0,0,0,0,0,
000007.SZ,000007,20251209,93742000,98200,1500,14730,1323,0,,,1028056,10164863,99900,98100,99100,98900,98300,98400,98500,98600,98800,98900,99000,99300,99400,99500,4300,6900,35100,1400,1900,3400,11800,1400,16900,25100,98200,98100,98000,97900,97800,97700,97600,97400,97300,97200,15500,37300,72100,1500,3400,1700,800,3100,50000,100,105000,96200,886348,841000,0,0,0,0,0,
000007.SZ,000007,20251209,93745000,98300,900,8847,1324,0,,,1028956,10173710,99900,98100,99100,98900,98300,98400,98500,98600,98800,98900,99000,99300,99400,99500,3400,6900,35100,1400,1900,3400,11800,1400,16900,25100,98200,98100,98000,97900,97800,97700,97600,97400,97300,97200,15500,37300,72100,1500,3400,1700,800,3100,50000,100,105000,96200,885448,841000,0,0,0,0,0,
000007.SZ,000007,20251209,93748000,98300,0,0,1324,0,,,1028956,10173710,99900,98100,99100,98900,98300,98400,98500,98600,98800,98900,99000,99300,99400,99500,3500,7500,35100,1400,1900,3400,11800,1400,16900,25100,98200,98100,98000,97900,97800,97700,97600,97400,97300,97200,15500,38300,72100,1500,3400,1700,800,3100,50000,100,105000,96200,886148,850000,0,0,0,0,0,
000007.SZ,000007,20251209,93751000,98200,2800,27506,1328,0,,,1031756,10201216,99900,98100,99100,98900,98300,98400,98500,98600,98800,98900,99000,99300,99400,99500,2600,7500,35100,1400,1900,3400,11800,1400,16900,25100,98200,98100,98000,97900,97800,97700,97600,97400,97300,97200,13700,38300,72100,1500,3400,1700,800,3100,50000,100,105000,96200,885248,848200,0,0,0,0,0,
000007.SZ,000007,20251209,93754000,98200,0,0,1328,0,,,1031756,10201216,99900,98100,99100,98900,98300,98400,98500,98600,98800,98900,99000,99300,99400,99500,2600,7500,35100,1400,1900,3400,11800,1400,16900,25100,98200,98100,98000,97900,97800,97700,97600,97400,97300,97200,13700,38300,71700,1500,3400,1700,800,3100,50000,100,105100,96200,865248,847800,0,0,0,0,0,
000007.SZ,000007,20251209,93757000,98200,500,4910,1330,0,,,1032256,10206126,99900,98100,99100,98900,98300,98400,98500,98600,98800,98900,99000,99300,99400,99500,2600,7500,35100,1400,1900,3400,11800,1400,16900,25100,98200,98100,98000,97900,97800,97700,97600,97400,97300,97200,15200,38300,71700,1500,3400,1700,800,3100,50000,100,105100,96200,855248,849300,0,0,0,0,0,
000007.SZ,000007,20251209,93800000,98200,15300,150247,1334,0,,,1047556,10356373,99900,98100,99100,98900,98200,98300,98400,98500,98600,98800,98900,99000,99300,99400,9800,2500,7500,35100,1400,1900,3400,11800,1400,16900,98100,98000,97900,97800,97700,97600,97400,97300,97200,97100,38300,71700,1500,3400,1700,800,3100,50000,100,300,105000,96200,864948,834100,0,0,0,0,0,
000007.SZ,000007,20251209,93803000,98200,5300,52046,1336,0,,,1052856,10408419,99900,98100,99100,98900,98200,98300,98400,98500,98600,98800,98900,99000,99300,99400,34800,2500,7500,35100,1400,1900,3400,11800,1400,16900,98100,98000,97900,97800,97700,97600,97500,97400,97300,97200,38300,71700,1500,3400,1700,800,50000,3100,50000,100,104900,96300,889948,884100,0,0,0,0,0,
000007.SZ,000007,20251209,93806000,98200,6900,67749,1347,0,,,1059756,10476168,99900,98100,99100,98900,98300,98400,98500,98600,98800,98900,99000,99300,99400,99500,1600,7500,35100,1400,1900,3400,11800,1400,16900,25100,98200,98100,98000,97900,97800,97700,97600,97500,97400,97300,800,42400,71700,2700,3400,1700,800,50000,3100,50000,105100,96300,855748,890200,0,0,0,0,0,
000007.SZ,000007,20251209,93809000,98100,32200,315919,1360,0,,,1091956,10792087,99900,98100,99100,98900,98300,98400,98500,98600,98800,98900,99000,99300,99400,99500,400,7500,35100,1400,1900,3400,11800,1400,16900,25100,98100,98000,97900,97800,97700,97600,97500,97400,97300,97200,12700,71700,2700,3400,1700,800,50000,3100,50000,100,105100,96200,854548,859700,0,0,0,0,0,
000007.SZ,000007,20251209,93812000,98400,9700,95426,1375,0,,,1101656,10887513,99900,98100,99100,98900,98500,98600,98800,98900,99000,99300,99400,99500,99600,99700,35100,1400,1900,3400,11800,1400,16900,25100,8200,600,98300,98200,98100,98000,97900,97800,97700,97600,97500,97400,2000,8800,11700,71700,2700,3400,1700,800,50000,3100,105200,96200,846648,870400,0,0,0,0,0,
000007.SZ,000007,20251209,93815000,98500,58700,577509,1387,0,,,1160356,11465022,99900,98100,99100,98900,98600,98800,98900,99000,99300,99400,99500,99600,99700,99800,1400,1900,3400,11800,1400,16900,25100,8200,600,36600,98500,98400,98300,98200,98100,98000,97900,97800,97700,97600,1300,7800,4000,74900,13000,71700,2700,3400,1700,800,105500,96400,812248,954900,0,0,0,0,0,
000007.SZ,000007,20251209,93818000,98800,5500,54276,1395,0,,,1165856,11519298,99900,98100,99100,98900,98700,98800,98900,99000,99300,99400,99500,99600,99700,99800,1900,1000,3400,11800,1400,16900,25100,8200,600,36600,98400,98300,98200,98100,98000,97900,97800,97700,97600,97500,10300,4000,23600,13000,71700,2700,3400,1700,800,50000,105500,96200,811848,910800,0,0,0,0,0,
000007.SZ,000007,20251209,93821000,98500,900,8875,1397,0,,,1166756,11528173,99900,98100,99100,98900,98700,98800,98900,99000,99300,99400,99500,99600,99700,99800,2100,1000,3400,11800,1400,16900,25100,8200,600,36600,98400,98300,98200,98100,98000,97900,97800,97700,97600,97500,10300,4000,11000,13000,71700,2700,3400,1700,800,50000,105500,96200,812048,898200,0,0,0,0,0,
000007.SZ,000007,20251209,93824000,98500,0,0,1397,0,,,1166756,11528173,99900,98100,99100,98900,98700,98800,98900,99000,99300,99400,99500,99600,99700,99800,2200,1000,3400,11800,1400,16900,25100,8200,600,36600,98500,98400,98300,98200,98100,98000,97900,97800,97700,97600,200,10300,4000,11000,13000,91700,2700,3400,1700,800,105500,96300,812148,918400,0,0,0,0,0,
000007.SZ,000007,20251209,93827000,98500,0,0,1397,0,,,1166756,11528173,99900,98100,99100,98900,98700,98800,98900,99000,99300,99400,99500,99600,99700,99800,2200,1000,3400,11800,1400,16900,25100,8200,600,36600,98500,98400,98300,98200,98100,98000,97900,97800,97700,97600,200,10300,4000,7000,13000,91400,2700,3400,1700,800,105500,96200,812148,914100,0,0,0,0,0,
000007.SZ,000007,20251209,93830000,98700,200,1974,1399,0,,,1166956,11530147,99900,98100,99100,98900,98700,98800,98900,99000,99300,99400,99500,99600,99700,99800,2400,1000,3400,11800,1400,16900,25100,8200,600,36600,98500,98400,98300,98200,98100,98000,97900,97800,97700,97600,200,10300,4000,7000,15000,91400,2700,3400,1700,800,105500,96300,812348,916100,0,0,0,0,0,
000007.SZ,000007,20251209,93833000,98700,0,0,1399,0,,,1166956,11530147,99900,98100,99100,98900,98700,98800,98900,99000,99300,99400,99500,99600,99700,99800,2400,1000,3400,11800,1400,16900,25100,8200,600,36600,98500,98400,98300,98200,98100,98000,97900,97800,97700,97600,200,10300,4000,7000,15000,91700,2700,3400,1700,800,105500,96200,812348,918400,0,0,0,0,0,
000007.SZ,000007,20251209,93836000,98400,10700,105290,1407,0,,,1177656,11635437,99900,98100,99100,98900,98400,98500,98600,98700,98800,98900,99000,99300,99400,99500,800,5000,2300,2500,1000,3400,11800,1400,16900,25100,98300,98200,98100,98000,97900,97800,97700,97600,97500,97400,100,7000,15000,91700,2700,3400,1700,800,50000,3100,105400,96200,821648,904000,0,0,0,0,0,
000007.SZ,000007,20251209,93839000,98500,1300,12793,1414,0,,,1178956,11648230,99900,98100,99100,98900,98500,98600,98700,98800,98900,99000,99300,99400,99500,99600,4800,2300,1900,1000,3400,11800,1400,16900,15100,8200,98200,98100,98000,97900,97800,97700,97600,97500,97400,97300,7000,15000,91700,2700,3400,1700,800,50000,3100,50000,105500,96200,810048,903900,0,0,0,0,0,
000007.SZ,000007,20251209,93842000,98500,0,0,1414,0,,,1178956,11648230,99900,98100,99100,98900,98400,98500,98600,98700,98800,98900,99000,99300,99400,99500,400,5100,2300,1900,1000,3400,11800,1400,16900,15100,98300,98200,98100,98000,97900,97800,97700,97600,97500,97400,2100,7000,115300,91700,2700,3400,1700,800,50000,3100,105500,96400,810748,1006300,0,0,0,0,0,
000007.SZ,000007,20251209,93845000,98500,0,0,1414,0,,,1178956,11648230,99900,98100,99100,98900,98400,98500,98600,98700,98800,98900,99000,99300,99400,99500,400,7200,2300,1800,1000,3400,11800,1400,16900,15100,98300,98200,98100,98000,97900,97800,97700,97600,97500,97400,7200,3600,115300,91700,2700,3800,1700,800,50000,3100,105500,96400,812748,1008400,0,0,0,0,0,
000007.SZ,000007,20251209,93848000,98500,3000,29546,1419,0,,,1181956,11677776,99900,98100,99100,98900,98500,98600,98700,98800,98900,99000,99300,99400,99500,99600,8200,2300,1800,1000,3400,11800,1400,16900,15100,8200,98400,98300,98200,98100,98000,97900,97800,97700,97600,97500,500,7200,7600,115300,92700,2700,3800,1700,800,50000,105500,96400,813348,1013900,0,0,0,0,0,
000007.SZ,000007,20251209,93851000,98500,900,8860,1422,0,,,1182856,11686636,99900,98100,99100,98900,98500,98600,98700,98800,98900,99000,99300,99400,99500,99600,7800,2300,1400,1000,3400,11800,1400,16900,15100,8200,98400,98300,98200,98100,98000,97900,97800,97700,97600,97500,5000,7200,7600,115300,92700,2700,3800,1700,800,50000,105500,96400,812548,1027600,0,0,0,0,0,
000007.SZ,000007,20251209,93854000,98600,10800,106408,1435,0,,,1193656,11793044,99900,98100,99100,98900,98700,98800,98900,99000,99300,99400,99500,99600,99700,99800,500,1000,3400,11800,1400,16900,15100,8200,600,36600,98600,98500,98400,98300,98200,98100,98000,97900,97800,97700,300,2300,24900,5600,7600,125300,92700,2700,3800,1700,105600,96500,791548,1058500,0,0,0,0,0,
000007.SZ,000007,20251209,93857000,98800,1100,10861,1442,0,,,1194756,11803905,99900,98100,99100,98900,98800,98900,99000,99300,99400,99500,99600,99700,99800,99900,500,3400,11800,1400,16900,15100,8200,600,36600,6400,98700,98600,98500,98400,98300,98200,98100,98000,97900,97800,600,6000,4300,29900,5000,7600,125300,92700,2700,3800,105600,96500,790548,1061200,0,0,0,0,0,
000007.SZ,000007,20251209,93900000,98800,100,988,1443,0,,,1194856,11804893,99900,98100,99100,98900,98800,98900,99000,99300,99400,99500,99600,99700,99800,99900,400,3400,12400,1400,16900,15100,8200,600,36600,6400,98700,98600,98500,98400,98300,98200,98100,98000,97900,97800,2500,6000,4300,29900,5000,7600,125300,92700,2700,3800,105600,96500,791048,1063100,0,0,0,0,0,
000007.SZ,000007,20251209,93906000,98800,300,2963,1446,0,,,1195156,11807856,99900,98100,99100,98900,98800,98900,99000,99300,99400,99500,99600,99700,99800,99900,300,13400,12400,1400,16900,15100,8200,600,36600,6400,98700,98600,98500,98400,98300,98200,98100,98000,97900,97800,2400,6000,4300,29900,5000,7600,125300,92400,2700,3800,105600,96500,800948,1062700,0,0,0,0,0,
000007.SZ,000007,20251209,93909000,98800,1500,14820,1451,0,,,1196656,11822676,99900,98100,99100,98900,98800,98900,99000,99300,99400,99500,99600,99700,99800,99900,1000,13400,12400,1400,16900,15100,8200,2600,36600,6400,98700,98600,98500,98400,98300,98200,98100,98000,97900,97800,1900,6000,4300,29900,5000,7600,125600,92400,2700,3800,105500,96500,803648,1062500,0,0,0,0,0,
000007.SZ,000007,20251209,93912000,98800,0,0,1451,0,,,1196656,11822676,99900,98100,99100,98900,98800,98900,99000,99300,99400,99500,99600,99700,99800,99900,1200,13400,12400,1400,16900,15100,8200,2600,36600,6400,98700,98600,98500,98400,98300,98200,98100,98000,97900,97800,1900,6000,2300,29900,5000,13800,125600,92400,2700,3800,105500,96600,803848,1066700,0,0,0,0,0,
000007.SZ,000007,20251209,93915000,98800,0,0,1451,0,,,1196656,11822676,99900,98100,99100,98900,98800,98900,99000,99300,99400,99500,99600,99700,99800,99900,1200,13400,12400,1400,16900,15100,8200,2600,36600,6400,98700,98600,98500,98400,98300,98200,98100,98000,97900,97800,3700,6000,2300,29900,5000,13800,125600,93000,2700,3800,105500,96600,803848,1069100,0,0,0,0,0,
000007.SZ,000007,20251209,93918000,98800,0,0,1451,0,,,1196656,11822676,99900,98100,99100,98900,98800,98900,99000,99300,99400,99500,99600,99700,99800,99900,2700,13400,12400,1400,16900,15100,8200,2600,36600,6400,98700,98600,98500,98400,98300,98200,98100,98000,97900,97800,4400,6000,2300,29900,5000,13800,125600,93000,2700,3800,105500,96600,805348,1069800,0,0,0,0,0,
000007.SZ,000007,20251209,93921000,98700,1000,9870,1456,0,,,1197656,11832546,99900,98100,99100,98900,98800,98900,99000,99300,99400,99500,99600,99700,99800,99900,4000,13400,22400,1400,16900,15100,8200,2600,36600,6400,98700,98600,98500,98400,98300,98200,98100,98000,97900,97800,2800,6000,2300,9900,5000,13800,125600,93000,2700,3800,105400,96500,816648,1048200,0,0,0,0,0,
000007.SZ,000007,20251209,93924000,98700,3200,31588,1473,0,,,1200856,11864134,99900,98100,99100,98900,98800,98900,99000,99300,99400,99500,99600,99700,99800,99900,3700,13400,22400,1400,16900,15100,8200,2600,36600,6400,98700,98600,98500,98400,98300,98200,98100,98000,97900,97800,600,6000,1700,9900,5000,13800,125600,93000,2700,3800,105400,96500,816348,1045400,0,0,0,0,0,
000007.SZ,000007,20251209,93927000,98400,8600,84781,1483,0,,,1209456,11948915,99900,98100,99100,98900,98600,98700,98800,98900,99000,99300,99400,99500,99600,99700,41100,61000,3600,13400,22400,1400,2500,15100,8200,2600,98400,98300,98200,98100,98000,97900,97800,97700,97600,97500,9800,5000,13800,125600,93000,2700,3800,1700,800,50000,104800,96500,903948,1037000,0,0,0,0,0,
000007.SZ,000007,20251209,93930000,98700,108300,1068772,1528,0,,,1317756,13017687,99900,98100,99100,98900,98900,99000,99300,99400,99500,99600,99700,99800,99900,100000,13400,22400,1400,2500,15100,8200,2600,36600,6400,17200,98700,98600,98400,98300,98200,98100,98000,97900,97800,97700,6100,23700,9800,5000,13800,125600,93000,2700,3800,1700,105600,96600,798248,1066800,0,0,0,0,0,
000007.SZ,000007,20251209,93933000,98900,9300,91964,1538,0,,,1327056,13109651,99900,98100,99100,98900,98900,99000,99300,99400,99500,99600,99700,99800,99900,100000,7400,22400,1400,2500,15100,8200,2600,36600,6400,17200,98800,98700,98600,98400,98300,98200,98100,98000,97900,97800,100,6100,12500,9800,5000,13800,125600,93000,2700,3800,105600,96500,792248,1055700,0,0,0,0,0,
000007.SZ,000007,20251209,93936000,98900,1000,9890,1541,0,,,1328056,13119541,99900,98100,99100,98900,98900,99000,99300,99400,99500,99600,99700,99800,99900,100000,6400,22400,1400,2500,15100,8200,2600,36600,6400,17200,98800,98700,98600,98400,98300,98200,98100,98000,97900,97800,100,6100,4300,9800,5000,13800,125600,93000,2700,3800,105600,96500,791248,1047500,0,0,0,0,0,
000007.SZ,000007,20251209,93939000,98900,4200,41538,1543,0,,,1332256,13161079,99900,98100,99100,98900,98900,99000,99300,99400,99500,99600,99700,99800,99900,100000,2200,22400,1400,16900,15100,8200,2600,36600,6400,17200,98800,98700,98600,98400,98300,98200,98100,98000,97900,97800,100,6100,4300,9800,5000,13800,125600,92400,2700,3800,105600,96500,801448,1046900,0,0,0,0,0,
000007.SZ,000007,20251209,93942000,98900,500,4944,1547,0,,,1332756,13166023,99900,98100,99100,98900,98900,99000,99300,99400,99500,99600,99700,99800,99900,100000,2100,22400,1400,16900,15100,8200,2600,36600,6400,17200,98700,98600,98400,98300,98200,98100,98000,97900,97800,97700,6100,4300,9800,5000,13800,125600,92400,2700,3800,1700,105600,96500,801348,1046800,0,0,0,0,0,
000007.SZ,000007,20251209,93945000,98900,200,1978,1548,0,,,1332956,13168001,99900,98100,99100,98900,98900,99000,99300,99400,99500,99600,99700,99800,99900,100000,5100,22400,1400,16900,15100,8200,2600,36600,7400,17200,98800,98700,98600,98400,98300,98200,98100,98000,97900,97800,1000,7100,4300,9800,109800,14400,125600,92400,2700,3800,105500,96700,805348,1154200,0,0,0,0,0,
000007.SZ,000007,20251209,93948000,98900,400,3956,1549,0,,,1333356,13171957,99900,98100,99100,98900,98900,99000,99300,99400,99500,99600,99700,99800,99900,100000,4400,22400,1400,16900,19100,8200,2600,36600,7400,17200,98800,98700,98600,98400,98300,98200,98100,98000,97900,97800,1000,7100,4300,9800,109800,14400,125600,92400,2700,3800,105500,96700,808648,1154200,0,0,0,0,0,
000007.SZ,000007,20251209,93951000,98800,1000,9880,1551,0,,,1334356,13181837,99900,98100,99100,98900,98900,99000,99100,99300,99400,99500,99600,99700,99800,99900,4500,22400,300,1400,16900,19100,8200,2600,36600,7400,98700,98600,98400,98300,98200,98100,98000,97900,97800,97700,7600,4300,9800,109800,14400,125600,95400,2700,3800,1700,105500,96700,809048,1156700,0,0,0,0,0,
000007.SZ,000007,20251209,93954000,98900,2200,21758,1555,0,,,1336556,13203595,99900,98100,99100,98900,98900,99000,99100,99300,99400,99500,99600,99700,99800,99900,2300,22700,300,1400,16900,19100,8200,2600,36600,7400,98800,98700,98600,98400,98300,98200,98100,98000,97900,97800,500,7700,4300,9800,109800,14400,125600,95400,2700,3800,105500,96700,807148,1148100,0,0,0,0,0,
000007.SZ,000007,20251209,93957000,98900,100,989,1556,0,,,1336656,13204584,99900,98100,99100,98900,98900,99000,99100,99300,99400,99500,99600,99700,99800,99900,2300,22700,300,1400,16900,19100,8200,2600,36600,7400,98800,98700,98600,98400,98300,98200,98100,98000,97900,97800,500,7700,4300,9800,109800,14400,125600,95400,2700,3800,105500,96700,807148,1148600,0,0,0,0,0,
000007.SZ,000007,20251209,94000000,98900,100,989,1557,0,,,1336756,13205573,99900,98100,99100,98900,98900,99000,99100,99300,99400,99500,99600,99700,99800,99900,2200,22700,300,1400,16900,19100,8200,2600,36600,7400,98800,98700,98600,98400,98300,98200,98100,98000,97900,97800,500,7700,4300,10400,109800,14400,125600,95400,2700,3800,105500,96700,807048,1149200,0,0,0,0,0,
000007.SZ,000007,20251209,94003000,98800,500,4940,1558,0,,,1337256,13210513,99900,98100,99100,98900,98900,99000,99100,99300,99400,99500,99600,99700,99800,99900,2200,22700,300,1400,16900,19100,8200,2600,36600,7400,98800,98700,98600,98400,98300,98200,98100,98000,97900,97800,600,7700,4300,10400,109800,14400,127800,95700,2700,3800,105500,96700,807048,1151100,0,0,0,0,0,
000007.SZ,000007,20251209,94006000,98900,100,989,1559,0,,,1337356,13211502,99900,98100,99100,98900,98900,99000,99100,99300,99400,99500,99600,99700,99800,99900,2200,22700,300,1400,16900,19100,8200,2600,36600,7400,98800,98700,98600,98400,98300,98200,98100,98000,97900,97800,600,7700,4300,10400,109800,14400,127800,95700,2700,3800,105500,96700,807048,1156500,0,0,0,0,0,
000007.SZ,000007,20251209,94009000,98900,100,989,1560,0,,,1337456,13212491,99900,98100,99100,98900,98900,99000,99100,99300,99400,99500,99600,99700,99800,99900,2100,22700,300,1400,16900,19100,8200,2600,36600,7400,98800,98700,98600,98400,98300,98200,98100,98000,97900,97800,600,7700,4300,10400,110500,14400,127800,96200,2700,3800,105500,96700,806948,1157700,0,0,0,0,0,
000007.SZ,000007,20251209,94012000,98800,600,5928,1561,0,,,1338056,13218419,99900,98100,99100,98900,98900,99000,99100,99300,99400,99500,99600,99700,99800,99900,2100,22700,300,1400,16900,19100,8200,2600,36600,7400,98700,98600,98400,98300,98200,98100,98000,97900,97800,97700,8700,4300,10400,110500,14400,127800,96200,2700,3800,1000,105500,96700,806948,1158100,0,0,0,0,0,
000007.SZ,000007,20251209,94015000,98900,200,1978,1562,0,,,1338256,13220397,99900,98100,99100,98900,98900,99000,99100,99300,99400,99500,99600,99700,99800,99900,3900,22700,300,1400,16900,19100,8200,2600,36600,7400,98800,98700,98600,98400,98300,98200,98100,98000,97900,97800,10100,9100,4300,10400,110500,14400,127800,96200,2700,3800,105500,96700,808748,1168600,0,0,0,0,0,
000007.SZ,000007,20251209,94018000,98900,0,0,1562,0,,,1338256,13220397,99900,98100,99100,98900,98900,99000,99100,99300,99400,99500,99600,99700,99800,99900,3900,22700,300,1400,16900,19100,8200,2600,36600,7400,98800,98700,98600,98400,98300,98200,98100,98000,97900,97800,10200,9100,4300,10400,110500,14400,127800,96200,2700,3800,105500,96700,808248,1168700,0,0,0,0,0,
000007.SZ,000007,20251209,94021000,98900,3500,34615,1573,0,,,1341756,13255012,99900,98100,99100,98900,98900,99000,99100,99300,99400,99500,99600,99700,99800,99900,400,22700,300,1400,16900,19100,8200,2600,36600,7400,98800,98700,98600,98400,98300,98200,98100,98000,97900,97800,11600,25900,4300,10400,110500,14400,127800,96200,2700,4200,105500,96700,804748,1187300,0,0,0,0,0,
000007.SZ,000007,20251209,94024000,98900,4600,45496,1584,0,,,1346356,13300508,99900,98100,99100,98900,99000,99100,99300,99400,99500,99600,99700,99800,99900,100000,22500,300,1400,16900,19100,8200,2600,36600,7400,17200,98900,98800,98700,98600,98400,98300,98200,98100,98000,97900,3400,11600,25700,4300,10400,110500,14400,127800,96200,2700,105500,96700,804148,1190500,0,0,0,0,0,
000007.SZ,000007,20251209,94027000,99000,400,3960,1585,0,,,1346756,13304468,99900,98100,99100,98900,99000,99100,99300,99400,99500,99600,99700,99800,99900,100000,22100,300,1400,16900,19100,8200,2600,36600,7400,17200,98900,98800,98700,98600,98400,98300,98200,98100,98000,97900,9200,11600,25700,4300,10400,110500,14400,127800,96200,2700,105500,96800,803748,1196300,0,0,0,0,0,
000007.SZ,000007,20251209,94030000,99000,1200,11880,1589,0,,,1347956,13316348,99900,98100,99100,98900,99000,99100,99300,99400,99500,99600,99700,99800,99900,100000,21400,300,1400,16900,19100,8200,2600,36600,7400,17200,98900,98800,98700,98600,98400,98300,98200,98100,98000,97900,9200,11600,25300,4300,10400,110500,14400,127800,96200,2700,105500,96800,803048,1196000,0,0,0,0,0,
000007.SZ,000007,20251209,94033000,99000,10500,103917,1598,0,,,1358456,13420265,99900,98100,99100,98900,99000,99100,99300,99400,99500,99600,99700,99800,99900,100000,14000,300,1400,16900,19100,8200,2600,36600,7400,17200,98900,98800,98700,98600,98500,98400,98300,98200,98100,98000,5900,11600,25300,4300,1000,10400,110500,14400,127800,96200,105600,96800,795648,1193700,0,0,0,0,0,
000007.SZ,000007,20251209,94036000,99000,1000,9900,1600,0,,,1359456,13430165,99900,98100,99100,98900,99000,99100,99300,99400,99500,99600,99700,99800,99900,100000,15800,300,1400,16900,19100,8200,2600,36600,7400,17200,98900,98800,98700,98600,98500,98400,98300,98200,98100,98000,5900,11600,25300,4300,1000,10400,110500,14400,127800,96200,105600,96800,797448,1193700,0,0,0,0,0,
000007.SZ,000007,20251209,94039000,99000,300,2970,1602,0,,,1359756,13433135,99900,98100,99100,98900,99000,99100,99300,99400,99500,99600,99700,99800,99900,100000,15500,300,20900,16900,19100,8200,2600,36600,7400,17200,98900,98800,98700,98600,98500,98400,98300,98200,98100,98000,6000,11600,25300,4300,1000,10400,110500,14400,127800,96200,105400,96800,815648,1193800,0,0,0,0,0,
000007.SZ,000007,20251209,94042000,98900,6000,59340,1605,0,,,1365756,13492475,99900,98100,99100,98900,99000,99100,99300,99400,99500,99600,99700,99800,99900,100000,18800,300,20900,16900,19100,8200,2600,36600,7400,17200,98800,98700,98600,98500,98400,98300,98200,98100,98000,97900,11500,25300,4300,1000,10400,110500,14400,127500,96200,2700,105400,96700,818948,1187400,0,0,0,0,0,
000007.SZ,000007,20251209,94045000,98800,12000,118565,1612,0,,,1377756,13611040,99900,98100,99100,98900,98800,98900,99000,99100,99300,99400,99500,99600,99700,99800,2300,17500,19900,300,20900,16900,19100,8200,2600,36600,98700,98600,98500,98400,98300,98200,98100,98000,97900,97800,25300,4300,1000,10400,110500,14400,127500,96200,2700,4200,105300,96700,839848,1175900,0,0,0,0,0,
000007.SZ,000007,20251209,94048000,98700,27800,274370,1633,0,,,1405556,13885410,99900,98100,99100,98900,98700,98800,98900,99000,99100,99200,99300,99400,99500,99600,3600,7900,17500,19500,300,1100,20900,16900,19100,8200,98600,98500,98400,98300,98200,98100,98000,97900,97800,97700,1400,1000,10400,110500,14400,127500,96200,2700,4200,1000,105200,96700,851948,1147700,0,0,0,0,0,
000007.SZ,000007,20251209,94051000,98600,3600,35517,1642,0,,,1409156,13920927,99900,98100,99100,98900,98600,98700,98800,98900,99000,99100,99200,99300,99400,99500,600,1500,7800,16900,19400,300,1100,20900,16900,19100,98500,98400,98300,98200,98100,98000,97900,97800,97700,97600,1000,10400,110500,14400,127500,96200,2700,4200,1000,800,105200,96700,849648,1146300,0,0,0,0,0,
000007.SZ,000007,20251209,94054000,98600,600,5916,1645,0,,,1409756,13926843,99900,98100,99100,98900,98700,98800,98900,99000,99100,99200,99300,99400,99500,99600,1500,6600,16900,17600,300,1100,20900,16900,19100,8200,98500,98400,98300,98200,98100,98000,97900,97800,97700,97600,1100,60400,110500,14400,127500,96200,2700,4200,1000,800,105200,96700,846048,1196400,0,0,0,0,0,
000007.SZ,000007,20251209,94057000,98600,0,0,1645,0,,,1409756,13926843,99900,98100,99100,98900,98600,98700,98800,98900,99000,99100,99200,99300,99400,99500,100,1500,6600,15200,17600,300,1100,20900,16900,19100,98500,98400,98300,98200,98100,98000,97900,97800,97700,97600,3700,60400,110500,14400,127500,96200,2700,4200,1000,800,105200,96700,844448,1200200,0,0,0,0,0,
000007.SZ,000007,20251209,94100000,98600,900,8874,1648,0,,,1410656,13935717,99900,98100,99100,98900,98600,98700,98800,98900,99000,99100,99200,99300,99400,99500,2300,1400,1900,15200,14800,300,1100,20900,16900,19100,98500,98400,98300,98200,98100,98000,97900,97800,97700,97600,6200,60400,110500,14400,127500,92300,2700,4200,1000,800,105300,96700,839048,1198800,0,0,0,0,0,
000007.SZ,000007,20251209,94103000,98700,9500,93705,1662,0,,,1420156,14029422,99900,98100,99100,98900,98800,98900,99000,99100,99200,99300,99400,99500,99600,99700,1900,13300,14800,300,1100,20900,16900,19100,8200,2600,98600,98500,98400,98300,98200,98100,98000,97900,97800,97700,7200,7000,60400,110500,14400,129800,92300,2700,4200,1000,105300,96800,833448,1209100,0,0,0,0,0,
000007.SZ,000007,20251209,94106000,98700,1100,10867,1666,0,,,1421256,14040289,99900,98100,99100,98900,98800,98900,99000,99100,99200,99300,99400,99500,99600,99700,6900,13800,14800,300,1100,20900,16900,19100,8200,2600,98600,98500,98400,98300,98200,98100,98000,97900,97800,97700,6900,7000,60400,110500,14400,130200,92300,2700,4200,1000,105300,96800,838948,1209200,0,0,0,0,0,
000007.SZ,000007,20251209,94109000,98700,400,3949,1669,0,,,1421656,14044238,99900,98100,99100,98900,98800,98900,99000,99100,99200,99300,99400,99500,99600,99700,9200,13800,15600,300,1100,20900,16900,19100,8200,2600,98700,98600,98500,98400,98300,98200,98100,98000,97900,97800,700,6900,7000,60400,110500,14400,130200,92300,2700,4200,105200,96800,842048,1209900,0,0,0,0,0,
000007.SZ,000007,20251209,94112000,98700,100,987,1670,0,,,1421756,14045225,99900,98100,99100,98900,98800,98900,99000,99100,99200,99300,99400,99500,99600,99700,9200,13800,15600,300,1100,20900,16900,19100,8200,2600,98700,98600,98500,98400,98300,98200,98100,98000,97900,97800,1400,6900,7000,60400,110500,18300,130200,92300,2700,4200,105200,96800,842048,1214500,0,0,0,0,0,
000007.SZ,000007,20251209,94115000,98700,0,0,1670,0,,,1421756,14045225,99900,98100,99100,98900,98800,98900,99000,99100,99200,99300,99400,99500,99600,99700,9200,13800,15600,300,1100,20900,16900,19100,8200,2600,98700,98600,98500,98400,98300,98200,98100,98000,97900,97800,1400,7900,7000,60400,111400,19800,130200,92300,2700,4200,105200,96800,842048,1217900,0,0,0,0,0,
000007.SZ,000007,20251209,94118000,98700,0,0,1670,0,,,1421756,14045225,99900,98100,99100,98900,98800,98900,99000,99100,99200,99300,99400,99500,99600,99700,9200,13800,15600,300,1100,20900,16900,19100,8200,2600,98700,98600,98500,98400,98300,98200,98100,98000,97900,97800,1400,7900,7300,60400,111400,19800,130200,92300,2700,4200,105200,96800,842048,1218200,0,0,0,0,0,
000007.SZ,000007,20251209,94121000,98700,400,3948,1673,0,,,1422156,14049173,99900,98100,99100,98900,98800,98900,99000,99100,99200,99300,99400,99500,99600,99700,9200,13800,15600,300,1100,20900,16900,19100,8200,2600,98700,98600,98500,98400,98300,98200,98100,98000,97900,97800,1000,7900,7300,60400,111400,19800,130200,92300,2700,4200,105200,96800,842048,1217800,0,0,0,0,0,
000007.SZ,000007,20251209,94124000,98700,0,0,1673,0,,,1422156,14049173,99900,98100,99100,98900,98800,98900,99000,99100,99200,99300,99400,99500,99600,99700,9600,13800,15600,300,1100,20900,16900,19100,8200,2600,98700,98600,98500,98400,98300,98200,98100,98000,97900,97800,1000,7900,12300,60400,111400,19800,130200,92400,2700,4200,105200,96800,842448,1222900,0,0,0,0,0,
000007.SZ,000007,20251209,94127000,98700,200,1974,1674,0,,,1422356,14051147,99900,98100,99100,98900,98800,98900,99000,99100,99200,99300,99400,99500,99600,99700,9600,13800,15600,300,1100,20900,16900,19100,8200,2600,98700,98600,98500,98400,98300,98200,98100,98000,97900,97800,800,7900,12300,60400,111400,19800,130200,92400,2700,4200,105200,96800,842448,1222700,0,0,0,0,0,
000007.SZ,000007,20251209,94130000,98800,9800,96824,1690,0,,,1432156,14147971,99900,98100,99100,98900,98900,99000,99100,99200,99300,99400,99500,99600,99700,99800,13800,15600,300,1100,20900,16900,19100,8200,2600,36600,98800,98700,98600,98500,98400,98300,98200,98100,98000,97900,400,1600,7900,12300,60400,111500,19800,130200,92400,2700,105300,96800,832848,1224000,0,0,0,0,0,
000007.SZ,000007,20251209,94133000,98900,14100,139446,1705,0,,,1446256,14287417,99900,98100,99100,98900,99000,99100,99200,99300,99400,99500,99600,99700,99800,99900,15600,300,1100,20900,16900,19100,8200,2600,36600,9400,98900,98800,98700,98600,98500,98400,98300,98200,98100,98000,2300,100,1600,7900,12300,60400,111500,19800,130200,92400,105400,96800,820348,1255700,0,0,0,0,0,
000007.SZ,000007,20251209,94136000,99000,23800,234986,1723,0,,,1470056,14522403,99900,98100,99100,98900,99000,99100,99200,99300,99400,99500,99600,99700,99800,99900,14500,300,1100,20900,16900,19100,8200,2600,36600,9400,98800,98700,98600,98500,98400,98300,98200,98100,98000,97900,100,73300,8100,12300,60400,111500,19800,130200,92400,2700,105400,96900,819248,1325300,0,0,0,0,0,
000007.SZ,000007,20251209,94139000,99000,2000,19800,1728,0,,,1472056,14542203,99900,98100,99100,98900,99000,99100,99200,99300,99400,99500,99600,99700,99800,99900,13000,300,1100,20900,16900,19100,8200,2600,36600,9400,98800,98700,98600,98500,98400,98300,98200,98100,98000,97900,600,54600,8000,12000,60400,111500,19800,130200,92400,2700,105400,96900,817748,1306700,0,0,0,0,0,
000007.SZ,000007,20251209,94142000,99000,200,1979,1730,0,,,1472256,14544182,99900,98100,99100,98900,99000,99100,99200,99300,99400,99500,99600,99700,99800,99900,13400,300,1100,20900,16900,19100,8200,2600,36600,9400,98800,98700,98600,98500,98400,98300,98200,98100,98000,97900,600,21100,7900,12000,60400,111500,19800,135400,92400,2700,105400,96800,818148,1278300,0,0,0,0,0,
000007.SZ,000007,20251209,94145000,99000,9600,95040,1735,0,,,1481856,14639222,99900,98100,99100,98900,99000,99100,99200,99300,99400,99500,99600,99700,99800,99900,3000,300,1100,20900,16900,19100,8200,2600,36600,9400,98900,98800,98700,98600,98500,98400,98300,98200,98100,98000,100,100,21100,7900,12000,60400,111500,19800,135400,92400,105500,96800,807748,1277900,0,0,0,0,0,
000007.SZ,000007,20251209,94148000,99000,900,8910,1738,0,,,1482756,14648132,99900,98100,99100,98900,99000,99100,99200,99300,99400,99500,99600,99700,99800,99900,2100,300,1100,20900,16900,19100,8200,2600,36600,9400,98900,98800,98700,98600,98500,98400,98300,98200,98100,98000,100,18900,19700,7900,12000,60500,111500,19800,135400,92400,105500,96800,806048,1295400,0,0,0,0,0,
000007.SZ,000007,20251209,94151000,98900,100,989,1739,0,,,1482856,14649121,99900,98100,99100,98900,99000,99100,99200,99300,99400,99500,99600,99700,99800,99900,2100,300,1600,20900,16900,19100,8200,2600,36600,9400,98800,98700,98600,98500,98400,98300,98200,98100,98000,97900,18900,19700,7900,12000,60500,111500,19800,135400,92400,2700,105500,96800,806548,1295300,0,0,0,0,0,
000007.SZ,000007,20251209,94154000,98900,3900,38571,1747,0,,,1486756,14687692,99900,98100,99100,98900,99000,99100,99200,99300,99400,99500,99600,99700,99800,99900,7800,300,1600,20900,16900,19100,8200,2300,36600,9400,98900,98800,98700,98600,98500,98400,98300,98200,98100,98000,1600,18900,19000,7900,12000,60500,111500,19800,135400,92400,105400,96800,861948,1296200,0,0,0,0,0,
000007.SZ,000007,20251209,94157000,98900,2500,24734,1755,0,,,1489256,14712426,99900,98100,99100,98900,98900,99000,99100,99200,99300,99400,99500,99600,99700,99800,1800,13300,300,1600,20900,16900,19100,8200,2300,36600,98800,98700,98600,98500,98400,98300,98200,98100,98000,97900,18900,18600,7900,12000,60500,111500,19800,135400,92400,2700,105400,96800,869248,1294200,0,0,0,0,0,
000007.SZ,000007,20251209,94200000,98900,200,1978,1757,0,,,1489456,14714404,99900,98100,99100,98900,98900,99000,99100,99200,99300,99400,99500,99600,99700,99800,1800,13300,300,1600,20900,16900,19100,8200,2300,36600,98800,98700,98600,98500,98400,98300,98200,98100,98000,97900,18900,18600,7900,57000,60500,111500,19800,135400,92400,2700,105400,96900,869248,1339200,0,0,0,0,0,
000007.SZ,000007,20251209,94203000,99000,15100,149472,1770,0,,,1504556,14863876,99900,98100,99100,98900,99100,99200,99300,99400,99500,99600,99700,99800,99900,100000,300,1600,20900,16900,19100,8200,2300,36600,9400,17700,98900,98800,98700,98600,98500,98400,98300,98200,98100,98000,1000,18900,18600,7900,57000,60500,111500,18600,135400,92400,105500,96900,854148,1339000,0,0,0,0,0,
000007.SZ,000007,20251209,94206000,99100,7100,70269,1782,0,,,1511656,14934145,99900,98100,99100,98900,99200,99300,99400,99500,99600,99700,99800,99900,100000,100100,700,20900,16900,19100,8200,2300,36600,9400,17700,1700,99100,98900,98800,98700,98600,98500,98400,98300,98200,98100,100,2700,18900,3100,7900,57000,60500,111500,18600,135400,105500,96900,854448,1325300,0,0,0,0,0,
000007.SZ,000007,20251209,94209000,99000,1400,13867,1789,0,,,1513056,14948012,99900,98100,99100,98900,99000,99100,99200,99300,99400,99500,99600,99700,99800,99900,400,6700,5800,20900,16900,19100,8200,2300,36600,9400,98900,98800,98700,98600,98500,98400,98300,98200,98100,98000,4700,18900,3100,7900,57000,60500,111500,18600,135400,92400,105400,96900,866648,1327200,0,0,0,0,0,
000007.SZ,000007,20251209,94212000,99100,1700,16843,1792,0,,,1514756,14964855,99900,98100,99100,98900,99100,99200,99300,99400,99500,99600,99700,99800,99900,100000,5400,7800,20900,16900,19100,8200,2300,36600,9400,17700,98900,98800,98700,98600,98500,98400,98300,98200,98100,98000,4700,18900,3100,7900,57000,60500,111500,18600,135400,92400,105400,96900,866948,1327200,0,0,0,0,0,
000007.SZ,000007,20251209,94215000,98900,700,6923,1795,0,,,1515456,14971778,99900,98100,99100,98900,99100,99200,99300,99400,99500,99600,99700,99800,99900,100000,6500,7800,20900,16900,19100,8200,2300,36600,9400,17700,98900,98800,98700,98600,98500,98400,98300,98200,98100,98000,4000,18900,3100,7900,57000,60500,111500,18600,135400,92400,105400,96900,868048,1326500,0,0,0,0,0,
000007.SZ,000007,20251209,94218000,99000,8500,84095,1804,0,,,1523956,15055873,99900,98100,99100,98900,98900,99000,99100,99200,99300,99400,99500,99600,99700,99800,200,30600,6500,7800,20900,16900,19100,8200,2300,36600,98800,98700,98600,98500,98400,98300,98200,98100,98000,97900,19200,1800,7900,57000,59900,111500,18600,135400,92400,2700,105200,96900,898848,1320900,0,0,0,0,0,
000007.SZ,000007,20251209,94221000,98900,2600,25714,1809,0,,,1526556,15081587,99900,98100,99100,98900,98900,99000,99100,99200,99300,99400,99500,99600,99700,99800,1300,29900,5800,7800,1400,16900,19100,8200,2300,36600,98800,98700,98600,98500,98400,98300,98200,98100,98000,97900,18600,1800,6900,59900,59900,111500,18600,135400,92400,2700,105300,96900,879048,1322200,0,0,0,0,0,
000007.SZ,000007,20251209,94224000,98900,0,0,1809,0,,,1526556,15081587,99900,98100,99100,98900,98900,99000,99100,99200,99300,99400,99500,99600,99700,99800,1300,30000,5800,7800,1400,16900,19100,8200,2300,36600,98800,98700,98600,98500,98400,98300,98200,98100,98000,97900,18600,1800,6900,59900,59900,111500,18600,135400,92400,2700,105300,96900,879148,1321700,0,0,0,0,0,
000007.SZ,000007,20251209,94227000,98900,0,0,1809,0,,,1526556,15081587,99900,98100,99100,98900,98900,99000,99100,99200,99300,99400,99500,99600,99700,99800,1300,30000,5800,7800,1400,16900,20200,8200,2300,36600,98800,98700,98600,98500,98400,98300,98200,98100,98000,97900,18600,2400,6900,59900,59900,111500,18600,135400,92400,2700,105300,96900,880248,1322300,0,0,0,0,0,
000007.SZ,000007,20251209,94230000,98900,8900,87991,1822,0,,,1535456,15169578,99900,98100,99100,98900,99000,99100,99200,99300,99400,99500,99600,99700,99800,99900,30000,5800,7800,1400,16900,20200,8200,2300,36600,9400,98900,98800,98700,98600,98500,98400,98300,98200,98100,98000,7900,15600,2400,6900,59900,59900,111500,18600,135400,92400,105300,96900,878948,1327200,0,0,0,0,0,
000007.SZ,000007,20251209,94233000,98800,9800,96931,1831,0,,,1545256,15266509,99900,98100,99100,98900,98900,99000,99100,99200,99300,99400,99500,99600,99700,99800,900,29300,5000,7800,11100,16900,20200,8200,2300,36600,98800,98700,98600,98500,98400,98300,98200,98100,98000,97900,15100,2400,6900,59900,59900,111500,18600,135400,92400,2700,105300,96900,887048,1318800,0,0,0,0,0,
000007.SZ,000007,20251209,94236000,99000,1600,15831,1834,0,,,1546856,15282340,99900,98100,99100,98900,99000,99100,99200,99300,99400,99500,99600,99700,99800,99900,28600,5000,7800,11100,16900,20200,8200,2300,36600,8400,98900,98800,98700,98600,98500,98400,98300,98200,98100,98000,2500,15100,2400,6900,59900,59900,111500,18600,135400,92400,105300,96900,885448,1321300,0,0,0,0,0,
