万得代码,交易所代码,自然日,时间,成交编号,成交代码,委托代码,BS标志,成交价格,成交数量,叫卖序号,叫买序号,
000007.SZ,000007,20251209,91509230,290307,C,0, ,0,2700,0,86207,
000007.SZ,000007,20251209,91623900,312715,C,0, ,0,3900,306001,0,
000007.SZ,000007,20251209,91702890,323694,C,0, ,0,10000,317527,0,
000007.SZ,000007,20251209,91705840,324518,C,0, ,0,2000,210999,0,
000007.SZ,000007,20251209,91711320,326141,C,0, ,0,17400,0,312630,
000007.SZ,000007,20251209,91714650,327116,C,0, ,0,2500,312830,0,
000007.SZ,000007,20251209,91722850,329526,C,0, ,0,200,324131,0,
000007.SZ,000007,20251209,91728200,331228,C,0, ,0,110200,0,2123,
000007.SZ,000007,20251209,91739630,334801,C,0, ,0,2500,329442,0,
000007.SZ,000007,20251209,91746380,337039,C,0, ,0,100,297718,0,
000007.SZ,000007,20251209,91751100,338564,C,0, ,0,300,303792,0,
000007.SZ,000007,20251209,91805640,343245,C,0, ,0,500,336718,0,
000007.SZ,000007,20251209,91850750,358297,C,0, ,0,600,0,352058,
000007.SZ,000007,20251209,91922360,369886,C,0, ,0,2000,324354,0,
000007.SZ,000007,20251209,92500000,559104,0,0,B,99100,600,108950,243137,
000007.SZ,000007,20251209,92500000,559105,0,0,S,99100,600,243724,243137,
000007.SZ,000007,20251209,92500000,559106,0,0,S,99100,2300,333254,243137,
000007.SZ,000007,20251209,92500000,559107,0,0,S,99100,4500,406742,243137,
000007.SZ,000007,20251209,92500000,559108,0,0,S,99100,1300,406742,334592,
000007.SZ,000007,20251209,92500000,559109,0,0,B,99100,900,406742,550456,
000007.SZ,000007,20251209,92500000,559110,0,0,B,99100,1700,406742,551610,
000007.SZ,000007,20251209,92500000,559111,0,0,B,99100,100,406742,552027,
000007.SZ,000007,20251209,92500000,559112,0,0,B,99100,4500,537543,552027,
000007.SZ,000007,20251209,92500000,559113,0,0,S,99100,100,537543,328620,
000007.SZ,000007,20251209,92500000,559114,0,0,S,99100,1000,525992,328620,
000007.SZ,000007,20251209,92500000,559115,0,0,S,99100,100,437580,328620,
000007.SZ,000007,20251209,92500000,559116,0,0,B,99100,700,437580,550543,
000007.SZ,000007,20251209,92500000,559117,0,0,B,99100,100,437580,550822,
000007.SZ,000007,20251209,92500000,559118,0,0,B,99100,400,532864,550822,
000007.SZ,000007,20251209,92500000,559119,0,0,B,99100,300,533826,550822,
000007.SZ,000007,20251209,92500000,559120,0,0,B,99100,100,543724,550822,
000007.SZ,000007,20251209,92500000,559121,0,0,B,99100,100,544323,550822,
000007.SZ,000007,20251209,92500000,559122,0,0,B,99100,100,544803,550822,
000007.SZ,000007,20251209,92500000,559123,0,0,B,99100,100,545388,550822,
000007.SZ,000007,20251209,92500000,559124,0,0,B,99100,100,545399,550822,
000007.SZ,000007,20251209,92500000,559125,0,0,B,99100,100,545410,550822,
000007.SZ,000007,20251209,92500000,559126,0,0,B,99100,100,545537,550822,
000007.SZ,000007,20251209,92500000,559127,0,0,B,99100,100,545598,550822,
000007.SZ,000007,20251209,92500000,559128,0,0,B,99100,100,545763,550822,
000007.SZ,000007,20251209,92500000,559129,0,0,B,99100,100,546010,550822,
000007.SZ,000007,20251209,92500000,559130,0,0,B,99100,100,546205,550822,
000007.SZ,000007,20251209,92500000,559131,0,0,B,99100,100,546758,550822,
000007.SZ,000007,20251209,92500000,559132,0,0,B,99100,100,547383,550822,
000007.SZ,000007,20251209,92500000,559133,0,0,B,99100,200,547450,550822,
000007.SZ,000007,20251209,92500000,559134,0,0,B,99100,100,547827,550822,
000007.SZ,000007,20251209,92500000,559135,0,0,B,99100,100,547869,556887,
000007.SZ,000007,20251209,92500000,559136,0,0,B,99100,100,548361,556887,
000007.SZ,000007,20251209,92500000,559137,0,0,B,99100,100,549267,556887,
000007.SZ,000007,20251209,92500000,559138,0,0,B,99100,100,549462,556887,
000007.SZ,000007,20251209,92500000,559139,0,0,B,99100,100,549827,556887,
000007.SZ,000007,20251209,92500000,559140,0,0,B,99100,100,550364,556887,
000007.SZ,000007,20251209,92500000,559141,0,0,B,99100,100,551825,556887,
000007.SZ,000007,20251209,92500000,559142,0,0,B,99100,100,552535,556887,
000007.SZ,000007,20251209,92500000,559143,0,0,B,99100,100,552617,556887,
000007.SZ,000007,20251209,92500000,559144,0,0,B,99100,100,552622,556887,
000007.SZ,000007,20251209,92500000,559145,0,0,B,99100,3000,77637,556887,
000007.SZ,000007,20251209,92500000,559146,0,0,B,99100,1800,474857,556887,
000007.SZ,000007,20251209,92500000,559147,0,0,B,99100,100,505020,556887,
000007.SZ,000007,20251209,92500000,559148,0,0,B,99100,3200,513322,556887,
000007.SZ,000007,20251209,92500000,559149,0,0,B,99100,200,464598,556887,
000007.SZ,000007,20251209,92500000,559150,0,0,B,99100,300,490505,556887,
000007.SZ,000007,20251209,92500000,559151,0,0,B,99100,700,490505,557304,
000007.SZ,000007,20251209,92500000,559152,0,0,B,99100,3600,511974,557304,
000007.SZ,000007,20251209,92500000,559153,0,0,B,99100,1000,454822,557304,
000007.SZ,000007,20251209,92500000,559154,0,0,B,99100,100,450139,557304,
000007.SZ,000007,20251209,92500000,559155,0,0,B,99100,2300,537490,557304,
000007.SZ,000007,20251209,92500000,559156,0,0,B,99100,10000,537490,548178,
000007.SZ,000007,20251209,92500000,559157,0,0,B,99100,7000,489258,548178,
000007.SZ,000007,20251209,92500000,559158,0,0,B,99100,3600,448519,548178,
000007.SZ,000007,20251209,92500000,559159,0,0,B,99100,6400,448519,533397,
000007.SZ,000007,20251209,92500000,559160,0,0,B,99100,400,463010,533397,
000007.SZ,000007,20251209,92500000,559161,0,0,B,99100,3100,468546,533397,
000007.SZ,000007,20251209,92500000,559162,0,0,S,99100,200,468546,159008,
000007.SZ,000007,20251209,92500000,559163,0,0,B,99100,1200,468546,533577,
000007.SZ,000007,20251209,92500000,559164,0,0,B,99100,356,504037,533577,
000007.SZ,000007,20251209,92500000,559165,0,0,B,99100,1000,510452,533577,
000007.SZ,000007,20251209,92500000,559166,0,0,B,99100,100,384052,533577,
000007.SZ,000007,20251209,92500000,559167,0,0,B,99100,244,84065,533577,
000007.SZ,000007,20251209,92500000,559168,0,0,B,99100,2756,84065,557900,
000007.SZ,000007,20251209,92500000,559169,0,0,B,99100,100,96956,557900,
000007.SZ,000007,20251209,92500000,559170,0,0,B,99100,1000,364816,557900,
000007.SZ,000007,20251209,92500000,559171,0,0,B,99100,300,200984,557900,
000007.SZ,000007,20251209,92500000,559172,0,0,B,99100,1244,1370,557900,
000007.SZ,000007,20251209,92500000,559173,0,0,B,99100,6000,1370,557901,
000007.SZ,000007,20251209,92500000,559174,0,0,B,99100,100,1370,544373,
000007.SZ,000007,20251209,92500000,559175,0,0,B,99100,200,1370,544468,
000007.SZ,000007,20251209,92500000,559176,0,0,B,99100,100,1370,544709,
000007.SZ,000007,20251209,92500000,559177,0,0,B,99100,3700,1370,525286,
000007.SZ,000007,20251209,92500000,559178,0,0,B,99100,2500,1370,547461,
000007.SZ,000007,20251209,92500000,559179,0,0,B,99100,8456,1370,557864,
000007.SZ,000007,20251209,92500000,559180,0,0,B,99100,100,339513,557864,
000007.SZ,000007,20251209,92500000,559181,0,0,B,99100,1444,367061,557864,
000007.SZ,000007,20251209,92500000,559182,0,0,B,99100,100,367061,544029,
000007.SZ,000007,20251209,92500000,559183,0,0,B,99100,8456,367061,558488,
000007.SZ,000007,20251209,92500000,559184,0,0,B,99100,1000,429884,558488,
000007.SZ,000007,20251209,92500000,559185,0,0,B,99100,644,328007,558488,
000007.SZ,000007,20251209,92500000,559186,0,0,B,99100,300,328007,385626,
000007.SZ,000007,20251209,92500000,559187,0,0,B,99100,56,328007,555108,
000007.SZ,000007,20251209,93000000,647969,C,0, ,0,2000,0,550217,
000007.SZ,000007,20251209,93000050,654945,0,0,B,99200,100,49560,654944,
000007.SZ,000007,20251209,93000050,654946,0,0,B,99300,100,494469,654944,
000007.SZ,000007,20251209,93000050,654947,0,0,B,99500,700,466730,654944,
000007.SZ,000007,20251209,93000050,659741,C,0, ,0,100,392354,0,
000007.SZ,000007,20251209,93000080,676536,0,0,S,99500,300,676535,654944,
000007.SZ,000007,20251209,93000080,676537,0,0,S,99200,200,676535,660417,
000007.SZ,000007,20251209,93000080,676538,0,0,S,99100,4144,676535,555108,
000007.SZ,000007,20251209,93000080,676539,0,0,S,99100,556,676535,555116,
000007.SZ,000007,20251209,93000080,676673,0,0,S,99100,100,676672,555116,
000007.SZ,000007,20251209,93000080,676918,0,0,S,99100,100,676917,555116,
000007.SZ,000007,20251209,93000080,677882,C,0, ,0,24100,0,154516,
000007.SZ,000007,20251209,93000110,695105,0,0,B,99800,1000,679462,695104,
000007.SZ,000007,20251209,93000110,695106,0,0,B,99900,300,127079,695104,
000007.SZ,000007,20251209,93000120,696527,0,0,S,99300,500,696526,688524,
000007.SZ,000007,20251209,93000130,701891,0,0,S,99300,500,701890,688524,
000007.SZ,000007,20251209,93000130,701892,0,0,S,99200,200,701890,679942,
000007.SZ,000007,20251209,93000130,701893,0,0,S,99100,3644,701890,555116,
000007.SZ,000007,20251209,93000130,701894,0,0,S,99100,7556,701890,556758,
000007.SZ,000007,20251209,93000130,704138,0,0,S,99100,700,704137,556758,
000007.SZ,000007,20251209,93000270,766421,C,0, ,0,3000,0,77640,
000007.SZ,000007,20251209,93000350,790602,0,0,S,99600,1000,790601,719256,
000007.SZ,000007,20251209,93000350,791528,0,0,S,99600,900,791527,719256,
000007.SZ,000007,20251209,93000370,794356,0,0,S,99600,100,794355,719256,
000007.SZ,000007,20251209,93000380,796745,0,0,B,99500,100,795634,796744,
000007.SZ,000007,20251209,93000400,800111,0,0,S,99300,100,800110,789164,
000007.SZ,000007,20251209,93000460,810177,0,0,S,99300,6900,810176,789164,
000007.SZ,000007,20251209,93000460,810178,0,0,S,99200,1000,810176,785281,
000007.SZ,000007,20251209,93000460,810179,0,0,S,99200,300,810176,799271,
000007.SZ,000007,20251209,93000460,810180,0,0,S,99100,200,810176,556758,
000007.SZ,000007,20251209,93000530,823590,C,0, ,0,44,0,556758,
000007.SZ,000007,20251209,93000650,842162,C,0, ,0,500,0,387000,
000007.SZ,000007,20251209,93000660,845286,0,0,S,99300,100,845285,817783,
000007.SZ,000007,20251209,93000870,877528,0,0,B,99500,400,795634,877527,
000007.SZ,000007,20251209,93000870,877529,0,0,B,99500,700,808855,877527,
000007.SZ,000007,20251209,93001560,952597,0,0,S,99300,1800,952596,817783,
000007.SZ,000007,20251209,93001670,962904,0,0,S,99300,8000,962903,817783,
000007.SZ,000007,20251209,93001740,968061,C,0, ,0,400,0,535203,
000007.SZ,000007,20251209,93001790,973359,0,0,S,99300,400,973358,817783,
000007.SZ,000007,20251209,93001790,973360,0,0,S,99200,500,973358,822308,
000007.SZ,000007,20251209,93001790,973361,0,0,S,99200,500,973358,830838,
000007.SZ,000007,20251209,93001790,973362,0,0,S,99200,100,973358,882962,
000007.SZ,000007,20251209,93001790,973363,0,0,S,99200,1500,973358,911495,
000007.SZ,000007,20251209,93001960,989816,C,0, ,0,1600,307058,0,
000007.SZ,000007,20251209,93002410,1023498,0,0,S,99200,100,1023497,911495,
000007.SZ,000007,20251209,93002510,1029679,0,0,S,99200,100,1029678,911495,
000007.SZ,000007,20251209,93002530,1030943,0,0,S,99200,100,1030942,911495,
000007.SZ,000007,20251209,93002560,1032661,0,0,S,99200,900,1032660,911495,
000007.SZ,000007,20251209,93002620,1036917,0,0,S,99200,100,1036916,911495,
000007.SZ,000007,20251209,93002630,1037788,0,0,S,99200,100,1037787,911495,
000007.SZ,000007,20251209,93002950,1058783,0,0,S,99200,100,1058782,911495,
000007.SZ,000007,20251209,93002960,1059094,0,0,S,99200,100,1059093,911495,
000007.SZ,000007,20251209,93003070,1067463,0,0,S,99200,100,1067462,911495,
000007.SZ,000007,20251209,93003070,1067608,0,0,S,99200,100,1067607,911495,
000007.SZ,000007,20251209,93003150,1072734,0,0,S,99200,1300,1072733,911495,
000007.SZ,000007,20251209,93003150,1072736,0,0,S,99200,900,1072735,911495,
000007.SZ,000007,20251209,93003150,1072738,0,0,S,99200,1100,1072737,911495,
000007.SZ,000007,20251209,93003150,1072780,0,0,S,99200,1500,1072779,911495,
000007.SZ,000007,20251209,93003210,1077359,0,0,B,99500,800,808855,1077358,
000007.SZ,000007,20251209,93003210,1077360,0,0,B,99500,100,845585,1077358,
000007.SZ,000007,20251209,93003320,1082500,0,0,S,99500,1200,1082499,1077358,
000007.SZ,000007,20251209,93003410,1086081,0,0,S,99200,1000,1086080,911495,
000007.SZ,000007,20251209,93003470,1088925,0,0,S,99200,200,1088924,911495,
000007.SZ,000007,20251209,93003490,1090325,0,0,S,99200,200,1090324,911495,
000007.SZ,000007,20251209,93003630,1097483,0,0,B,99400,3400,1082499,1097482,
000007.SZ,000007,20251209,93003630,1097486,0,0,B,99400,400,1082499,1097485,
000007.SZ,000007,20251209,93003650,1098553,C,0, ,0,100,0,439096,
000007.SZ,000007,20251209,93003900,1110577,0,0,S,99200,300,1110576,911495,
000007.SZ,000007,20251209,93003910,1110631,0,0,S,99200,200,1110630,911495,
000007.SZ,000007,20251209,93003950,1112548,0,0,S,99200,200,1112547,911495,
000007.SZ,000007,20251209,93004050,1119759,0,0,S,99200,1000,1119758,911495,
000007.SZ,000007,20251209,93004800,1151055,0,0,S,99300,100,1151054,1149668,
000007.SZ,000007,20251209,93004800,1151056,0,0,S,99300,400,1151054,1150658,
000007.SZ,000007,20251209,93004800,1151057,0,0,S,99200,700,1151054,911495,
000007.SZ,000007,20251209,93004800,1151075,0,0,S,99200,800,1151074,911495,
000007.SZ,000007,20251209,93004800,1151112,0,0,S,99200,2100,1151111,911495,
000007.SZ,000007,20251209,93004810,1151256,0,0,S,99200,1800,1151255,911495,
000007.SZ,000007,20251209,93004810,1151441,0,0,S,99200,800,1151440,911495,
000007.SZ,000007,20251209,93004860,1152955,0,0,S,99200,2300,1152954,911495,
000007.SZ,000007,20251209,93004860,1153133,0,0,S,99200,900,1153132,911495,
000007.SZ,000007,20251209,93004870,1153369,0,0,S,99200,1800,1153368,917420,
000007.SZ,000007,20251209,93004880,1153824,0,0,S,99200,200,1153823,917420,
000007.SZ,000007,20251209,93004880,1153825,0,0,S,99200,1500,1153823,931100,
000007.SZ,000007,20251209,93004880,1153829,0,0,S,99200,500,1153828,931100,
000007.SZ,000007,20251209,93004880,1153830,0,0,S,99200,500,1153828,937058,
000007.SZ,000007,20251209,93005420,1172679,0,0,S,99200,2000,1172678,962327,
000007.SZ,000007,20251209,93005610,1176946,0,0,S,99200,100,1176945,986428,
000007.SZ,000007,20251209,93005610,1176947,0,0,S,99200,300,1176945,1004955,
000007.SZ,000007,20251209,93005620,1177263,0,0,S,99200,300,1177262,1004955,
000007.SZ,000007,20251209,93005620,1177264,0,0,S,99200,3500,1177262,1021100,
000007.SZ,000007,20251209,93005620,1177265,0,0,S,99200,500,1177262,1028893,
000007.SZ,000007,20251209,93005620,1177266,0,0,S,99200,100,1177262,1050871,
000007.SZ,000007,20251209,93005670,1179449,C,0, ,0,1800,1051387,0,
000007.SZ,000007,20251209,93005680,1179831,0,0,B,99400,4400,1082499,1179830,
000007.SZ,000007,20251209,93005680,1179832,0,0,B,99500,200,1130469,1179830,
000007.SZ,000007,20251209,93005730,1180910,0,0,S,99500,200,1180909,1179830,
000007.SZ,000007,20251209,93005750,1181358,0,0,S,99500,200,1181357,1179830,
000007.SZ,000007,20251209,93005750,1181359,0,0,S,99200,300,1181357,1050871,
000007.SZ,000007,20251209,93005750,1181360,0,0,S,99200,4000,1181357,1076428,
000007.SZ,000007,20251209,93005750,1181361,0,0,S,99200,2000,1181357,1076687,
000007.SZ,000007,20251209,93005750,1181362,0,0,S,99200,2000,1181357,1098641,
000007.SZ,000007,20251209,93005750,1181363,0,0,S,99200,2000,1181357,1103581,
000007.SZ,000007,20251209,93005750,1181364,0,0,S,99200,500,1181357,1103885,
000007.SZ,000007,20251209,93005750,1181365,0,0,S,99200,200,1181357,1150134,
000007.SZ,000007,20251209,93005750,1181366,0,0,S,99200,1600,1181357,1160483,
000007.SZ,000007,20251209,93005780,1182072,0,0,B,99500,200,1181663,1182071,
000007.SZ,000007,20251209,93005860,1183977,C,0, ,0,4000,925821,0,
000007.SZ,000007,20251209,93005870,1184273,0,0,S,99200,2400,1184272,1160483,
000007.SZ,000007,20251209,93006150,1194742,C,0, ,0,100,1050319,0,
000007.SZ,000007,20251209,93006150,1194787,C,0, ,0,200,1050595,0,
000007.SZ,000007,20251209,93006160,1195004,C,0, ,0,100,1015305,0,
000007.SZ,000007,20251209,93006260,1197406,0,0,S,99200,200,1197405,1160483,
000007.SZ,000007,20251209,93006360,1200872,0,0,S,99200,200,1200871,1160483,
000007.SZ,000007,20251209,93006580,1207241,0,0,S,99200,600,1207240,1160483,
000007.SZ,000007,20251209,93006660,1209866,0,0,B,99200,1300,1207240,1209865,
000007.SZ,000007,20251209,93006690,1210892,0,0,S,99200,1000,1210891,1209865,
000007.SZ,000007,20251209,93006710,1211490,0,0,S,99200,1700,1211489,1209865,
000007.SZ,000007,20251209,93006740,1213087,0,0,S,99200,900,1213086,1209865,
000007.SZ,000007,20251209,93006740,1213103,0,0,S,99200,2300,1213102,1209865,
000007.SZ,000007,20251209,93006750,1213204,0,0,S,99200,900,1213203,1209865,
000007.SZ,000007,20251209,93006750,1213238,0,0,S,99200,900,1213237,1209865,
000007.SZ,000007,20251209,93006750,1213384,0,0,S,99200,900,1213383,1209865,
000007.SZ,000007,20251209,93006760,1213627,0,0,S,99200,300,1213626,1209865,
000007.SZ,000007,20251209,93006770,1213753,C,0, ,0,2800,1092771,0,
000007.SZ,000007,20251209,93006770,1213795,C,0, ,0,1000,1093819,0,
000007.SZ,000007,20251209,93006870,1216252,0,0,S,99200,900,1216251,1209865,
000007.SZ,000007,20251209,93006870,1216295,0,0,S,99200,2500,1216294,1209865,
000007.SZ,000007,20251209,93006970,1219013,0,0,S,99200,300,1219012,1209865,
000007.SZ,000007,20251209,93007650,1236066,0,0,S,99200,100,1236065,1209865,
000007.SZ,000007,20251209,93007870,1242139,0,0,S,99200,300,1242138,1209865,
000007.SZ,000007,20251209,93008690,1256259,0,0,B,99300,100,1232640,1256258,
000007.SZ,000007,20251209,93008690,1256260,0,0,B,99500,600,1181663,1256258,
000007.SZ,000007,20251209,93008820,1257660,0,0,S,99200,900,1257659,1209865,
000007.SZ,000007,20251209,93009150,1263944,C,0, ,0,100,1050337,0,
000007.SZ,000007,20251209,93009150,1263952,0,0,S,99200,200,1263951,1209865,
000007.SZ,000007,20251209,93009150,1263953,C,0, ,0,100,1050335,0,
000007.SZ,000007,20251209,93009150,1263956,0,0,S,99200,200,1263955,1209865,
000007.SZ,000007,20251209,93009150,1263962,0,0,S,99200,200,1263961,1209865,
000007.SZ,000007,20251209,93009150,1263973,C,0, ,0,100,1050556,0,
000007.SZ,000007,20251209,93009150,1263978,0,0,S,99200,300,1263977,1209865,
000007.SZ,000007,20251209,93009150,1263983,C,0, ,0,300,1050549,0,
000007.SZ,000007,20251209,93009160,1264384,C,0, ,0,700,1050775,0,
000007.SZ,000007,20251209,93009160,1264398,C,0, ,0,600,1050698,0,
000007.SZ,000007,20251209,93009160,1264484,0,0,S,99200,1000,1264483,1209865,
000007.SZ,000007,20251209,93009160,1264489,0,0,S,99200,1400,1264488,1209865,
000007.SZ,000007,20251209,93009160,1264491,0,0,S,99200,1300,1264490,1209865,
000007.SZ,000007,20251209,93009160,1264493,0,0,S,99200,46,1264492,1209865,
000007.SZ,000007,20251209,93009160,1264495,0,0,S,99200,100,1264494,1209865,
000007.SZ,000007,20251209,93009160,1264499,0,0,S,99200,154,1264498,1209865,
000007.SZ,000007,20251209,93009160,1264500,0,0,S,99200,300,1264498,1213351,
000007.SZ,000007,20251209,93009160,1264501,0,0,S,99100,246,1264498,959929,
000007.SZ,000007,20251209,93009160,1264503,0,0,S,99100,54,1264502,959929,
000007.SZ,000007,20251209,93009160,1264504,0,0,S,99100,46,1264502,1004886,
000007.SZ,000007,20251209,93009160,1264511,0,0,S,99100,800,1264510,1004886,
000007.SZ,000007,20251209,93009160,1264524,0,0,S,99100,200,1264523,1004886,
000007.SZ,000007,20251209,93009160,1264528,0,0,S,99100,100,1264527,1004886,
000007.SZ,000007,20251209,93009160,1264547,0,0,S,99100,900,1264546,1004886,
000007.SZ,000007,20251209,93009170,1264607,0,0,S,99100,1400,1264606,1004886,
000007.SZ,000007,20251209,93009170,1264669,0,0,S,99100,2400,1264668,1004886,
000007.SZ,000007,20251209,93009170,1264671,0,0,S,99100,400,1264670,1004886,
000007.SZ,000007,20251209,93009170,1264675,0,0,S,99100,300,1264674,1004886,
000007.SZ,000007,20251209,93009170,1264685,0,0,S,99100,2500,1264684,1004886,
000007.SZ,000007,20251209,93009190,1265215,0,0,S,99100,900,1265214,1004886,
000007.SZ,000007,20251209,93009880,1280825,0,0,S,99100,800,1280824,1004886,
000007.SZ,000007,20251209,93010540,1293355,C,0, ,0,3200,1181663,0,
000007.SZ,000007,20251209,93010680,1296303,0,0,B,99200,400,1264629,1296302,
000007.SZ,000007,20251209,93010890,1300005,C,0, ,0,600,872244,0,
000007.SZ,000007,20251209,93012070,1312989,0,0,B,99200,100,1264629,1312988,
000007.SZ,000007,20251209,93012150,1313860,C,0, ,0,100,817532,0,
000007.SZ,000007,20251209,93012150,1313882,0,0,S,99100,500,1313881,1004886,
000007.SZ,000007,20251209,93012150,1313888,0,0,S,99100,400,1313887,1004886,
000007.SZ,000007,20251209,93012150,1313892,0,0,S,99100,500,1313891,1004886,
000007.SZ,000007,20251209,93012150,1313894,0,0,S,99100,400,1313893,1004886,
000007.SZ,000007,20251209,93012150,1313905,0,0,S,99100,300,1313904,1004886,
000007.SZ,000007,20251209,93012150,1313907,0,0,S,99100,100,1313906,1004886,
000007.SZ,000007,20251209,93012150,1313911,0,0,S,99100,500,1313910,1004886,
000007.SZ,000007,20251209,93012150,1313913,0,0,S,99100,100,1313912,1004886,
000007.SZ,000007,20251209,93012150,1313915,0,0,S,99100,200,1313914,1004886,
000007.SZ,000007,20251209,93012150,1313917,0,0,S,99100,100,1313916,1004886,
000007.SZ,000007,20251209,93012150,1313919,0,0,S,99100,200,1313918,1004886,
000007.SZ,000007,20251209,93012150,1313921,0,0,S,99100,200,1313920,1004886,
000007.SZ,000007,20251209,93012150,1313924,0,0,S,99100,100,1313923,1004886,
000007.SZ,000007,20251209,93012150,1313926,0,0,S,99100,200,1313925,1004886,
000007.SZ,000007,20251209,93012150,1313930,0,0,S,99100,300,1313929,1004886,
000007.SZ,000007,20251209,93012150,1313932,0,0,S,99100,200,1313931,1004886,
000007.SZ,000007,20251209,93012150,1313934,0,0,S,99100,100,1313933,1004886,
000007.SZ,000007,20251209,93012150,1313936,0,0,S,99100,200,1313935,1004886,
000007.SZ,000007,20251209,93012150,1313938,0,0,S,99100,200,1313937,1004886,
000007.SZ,000007,20251209,93012150,1313940,0,0,S,99100,300,1313939,1004886,
000007.SZ,000007,20251209,93012150,1313948,0,0,S,99100,100,1313947,1004886,
000007.SZ,000007,20251209,93012150,1313954,0,0,S,99100,100,1313953,1004886,
000007.SZ,000007,20251209,93012150,1313964,0,0,S,99100,300,1313963,1004886,
000007.SZ,000007,20251209,93012150,1313966,0,0,S,99100,200,1313965,1004886,
000007.SZ,000007,20251209,93012150,1313968,0,0,S,99100,300,1313967,1004886,
000007.SZ,000007,20251209,93012150,1313971,0,0,S,99100,300,1313970,1004886,
000007.SZ,000007,20251209,93012150,1313973,0,0,S,99100,300,1313972,1004886,
000007.SZ,000007,20251209,93012150,1313975,0,0,S,99100,300,1313974,1004886,
000007.SZ,000007,20251209,93012150,1313977,0,0,S,99100,200,1313976,1004886,
000007.SZ,000007,20251209,93012150,1313988,0,0,S,99100,700,1313987,1004886,
000007.SZ,000007,20251209,93012150,1314002,0,0,S,99100,100,1314001,1004886,
000007.SZ,000007,20251209,93012150,1314005,0,0,S,99100,200,1314004,1004886,
000007.SZ,000007,20251209,93012150,1314402,C,0, ,0,100,1050758,0,
000007.SZ,000007,20251209,93012150,1314430,C,0, ,0,100,1195013,0,
000007.SZ,000007,20251209,93012160,1314477,0,0,S,99100,1054,1314476,1004886,
000007.SZ,000007,20251209,93012160,1314478,0,0,S,99100,100,1314476,1044292,
000007.SZ,000007,20251209,93012160,1314479,0,0,S,99100,100,1314476,1063205,
000007.SZ,000007,20251209,93012160,1314480,0,0,S,99100,700,1314476,1121270,
000007.SZ,000007,20251209,93012160,1314481,0,0,S,99100,100,1314476,1162269,
000007.SZ,000007,20251209,93012160,1314482,0,0,S,99100,246,1314476,1173027,
000007.SZ,000007,20251209,93012160,1314631,0,0,S,99100,354,1314630,1173027,
000007.SZ,000007,20251209,93012160,1314632,0,0,S,99100,1000,1314630,1255682,
000007.SZ,000007,20251209,93012170,1314743,C,0, ,0,100,1196133,0,
000007.SZ,000007,20251209,93012200,1315912,C,0, ,0,500,1213775,0,
000007.SZ,000007,20251209,93012210,1316097,C,0, ,0,1000,1214849,0,
000007.SZ,000007,20251209,93012300,1317730,C,0, ,0,700,1011304,0,
000007.SZ,000007,20251209,93012910,1329867,0,0,S,99000,900,1329866,350931,
000007.SZ,000007,20251209,93012940,1330194,C,0, ,0,600,1010343,0,
000007.SZ,000007,20251209,93013220,1334162,C,0, ,0,300,1064428,0,
000007.SZ,000007,20251209,93013510,1340071,0,0,B,99100,700,1314630,1340070,
000007.SZ,000007,20251209,93013610,1342033,0,0,B,99100,946,1314630,1342032,
000007.SZ,000007,20251209,93013610,1342034,0,0,B,99100,454,1315841,1342032,
000007.SZ,000007,20251209,93014440,1353592,C,0, ,0,1900,1296819,0,
000007.SZ,000007,20251209,93015150,1361246,0,0,S,99000,100,1361245,350931,
000007.SZ,000007,20251209,93015150,1361248,0,0,S,99000,200,1361247,350931,
000007.SZ,000007,20251209,93015150,1361249,0,0,S,99000,100,1361247,353959,
000007.SZ,000007,20251209,93015150,1361251,0,0,S,99000,100,1361250,353959,
000007.SZ,000007,20251209,93015150,1361253,0,0,S,99000,100,1361252,353959,
000007.SZ,000007,20251209,93015150,1361255,0,0,S,99000,100,1361254,353959,
000007.SZ,000007,20251209,93015150,1361257,0,0,S,99000,100,1361256,353959,
000007.SZ,000007,20251209,93015150,1361258,0,0,S,99000,100,1361256,363232,
000007.SZ,000007,20251209,93015150,1361259,0,0,S,99000,100,1361256,383493,
000007.SZ,000007,20251209,93015150,1361261,0,0,S,99000,100,1361260,396696,
000007.SZ,000007,20251209,93015150,1361263,0,0,S,99000,100,1361262,396696,
000007.SZ,000007,20251209,93015150,1361265,0,0,S,99000,100,1361264,429957,
000007.SZ,000007,20251209,93015150,1361268,0,0,S,99000,100,1361267,429957,
000007.SZ,000007,20251209,93015150,1361270,0,0,S,99000,200,1361269,429957,
000007.SZ,000007,20251209,93015150,1361272,0,0,S,99000,100,1361271,429957,
000007.SZ,000007,20251209,93015150,1361276,0,0,S,99000,100,1361275,429957,
000007.SZ,000007,20251209,93015150,1361281,0,0,S,99000,100,1361280,429957,
000007.SZ,000007,20251209,93015150,1361282,0,0,S,99000,100,1361280,817276,
000007.SZ,000007,20251209,93015150,1361284,0,0,S,99000,200,1361283,817276,
000007.SZ,000007,20251209,93015150,1361286,0,0,S,99000,100,1361285,817276,
000007.SZ,000007,20251209,93015150,1361288,0,0,S,99000,100,1361287,817276,
000007.SZ,000007,20251209,93015150,1361290,0,0,S,99000,200,1361289,817276,
000007.SZ,000007,20251209,93015150,1361292,0,0,S,99000,100,1361291,817276,
000007.SZ,000007,20251209,93015150,1361294,0,0,S,99000,100,1361293,817276,
000007.SZ,000007,20251209,93015150,1361295,0,0,S,99000,100,1361293,999001,
000007.SZ,000007,20251209,93015150,1361299,0,0,S,99000,100,1361298,999001,
000007.SZ,000007,20251209,93015150,1361303,0,0,S,99000,300,1361302,999001,
000007.SZ,000007,20251209,93015150,1361305,0,0,S,99000,100,1361304,999001,
000007.SZ,000007,20251209,93015150,1361308,0,0,S,99000,100,1361307,999001,
000007.SZ,000007,20251209,93015150,1361315,0,0,S,99000,100,1361314,999001,
000007.SZ,000007,20251209,93015150,1361319,0,0,S,99000,100,1361318,999001,
000007.SZ,000007,20251209,93015150,1361321,0,0,S,99000,300,1361320,999001,
000007.SZ,000007,20251209,93015150,1361324,0,0,S,99000,100,1361323,999001,
000007.SZ,000007,20251209,93015150,1361326,0,0,S,99000,100,1361325,999001,
000007.SZ,000007,20251209,93015150,1361330,0,0,S,99000,300,1361329,999001,
000007.SZ,000007,20251209,93015150,1361358,0,0,S,99000,200,1361357,999001,
000007.SZ,000007,20251209,93015160,1361403,0,0,S,99000,100,1361402,999001,
000007.SZ,000007,20251209,93015170,1361656,C,0, ,0,800,1264629,0,
000007.SZ,000007,20251209,93015300,1365346,C,0, ,0,446,1315841,0,
000007.SZ,000007,20251209,93015630,1374989,0,0,S,99000,1000,1374988,999001,
000007.SZ,000007,20251209,93015800,1378693,0,0,S,99000,800,1378692,999001,
000007.SZ,000007,20251209,93015920,1380433,0,0,S,99000,700,1380432,999001,
000007.SZ,000007,20251209,93016010,1381780,C,0, ,0,100,1283073,0,
000007.SZ,000007,20251209,93016920,1398720,C,0, ,0,300,1215608,0,
000007.SZ,000007,20251209,93017280,1403322,0,0,S,99000,300,1403321,999001,
000007.SZ,000007,20251209,93017360,1404375,C,0, ,0,1100,787373,0,
000007.SZ,000007,20251209,93017660,1407739,0,0,S,99000,2200,1407738,999001,
000007.SZ,000007,20251209,93017660,1407740,0,0,S,99000,300,1407738,1118682,
000007.SZ,000007,20251209,93018150,1412918,0,0,S,99000,100,1412917,1118682,
000007.SZ,000007,20251209,93018150,1412926,0,0,S,99000,100,1412925,1118682,
000007.SZ,000007,20251209,93018150,1412930,0,0,S,99000,100,1412929,1118682,
000007.SZ,000007,20251209,93018180,1413565,0,0,S,99000,400,1413564,1118682,
000007.SZ,000007,20251209,93018180,1413566,0,0,S,99000,1000,1413564,1363108,
000007.SZ,000007,20251209,93018790,1425728,C,0, ,0,300,704665,0,
000007.SZ,000007,20251209,93018860,1426688,C,0, ,0,5900,1329144,0,
000007.SZ,000007,20251209,93018930,1427767,0,0,S,98900,400,1427766,205289,
000007.SZ,000007,20251209,93018930,1427768,0,0,S,98900,100,1427766,219793,
000007.SZ,000007,20251209,93020010,1443910,C,0, ,0,100,1260987,0,
000007.SZ,000007,20251209,93020010,1443912,C,0, ,0,100,1260988,0,
000007.SZ,000007,20251209,93020630,1451422,0,0,B,99000,300,1413564,1451421,
000007.SZ,000007,20251209,93020630,1451423,0,0,B,99000,200,1415982,1451421,
000007.SZ,000007,20251209,93021140,1456882,C,0, ,0,6600,1445202,0,
000007.SZ,000007,20251209,93021210,1457957,C,0, ,0,1000,1264562,0,
000007.SZ,000007,20251209,93021250,1458591,C,0, ,0,500,1317352,0,
000007.SZ,000007,20251209,93021260,1458760,C,0, ,0,1000,1317632,0,
000007.SZ,000007,20251209,93021360,1462068,0,0,S,98900,300,1462067,790903,
000007.SZ,000007,20251209,93021360,1462069,0,0,S,98900,700,1462067,1004800,
000007.SZ,000007,20251209,93021430,1464770,0,0,S,98900,600,1464769,1004800,
000007.SZ,000007,20251209,93021600,1467653,0,0,S,98900,300,1467652,1004800,
000007.SZ,000007,20251209,93021940,1472753,0,0,S,98800,100,1472752,1165629,
000007.SZ,000007,20251209,93023120,1490600,C,0, ,0,5400,1456928,0,
000007.SZ,000007,20251209,93023470,1494287,0,0,B,98900,300,1467652,1494286,
000007.SZ,000007,20251209,93023470,1494288,0,0,B,98900,100,1467660,1494286,
000007.SZ,000007,20251209,93024170,1501443,C,0, ,0,100,1413144,0,
000007.SZ,000007,20251209,93024170,1501471,C,0, ,0,1000,1264635,0,
000007.SZ,000007,20251209,93024170,1501478,C,0, ,0,1000,1264633,0,
000007.SZ,000007,20251209,93024200,1501812,C,0, ,0,600,1363410,0,
000007.SZ,000007,20251209,93024200,1501829,C,0, ,0,4500,1363494,0,
000007.SZ,000007,20251209,93024200,1501831,C,0, ,0,4200,1363496,0,
000007.SZ,000007,20251209,93024200,1501845,C,0, ,0,500,1363549,0,
000007.SZ,000007,20251209,93024200,1501894,C,0, ,0,2000,1364298,0,
000007.SZ,000007,20251209,93024710,1510915,C,0, ,0,700,1351681,0,
000007.SZ,000007,20251209,93024800,1512277,0,0,B,98900,100,1467660,1512276,
000007.SZ,000007,20251209,93024800,1512278,0,0,B,98900,600,1493681,1512276,
000007.SZ,000007,20251209,93024810,1512450,C,0, ,0,1300,1357159,0,
000007.SZ,000007,20251209,93025010,1514969,C,0, ,0,100,1443920,0,
000007.SZ,000007,20251209,93025010,1514970,C,0, ,0,100,1331250,0,
000007.SZ,000007,20251209,93025520,1522762,C,0, ,0,6900,1508171,0,
000007.SZ,000007,20251209,93025720,1526019,0,0,B,98900,5000,1493681,1526018,
000007.SZ,000007,20251209,93026340,1532873,C,0, ,0,100,0,1510599,
000007.SZ,000007,20251209,93026410,1533790,C,0, ,0,300,1493681,0,
000007.SZ,000007,20251209,93027150,1541086,0,0,B,98900,1000,1501442,1541085,
000007.SZ,000007,20251209,93027150,1541087,0,0,B,98900,1400,1501843,1541085,
000007.SZ,000007,20251209,93027150,1541088,0,0,B,98900,600,1504540,1541085,
000007.SZ,000007,20251209,93027150,1541089,0,0,B,98900,1400,1504600,1541085,
000007.SZ,000007,20251209,93027150,1541090,0,0,B,98900,1400,1505179,1541085,
000007.SZ,000007,20251209,93027150,1541091,0,0,B,98900,1200,1535929,1541085,
000007.SZ,000007,20251209,93027150,1541092,0,0,B,99000,1500,1415982,1541085,
000007.SZ,000007,20251209,93027150,1541093,0,0,B,99000,1600,1427487,1541085,
000007.SZ,000007,20251209,93027150,1541094,0,0,B,99000,600,1431309,1541085,
000007.SZ,000007,20251209,93027150,1541095,0,0,B,99000,600,1431355,1541085,
000007.SZ,000007,20251209,93027150,1541096,0,0,B,99000,200,1431917,1541085,
000007.SZ,000007,20251209,93027150,1541097,0,0,B,99000,1200,1439339,1541085,
000007.SZ,000007,20251209,93027150,1541098,0,0,B,99000,200,1442315,1541085,
000007.SZ,000007,20251209,93027150,1541099,0,0,B,99000,300,1444528,1541085,
000007.SZ,000007,20251209,93027150,1541100,0,0,B,99000,500,1460538,1541085,
000007.SZ,000007,20251209,93027150,1541101,0,0,B,99000,300,1471874,1541085,
000007.SZ,000007,20251209,93027150,1541102,0,0,B,99000,200,1523645,1541085,
000007.SZ,000007,20251209,93027150,1541103,0,0,B,99000,1700,1535920,1541085,
000007.SZ,000007,20251209,93027150,1541104,0,0,B,99100,600,1331188,1541085,
000007.SZ,000007,20251209,93027150,1541105,0,0,B,99100,900,1334288,1541085,
000007.SZ,000007,20251209,93027150,1541106,0,0,B,99100,900,1334299,1541085,
000007.SZ,000007,20251209,93027150,1541107,0,0,B,99100,100,1361447,1541085,
000007.SZ,000007,20251209,93027150,1541108,0,0,B,99100,1000,1361451,1541085,
000007.SZ,000007,20251209,93027150,1541109,0,0,B,99100,1000,1361457,1541085,
000007.SZ,000007,20251209,93027150,1541110,0,0,B,99100,100,1361840,1541085,
000007.SZ,000007,20251209,93027150,1541111,0,0,B,99200,600,1300817,1541085,
000007.SZ,000007,20251209,93027150,1541112,0,0,B,99200,1000,1471544,1541085,
000007.SZ,000007,20251209,93027150,1541113,0,0,B,99300,1100,1267947,1541085,
000007.SZ,000007,20251209,93027160,1541357,0,0,S,98800,100,1541356,1165629,
000007.SZ,000007,20251209,93027160,1541373,0,0,S,98800,1000,1541372,1165629,
000007.SZ,000007,20251209,93027160,1541378,0,0,S,98800,300,1541377,1165629,
000007.SZ,000007,20251209,93027190,1541958,0,0,B,98800,100,1541377,1541957,
000007.SZ,000007,20251209,93027190,1541959,0,0,B,98800,400,1541444,1541957,
000007.SZ,000007,20251209,93027190,1541972,0,0,B,98800,200,1541444,1541971,
000007.SZ,000007,20251209,93027220,1542559,0,0,S,98900,200,1542558,1541971,
000007.SZ,000007,20251209,93027250,1543129,0,0,B,98900,1200,1542558,1543128,
000007.SZ,000007,20251209,93027250,1543130,0,0,B,98900,800,1542562,1543128,
000007.SZ,000007,20251209,93027250,1543131,0,0,B,98900,400,1542563,1543128,
000007.SZ,000007,20251209,93027250,1543132,0,0,B,98900,700,1542571,1543128,
000007.SZ,000007,20251209,93027360,1544894,0,0,S,99000,900,1544893,1543128,
000007.SZ,000007,20251209,93027890,1553592,0,0,B,98900,500,1544893,1553591,
000007.SZ,000007,20251209,93029630,1578309,0,0,S,98900,800,1578308,1553591,
000007.SZ,000007,20251209,93029630,1578310,0,0,S,98900,600,1578308,1567081,
000007.SZ,000007,20251209,93030150,1585051,0,0,B,99000,2100,1578315,1585050,
000007.SZ,000007,20251209,93030160,1585213,0,0,S,99000,100,1585212,1585050,
000007.SZ,000007,20251209,93030160,1585216,0,0,S,99000,100,1585215,1585050,
000007.SZ,000007,20251209,93030210,1586316,0,0,S,99000,700,1586315,1585050,
000007.SZ,000007,20251209,93030230,1586882,0,0,S,99000,100,1586881,1585050,
000007.SZ,000007,20251209,93030310,1588435,0,0,S,99000,200,1588434,1585050,
000007.SZ,000007,20251209,93030310,1588436,0,0,S,99000,100,1588434,1585482,
000007.SZ,000007,20251209,93031450,1609031,0,0,B,99300,600,1267947,1609030,
000007.SZ,000007,20251209,93031450,1609032,0,0,B,99300,200,1268035,1609030,
000007.SZ,000007,20251209,93031450,1609033,0,0,B,99300,1000,1268076,1609030,
000007.SZ,000007,20251209,93031450,1609034,0,0,B,99300,200,1268143,1609030,
000007.SZ,000007,20251209,93031450,1609035,0,0,B,99300,800,1268731,1609030,
000007.SZ,000007,20251209,93032430,1622529,0,0,S,99000,100,1622528,1585529,
000007.SZ,000007,20251209,93032430,1622530,0,0,S,99000,500,1622528,1600816,
000007.SZ,000007,20251209,93032430,1622531,0,0,S,99000,600,1622528,1618297,
000007.SZ,000007,20251209,93032430,1622532,0,0,S,99000,1700,1622528,1620269,
000007.SZ,000007,20251209,93032630,1624632,0,0,S,99000,500,1624631,1620269,
000007.SZ,000007,20251209,93032990,1628381,C,0, ,0,100,1199585,0,
000007.SZ,000007,20251209,93033330,1633507,0,0,S,99100,300,1633506,1630118,
000007.SZ,000007,20251209,93035880,1676632,C,0, ,0,4700,0,1630446,
000007.SZ,000007,20251209,93036160,1681808,0,0,B,99200,100,1667889,1681807,
000007.SZ,000007,20251209,93036160,1681809,0,0,B,99200,100,1668191,1681807,
000007.SZ,000007,20251209,93036160,1681810,0,0,B,99200,100,1668222,1681807,
000007.SZ,000007,20251209,93036160,1681811,0,0,B,99200,100,1671307,1681807,
000007.SZ,000007,20251209,93036160,1681812,0,0,B,99200,100,1676159,1681807,
000007.SZ,000007,20251209,93037240,1704009,C,0, ,0,100,1681592,0,
000007.SZ,000007,20251209,93037240,1704011,0,0,B,99200,100,1681595,1704010,
000007.SZ,000007,20251209,93037240,1704012,0,0,B,99200,100,1682697,1704010,
000007.SZ,000007,20251209,93037240,1704013,0,0,B,99300,1000,1268731,1704010,
000007.SZ,000007,20251209,93037240,1704014,0,0,B,99300,1200,1624654,1704010,
000007.SZ,000007,20251209,93038000,1715841,C,0, ,0,1000,0,1620269,
000007.SZ,000007,20251209,93038070,1716879,0,0,B,99300,100,1630301,1716878,
000007.SZ,000007,20251209,93038070,1716880,0,0,B,99300,100,1630306,1716878,
000007.SZ,000007,20251209,93038070,1716881,0,0,B,99300,100,1631324,1716878,
000007.SZ,000007,20251209,93038070,1716882,0,0,B,99300,100,1678892,1716878,
000007.SZ,000007,20251209,93038070,1716883,0,0,B,99300,100,1678914,1716878,
000007.SZ,000007,20251209,93038070,1716884,0,0,B,99300,200,1678954,1716878,
000007.SZ,000007,20251209,93038070,1716885,0,0,B,99300,200,1678973,1716878,
000007.SZ,000007,20251209,93038070,1716886,0,0,B,99300,1800,1682073,1716878,
000007.SZ,000007,20251209,93038190,1718721,0,0,S,99200,100,1718720,1706947,
000007.SZ,000007,20251209,93038190,1718722,0,0,S,99200,400,1718720,1713044,
000007.SZ,000007,20251209,93038190,1718783,0,0,B,99200,100,1718720,1718782,
000007.SZ,000007,20251209,93038960,1732417,C,0, ,0,4100,47684,0,
000007.SZ,000007,20251209,93039160,1736226,0,0,B,99200,1400,1718720,1736225,
000007.SZ,000007,20251209,93039160,1736227,0,0,B,99200,100,1718868,1736225,
000007.SZ,000007,20251209,93039160,1736228,0,0,B,99200,100,1718876,1736225,
000007.SZ,000007,20251209,93039160,1736229,0,0,B,99200,100,1720049,1736225,
000007.SZ,000007,20251209,93039160,1736230,0,0,B,99200,100,1734547,1736225,
000007.SZ,000007,20251209,93039160,1736231,0,0,B,99300,400,1682073,1736225,
000007.SZ,000007,20251209,93039160,1736232,0,0,B,99300,1000,1727257,1736225,
000007.SZ,000007,20251209,93039210,1737260,C,0, ,0,100,0,525181,
000007.SZ,000007,20251209,93039210,1737278,C,0, ,0,100,0,525183,
000007.SZ,000007,20251209,93039210,1737282,C,0, ,0,400,0,525182,
000007.SZ,000007,20251209,93039230,1737627,C,0, ,0,100,0,525203,
000007.SZ,000007,20251209,93039230,1737628,C,0, ,0,100,0,525202,
000007.SZ,000007,20251209,93039310,1739310,C,0, ,0,600,0,525204,
000007.SZ,000007,20251209,93040590,1762994,0,0,S,99200,600,1762993,1749323,
000007.SZ,000007,20251209,93040590,1762995,0,0,S,99200,100,1762993,1755741,
000007.SZ,000007,20251209,93041630,1781302,C,0, ,0,1000,0,1567081,
000007.SZ,000007,20251209,93041800,1784544,C,0, ,0,2000,0,515106,
000007.SZ,000007,20251209,93042510,1798754,C,0, ,0,2100,0,1651306,
000007.SZ,000007,20251209,93042740,1803508,C,0, ,0,1700,0,1755741,
000007.SZ,000007,20251209,93045150,1838018,C,0, ,0,200,0,1630118,
000007.SZ,000007,20251209,93046440,1858232,0,0,B,99500,1300,1215434,1858231,
000007.SZ,000007,20251209,93046440,1858235,0,0,B,99500,100,1215434,1858234,
000007.SZ,000007,20251209,93046440,1858236,0,0,B,99500,100,1756665,1858234,
000007.SZ,000007,20251209,93046440,1858237,0,0,B,99500,100,1756666,1858234,
000007.SZ,000007,20251209,93046520,1859255,C,0, ,0,100,0,532227,
000007.SZ,000007,20251209,93046530,1859392,0,0,S,99500,100,1859391,1858238,
000007.SZ,000007,20251209,93046530,1859394,0,0,S,99500,100,1859393,1858238,
000007.SZ,000007,20251209,93046530,1859430,C,0, ,0,100,0,532236,
000007.SZ,000007,20251209,93046560,1859896,0,0,B,99600,100,1107472,1859895,
000007.SZ,000007,20251209,93046560,1859898,0,0,B,99600,100,1107472,1859897,
000007.SZ,000007,20251209,93046560,1859910,0,0,B,99600,100,1107472,1859909,
000007.SZ,000007,20251209,93046560,1859912,0,0,B,99600,100,1107472,1859911,
000007.SZ,000007,20251209,93046560,1859914,0,0,B,99600,800,1107472,1859913,
000007.SZ,000007,20251209,93046560,1859917,0,0,B,99600,300,1107472,1859916,
000007.SZ,000007,20251209,93046570,1859995,0,0,B,99600,100,1107472,1859994,
000007.SZ,000007,20251209,93046570,1860087,0,0,B,99600,100,1791088,1860086,
000007.SZ,000007,20251209,93046690,1861924,0,0,B,99600,100,1791090,1861923,
000007.SZ,000007,20251209,93046710,1862142,C,0, ,0,1500,0,1628273,
000007.SZ,000007,20251209,93046740,1862538,C,0, ,0,500,0,1628522,
000007.SZ,000007,20251209,93047470,1871509,0,0,B,99700,100,807030,1871508,
000007.SZ,000007,20251209,93047470,1871510,0,0,B,99700,200,807600,1871508,
000007.SZ,000007,20251209,93047470,1871511,0,0,B,99700,100,808348,1871508,
000007.SZ,000007,20251209,93047470,1871512,0,0,B,99700,200,816840,1871508,
000007.SZ,000007,20251209,93047470,1871513,0,0,B,99700,200,927879,1871508,
000007.SZ,000007,20251209,93047500,1871924,0,0,B,99700,600,927879,1871923,
000007.SZ,000007,20251209,93047540,1872442,C,0, ,0,1800,927879,0,
000007.SZ,000007,20251209,93047620,1873404,0,0,S,99500,1100,1873403,1858238,
000007.SZ,000007,20251209,93047620,1873405,0,0,S,99500,300,1873403,1858239,
000007.SZ,000007,20251209,93047620,1873406,0,0,S,99500,500,1873403,1858241,
000007.SZ,000007,20251209,93048070,1879341,0,0,S,99500,500,1879340,1858241,
000007.SZ,000007,20251209,93048210,1881117,C,0, ,0,100,0,1681397,
000007.SZ,000007,20251209,93048520,1885384,0,0,B,99700,200,928820,1885383,
000007.SZ,000007,20251209,93048520,1885385,0,0,B,99700,200,1026560,1885383,
000007.SZ,000007,20251209,93048520,1885386,0,0,B,99700,100,1048282,1885383,
000007.SZ,000007,20251209,93048520,1885387,0,0,B,99700,100,1048283,1885383,
000007.SZ,000007,20251209,93048520,1885388,0,0,B,99700,300,1786467,1885383,
000007.SZ,000007,20251209,93048520,1885389,0,0,B,99700,1600,1873634,1885383,
000007.SZ,000007,20251209,93048530,1885523,0,0,S,99700,100,1885522,1885383,
000007.SZ,000007,20251209,93048530,1885529,0,0,S,99700,100,1885528,1885383,
000007.SZ,000007,20251209,93050280,1908939,C,0, ,0,700,0,1654555,
000007.SZ,000007,20251209,93050280,1908955,C,0, ,0,400,0,1654520,
000007.SZ,000007,20251209,93050290,1909123,C,0, ,0,900,0,1654526,
000007.SZ,000007,20251209,93050320,1909497,0,0,S,99700,300,1909496,1885383,
000007.SZ,000007,20251209,93050320,1909498,0,0,S,99500,300,1909496,1858241,
000007.SZ,000007,20251209,93050320,1909499,0,0,S,99500,300,1909496,1858242,
000007.SZ,000007,20251209,93050320,1909500,0,0,S,99500,100,1909496,1858245,
000007.SZ,000007,20251209,93050750,1914397,C,0, ,0,100,0,1633814,
000007.SZ,000007,20251209,93050750,1914411,C,0, ,0,300,0,1633853,
000007.SZ,000007,20251209,93050750,1914416,C,0, ,0,200,0,1633812,
000007.SZ,000007,20251209,93050770,1914633,C,0, ,0,300,0,1634364,
000007.SZ,000007,20251209,93050770,1914658,C,0, ,0,200,0,1634365,
000007.SZ,000007,20251209,93050900,1915945,C,0, ,0,100,0,1636911,
000007.SZ,000007,20251209,93050900,1915967,C,0, ,0,300,0,1637029,
000007.SZ,000007,20251209,93050900,1916019,C,0, ,0,100,0,1637100,
000007.SZ,000007,20251209,93050920,1916155,C,0, ,0,100,969608,0,
000007.SZ,000007,20251209,93052180,1932893,0,0,S,99600,300,1932892,1921255,
000007.SZ,000007,20251209,93053270,1945540,0,0,S,99600,200,1945539,1921255,
000007.SZ,000007,20251209,93053400,1947175,C,0, ,0,500,693702,0,
000007.SZ,000007,20251209,93053450,1947752,C,0, ,0,5000,0,1655963,
000007.SZ,000007,20251209,93053670,1950369,0,0,S,99600,1800,1950368,1921255,
000007.SZ,000007,20251209,93053670,1950370,0,0,S,99600,3100,1950368,1921257,
000007.SZ,000007,20251209,93053670,1950371,0,0,S,99600,2600,1950368,1921260,
000007.SZ,000007,20251209,93054460,1959951,C,0, ,0,2500,1916002,0,
000007.SZ,000007,20251209,93054470,1960019,C,0, ,0,100,1916100,0,
000007.SZ,000007,20251209,93055490,1972559,0,0,B,99600,300,1971740,1972558,
000007.SZ,000007,20251209,93055490,1972583,0,0,B,99600,100,1971740,1972582,
000007.SZ,000007,20251209,93055500,1972619,0,0,B,99600,700,1971740,1972618,
000007.SZ,000007,20251209,93055500,1972620,0,0,B,99700,300,1956971,1972618,
000007.SZ,000007,20251209,93055500,1972621,0,0,B,99800,500,1087988,1972618,
000007.SZ,000007,20251209,93055500,1972622,0,0,B,99800,100,1945770,1972618,
000007.SZ,000007,20251209,93055500,1972623,0,0,B,99800,200,1950091,1972618,
000007.SZ,000007,20251209,93056870,1988991,C,0, ,0,300,0,1675138,
000007.SZ,000007,20251209,93058010,2003185,C,0, ,0,400,0,1972650,
000007.SZ,000007,20251209,93058020,2003248,C,0, ,0,200,0,1972837,
000007.SZ,000007,20251209,93058020,2003252,C,0, ,0,100,0,1972838,
000007.SZ,000007,20251209,93058070,2003993,0,0,B,99700,100,1984996,2003992,
000007.SZ,000007,20251209,93058090,2004136,0,0,S,99700,500,2004135,2003992,
000007.SZ,000007,20251209,93058130,2004693,C,0, ,0,200,0,1684602,
000007.SZ,000007,20251209,93058130,2004718,C,0, ,0,200,0,1684960,
000007.SZ,000007,20251209,93058160,2005142,0,0,S,99700,300,2005141,2004018,
000007.SZ,000007,20251209,93058170,2005194,0,0,S,99700,300,2005193,2004018,
000007.SZ,000007,20251209,93058170,2005195,0,0,S,99500,200,2005193,1858245,
000007.SZ,000007,20251209,93058180,2005367,0,0,S,99500,300,2005366,1858245,
000007.SZ,000007,20251209,93058180,2005368,0,0,S,99500,100,2005366,1858248,
000007.SZ,000007,20251209,93058180,2005369,0,0,S,99500,1300,2005366,1858262,
000007.SZ,000007,20251209,93058180,2005370,0,0,S,99500,100,2005366,1860027,
000007.SZ,000007,20251209,93058180,2005371,0,0,S,99500,9500,2005366,1871238,
000007.SZ,000007,20251209,93058180,2005372,0,0,S,99500,100,2005366,1918954,
000007.SZ,000007,20251209,93058180,2005373,0,0,S,99500,200,2005366,1920907,
000007.SZ,000007,20251209,93058180,2005374,0,0,S,99500,100,2005366,1920911,
000007.SZ,000007,20251209,93058180,2005375,0,0,S,99500,100,2005366,1921192,
000007.SZ,000007,20251209,93058180,2005376,0,0,S,99500,300,2005366,1921193,
000007.SZ,000007,20251209,93058180,2005377,0,0,S,99500,200,2005366,1921194,
000007.SZ,000007,20251209,93058180,2005378,0,0,S,99500,100,2005366,1923115,
000007.SZ,000007,20251209,93058180,2005380,0,0,S,99500,300,2005379,1923145,
000007.SZ,000007,20251209,93058180,2005381,0,0,S,99500,100,2005379,1923214,
000007.SZ,000007,20251209,93058180,2005382,0,0,S,99500,1000,2005379,1968524,
000007.SZ,000007,20251209,93058970,2015042,0,0,B,99700,100,2013690,2015041,
000007.SZ,000007,20251209,93059200,2017427,0,0,B,99500,500,2017307,2017426,
000007.SZ,000007,20251209,93059210,2017559,0,0,S,99500,300,2017558,2017428,
000007.SZ,000007,20251209,93059210,2017560,0,0,S,99500,500,2017558,2017429,
000007.SZ,000007,20251209,93059260,2017991,0,0,S,99700,1600,2017990,2017899,
000007.SZ,000007,20251209,93059270,2018171,0,0,S,99700,100,2018170,2017899,
000007.SZ,000007,20251209,93059280,2018241,0,0,S,99700,4300,2018240,2017899,
000007.SZ,000007,20251209,93059690,2022390,0,0,B,99600,900,2020672,2022389,
000007.SZ,000007,20251209,93059860,2024244,0,0,S,99600,900,2024243,2022389,
000007.SZ,000007,20251209,93100010,2026068,0,0,S,99600,900,2026067,2022389,
000007.SZ,000007,20251209,93100180,2028828,0,0,S,99600,500,2028827,2022389,
000007.SZ,000007,20251209,93100280,2031141,0,0,B,99700,100,2018240,2031140,
000007.SZ,000007,20251209,93100280,2031142,0,0,B,99800,1100,1950091,2031140,
000007.SZ,000007,20251209,93100280,2031143,0,0,B,99800,100,1971698,2031140,
000007.SZ,000007,20251209,93101180,2048215,0,0,S,99700,200,2048214,2042452,
000007.SZ,000007,20251209,93101180,2048216,0,0,S,99600,700,2048214,2022389,
000007.SZ,000007,20251209,93101770,2057379,0,0,S,99600,400,2057378,2022389,
000007.SZ,000007,20251209,93101770,2057380,0,0,S,99600,1300,2057378,2040434,
000007.SZ,000007,20251209,93102180,2062185,0,0,S,99500,600,2062184,2046722,
000007.SZ,000007,20251209,93102730,2068493,0,0,B,99500,300,2062184,2068492,
000007.SZ,000007,20251209,93103160,2074021,0,0,B,99600,100,2057378,2074020,
000007.SZ,000007,20251209,93103190,2074793,0,0,S,99600,100,2074792,2074118,
000007.SZ,000007,20251209,93103190,2074794,0,0,S,99600,100,2074792,2074121,
000007.SZ,000007,20251209,93103190,2074795,0,0,S,99600,100,2074792,2074122,
000007.SZ,000007,20251209,93103190,2074796,0,0,S,99600,100,2074792,2074170,
000007.SZ,000007,20251209,93103190,2074797,0,0,S,99600,100,2074792,2074180,
000007.SZ,000007,20251209,93103190,2074798,0,0,S,99500,400,2074792,2068492,
000007.SZ,000007,20251209,93103570,2082629,0,0,B,99700,400,2072721,2082628,
000007.SZ,000007,20251209,93103980,2089214,0,0,S,99700,300,2089213,2082628,
000007.SZ,000007,20251209,93104070,2090463,0,0,S,99700,4300,2090462,2082628,
000007.SZ,000007,20251209,93104190,2092285,0,0,B,99600,100,2090462,2092284,
000007.SZ,000007,20251209,93104190,2092338,0,0,B,99600,100,2090462,2092337,
000007.SZ,000007,20251209,93104190,2092490,0,0,B,99600,100,2090462,2092489,
000007.SZ,000007,20251209,93104200,2092627,0,0,B,99600,100,2090462,2092626,
000007.SZ,000007,20251209,93104200,2092761,0,0,B,99600,100,2090462,2092760,
000007.SZ,000007,20251209,93105340,2109115,0,0,B,99600,500,2090462,2109114,
000007.SZ,000007,20251209,93105350,2109294,0,0,S,99700,13800,2109293,2109114,
000007.SZ,000007,20251209,93106240,2121563,C,0, ,0,200,0,1980799,
000007.SZ,000007,20251209,93106240,2121607,C,0, ,0,200,0,1980746,
000007.SZ,000007,20251209,93106280,2122429,0,0,S,99500,1600,2122428,2068492,
000007.SZ,000007,20251209,93108220,2152474,0,0,S,99500,2200,2152473,2068492,
000007.SZ,000007,20251209,93108400,2154891,0,0,S,99500,400,2154890,2068492,
000007.SZ,000007,20251209,93108500,2155978,0,0,S,99500,400,2155977,2068492,
000007.SZ,000007,20251209,93108580,2157240,0,0,S,99500,400,2157239,2068492,
000007.SZ,000007,20251209,93108660,2158116,0,0,S,99500,400,2158115,2068492,
000007.SZ,000007,20251209,93108740,2159227,0,0,S,99500,400,2159226,2068492,
000007.SZ,000007,20251209,93108830,2160221,0,0,S,99500,400,2160220,2068492,
000007.SZ,000007,20251209,93108850,2160515,0,0,S,99500,3400,2160514,2068492,
000007.SZ,000007,20251209,93108890,2161050,0,0,S,99300,400,2161049,1797455,
000007.SZ,000007,20251209,93111200,2193007,C,0, ,0,900,2144885,0,
000007.SZ,000007,20251209,93111450,2195666,0,0,B,99500,100,2195243,2195665,
000007.SZ,000007,20251209,93111450,2195667,0,0,B,99600,400,2153823,2195665,
000007.SZ,000007,20251209,93111450,2195668,0,0,B,99600,100,2195215,2195665,
000007.SZ,000007,20251209,93111460,2195803,0,0,S,99700,800,2195802,2195665,
000007.SZ,000007,20251209,93111460,2195805,0,0,S,99700,1200,2195804,2195665,
000007.SZ,000007,20251209,93112170,2204347,C,0, ,0,1800,0,1846065,
000007.SZ,000007,20251209,93112560,2211058,C,0, ,0,800,2195804,0,
000007.SZ,000007,20251209,93115230,2244136,C,0, ,0,600,2202946,0,
000007.SZ,000007,20251209,93115600,2250711,0,0,B,99600,700,2201375,2250710,
000007.SZ,000007,20251209,93115600,2250712,0,0,B,99700,100,2195818,2250710,
000007.SZ,000007,20251209,93115650,2251364,0,0,B,99700,1900,2195818,2251363,
000007.SZ,000007,20251209,93115650,2251365,0,0,B,99700,900,2218254,2251363,
000007.SZ,000007,20251209,93115650,2251366,0,0,B,99700,400,2238038,2251363,
000007.SZ,000007,20251209,93116350,2260776,0,0,S,99600,1000,2260775,2251265,
000007.SZ,000007,20251209,93116350,2260777,0,0,S,99600,1200,2260775,2258196,
000007.SZ,000007,20251209,93117150,2271604,C,0, ,0,700,0,1193643,
000007.SZ,000007,20251209,93118270,2284488,0,0,S,99600,800,2284487,2258196,
000007.SZ,000007,20251209,93120050,2307073,C,0, ,0,6600,0,470971,
000007.SZ,000007,20251209,93120280,2309632,0,0,S,99600,400,2309631,2258196,
000007.SZ,000007,20251209,93120760,2314569,C,0, ,0,1200,2270643,0,
000007.SZ,000007,20251209,93121170,2318867,0,0,B,99700,500,2238038,2318866,
000007.SZ,000007,20251209,93121180,2319043,C,0, ,0,1000,0,2219678,
000007.SZ,000007,20251209,93121200,2319233,0,0,B,99700,100,2238038,2319232,
000007.SZ,000007,20251209,93123140,2342192,0,0,B,99700,100,2238038,2342191,
000007.SZ,000007,20251209,93123140,2342193,0,0,B,99700,100,2282972,2342191,
000007.SZ,000007,20251209,93123160,2342319,C,0, ,0,300,0,1842371,
000007.SZ,000007,20251209,93126790,2383234,0,0,S,99600,5800,2383233,2258196,
000007.SZ,000007,20251209,93126790,2383235,0,0,S,99600,800,2383233,2319318,
000007.SZ,000007,20251209,93126790,2383236,0,0,S,99600,1000,2383233,2324272,
000007.SZ,000007,20251209,93126790,2383237,0,0,S,99600,1800,2383233,2339956,
000007.SZ,000007,20251209,93127140,2386629,0,0,B,99700,1000,2282972,2386628,
000007.SZ,000007,20251209,93127200,2387258,C,0, ,0,5900,2282972,0,
000007.SZ,000007,20251209,93128710,2406227,0,0,B,99700,500,2313667,2406226,
000007.SZ,000007,20251209,93131450,2438049,0,0,B,99700,2000,2313667,2438048,
000007.SZ,000007,20251209,93131860,2442844,0,0,S,99600,100,2442843,2406267,
000007.SZ,000007,20251209,93131860,2442845,0,0,S,99600,100,2442843,2407254,
000007.SZ,000007,20251209,93132140,2445698,0,0,S,99500,100,2445697,2235867,
000007.SZ,000007,20251209,93132650,2451991,0,0,B,99500,100,2445697,2451990,
000007.SZ,000007,20251209,93133390,2460119,C,0, ,0,1100,1965963,0,
000007.SZ,000007,20251209,93133400,2460208,0,0,B,99500,300,2445697,2460207,
000007.SZ,000007,20251209,93135080,2480379,C,0, ,0,300,0,1968924,
000007.SZ,000007,20251209,93135660,2486272,0,0,B,99500,600,2445697,2486271,
000007.SZ,000007,20251209,93137170,2503766,0,0,S,99400,1300,2503765,2266905,
000007.SZ,000007,20251209,93137200,2504068,0,0,B,99400,500,2503765,2504067,
000007.SZ,000007,20251209,93137200,2504069,0,0,B,99500,4500,2445697,2504067,
000007.SZ,000007,20251209,93137820,2511724,C,0, ,0,1000,180372,0,
000007.SZ,000007,20251209,93138650,2520240,C,0, ,0,1100,0,369399,
000007.SZ,000007,20251209,93138850,2522197,0,0,S,99300,600,2522196,1797455,
000007.SZ,000007,20251209,93138850,2522198,0,0,S,99300,300,2522196,2187876,
000007.SZ,000007,20251209,93138850,2522199,0,0,S,99300,1000,2522196,2387403,
000007.SZ,000007,20251209,93139520,2529926,C,0, ,0,100,0,1968928,
000007.SZ,000007,20251209,93139700,2532400,0,0,B,99400,1300,2509439,2532399,
000007.SZ,000007,20251209,93139700,2532401,0,0,B,99400,400,2522000,2532399,
000007.SZ,000007,20251209,93139840,2533921,0,0,B,99400,400,2522000,2533920,
000007.SZ,000007,20251209,93140210,2538229,0,0,B,99400,1200,2522000,2538228,
000007.SZ,000007,20251209,93141680,2555739,0,0,S,99200,300,2555738,1765750,
000007.SZ,000007,20251209,93141680,2555740,0,0,S,99200,300,2555738,1765751,
000007.SZ,000007,20251209,93141680,2555741,0,0,S,99200,300,2555738,1765758,
000007.SZ,000007,20251209,93141680,2555742,0,0,S,99200,500,2555738,1765760,
000007.SZ,000007,20251209,93141680,2555743,0,0,S,99200,200,2555738,1766063,
000007.SZ,000007,20251209,93141680,2555744,0,0,S,99200,200,2555738,1766156,
000007.SZ,000007,20251209,93141680,2555745,0,0,S,99200,500,2555738,1766162,
000007.SZ,000007,20251209,93141680,2555746,0,0,S,99200,500,2555738,1766163,
000007.SZ,000007,20251209,93141680,2555747,0,0,S,99200,600,2555738,1767493,
000007.SZ,000007,20251209,93141680,2555748,0,0,S,99200,200,2555738,1767563,
000007.SZ,000007,20251209,93141680,2555749,0,0,S,99200,1700,2555738,1770635,
000007.SZ,000007,20251209,93141790,2556819,0,0,B,99400,1000,2522000,2556818,
000007.SZ,000007,20251209,93142190,2560708,0,0,B,99400,2000,2522000,2560707,
000007.SZ,000007,20251209,93142190,2560709,0,0,B,99400,2700,2536609,2560707,
000007.SZ,000007,20251209,93142190,2560710,0,0,B,99400,1900,2555444,2560707,
000007.SZ,000007,20251209,93142240,2561360,0,0,B,99400,500,2555444,2561359,
000007.SZ,000007,20251209,93142260,2561675,0,0,S,99400,100,2561674,2561359,
000007.SZ,000007,20251209,93142270,2561733,0,0,S,99400,4400,2561732,2561359,
000007.SZ,000007,20251209,93142270,2561734,0,0,S,99400,100,2561732,2561383,
000007.SZ,000007,20251209,93142270,2561737,0,0,S,99400,2700,2561736,2561383,
000007.SZ,000007,20251209,93142270,2561738,0,0,S,99400,100,2561736,2561461,
000007.SZ,000007,20251209,93142270,2561748,0,0,S,99400,2300,2561747,2561461,
000007.SZ,000007,20251209,93142330,2562617,0,0,B,99300,600,2561931,2562616,
000007.SZ,000007,20251209,93142330,2562618,0,0,B,99400,100,2561747,2562616,
000007.SZ,000007,20251209,93142330,2562619,0,0,B,99400,2800,2561969,2562616,
000007.SZ,000007,20251209,93142330,2562620,0,0,B,99400,2800,2561970,2562616,
000007.SZ,000007,20251209,93142330,2562621,0,0,B,99400,800,2562118,2562616,
000007.SZ,000007,20251209,93144230,2585502,C,0, ,0,200,0,2296144,
000007.SZ,000007,20251209,93144270,2585961,C,0, ,0,200,0,2296154,
000007.SZ,000007,20251209,93144310,2586484,0,0,B,99300,100,2569202,2586483,
000007.SZ,000007,20251209,93144870,2592342,C,0, ,0,100,2481068,0,
000007.SZ,000007,20251209,93147290,2623484,C,0, ,0,3700,2562118,0,
000007.SZ,000007,20251209,93147290,2623485,C,0, ,0,2400,2562121,0,
000007.SZ,000007,20251209,93147510,2626021,C,0, ,0,500,2599817,0,
000007.SZ,000007,20251209,93147920,2630076,0,0,B,99400,900,2586889,2630075,
000007.SZ,000007,20251209,93148410,2635824,0,0,S,99300,100,2635823,2586483,
000007.SZ,000007,20251209,93149030,2643070,0,0,B,99400,600,2586889,2643069,
000007.SZ,000007,20251209,93149220,2645074,0,0,S,99300,200,2645073,2586669,
000007.SZ,000007,20251209,93151320,2666356,0,0,S,99100,200,2666355,1684591,
000007.SZ,000007,20251209,93151320,2666357,0,0,S,99100,300,2666355,1684593,
000007.SZ,000007,20251209,93151320,2666358,0,0,S,99100,400,2666355,1685091,
000007.SZ,000007,20251209,93151320,2666359,0,0,S,99100,200,2666355,1685092,
000007.SZ,000007,20251209,93151320,2666360,0,0,S,99100,400,2666355,1685093,
000007.SZ,000007,20251209,93151320,2666361,0,0,S,99100,200,2666355,1686512,
000007.SZ,000007,20251209,93151320,2666362,0,0,S,99100,100,2666355,1687595,
000007.SZ,000007,20251209,93151340,2666452,0,0,S,99100,600,2666451,1687595,
000007.SZ,000007,20251209,93151340,2666453,0,0,S,99100,300,2666451,1687689,
000007.SZ,000007,20251209,93151340,2666454,0,0,S,99100,200,2666451,1687878,
000007.SZ,000007,20251209,93151340,2666455,0,0,S,99100,300,2666451,1688227,
000007.SZ,000007,20251209,93151340,2666456,0,0,S,99100,700,2666451,1783603,
000007.SZ,000007,20251209,93151340,2666457,0,0,S,99100,100,2666451,1907270,
000007.SZ,000007,20251209,93151340,2666458,0,0,S,99100,1300,2666451,2442680,
000007.SZ,000007,20251209,93151340,2666459,0,0,S,99100,100,2666451,2455898,
000007.SZ,000007,20251209,93151340,2666460,0,0,S,99100,4400,2666451,2591398,
000007.SZ,000007,20251209,93151390,2666971,0,0,S,99000,200,2666970,1672187,
000007.SZ,000007,20251209,93151390,2666972,0,0,S,99000,300,2666970,1672209,
000007.SZ,000007,20251209,93151390,2666973,0,0,S,99000,700,2666970,1778885,
000007.SZ,000007,20251209,93151390,2666974,0,0,S,99000,700,2666970,2350136,
000007.SZ,000007,20251209,93151490,2668230,0,0,S,99000,1900,2668229,2350136,
000007.SZ,000007,20251209,93151580,2669064,0,0,S,99000,1900,2669063,2507347,
000007.SZ,000007,20251209,93151640,2669614,0,0,S,99000,1900,2669613,2507347,
000007.SZ,000007,20251209,93152350,2677884,0,0,B,99000,800,2669758,2677883,
000007.SZ,000007,20251209,93152350,2677980,C,0, ,0,100,2595996,0,
000007.SZ,000007,20251209,93152690,2681984,C,0, ,0,4400,0,2188586,
000007.SZ,000007,20251209,93154150,2696638,C,0, ,0,5500,2664387,0,
000007.SZ,000007,20251209,93154280,2698138,0,0,S,99000,100,2698137,2677883,
000007.SZ,000007,20251209,93154430,2700046,C,0, ,0,400,1357312,0,
000007.SZ,000007,20251209,93155450,2712075,C,0, ,0,2000,2382991,0,
000007.SZ,000007,20251209,93155740,2715435,0,0,B,99100,100,2669162,2715434,
000007.SZ,000007,20251209,93155740,2715436,0,0,B,99100,100,2669163,2715434,
000007.SZ,000007,20251209,93155740,2715437,0,0,B,99100,200,2696695,2715434,
000007.SZ,000007,20251209,93155740,2715438,0,0,B,99200,1100,2665925,2715434,
000007.SZ,000007,20251209,93156640,2723417,0,0,S,99000,100,2723416,2677883,
000007.SZ,000007,20251209,93156640,2723418,0,0,S,98900,700,2723416,1600535,
000007.SZ,000007,20251209,93156640,2723419,0,0,S,98900,400,2723416,1708255,
000007.SZ,000007,20251209,93158280,2740165,C,0, ,0,700,0,2383728,
000007.SZ,000007,20251209,93158300,2740461,0,0,S,98900,300,2740460,1708255,
000007.SZ,000007,20251209,93158300,2740462,0,0,S,98900,700,2740460,1752123,
000007.SZ,000007,20251209,93158300,2740463,0,0,S,98900,500,2740460,1805937,
000007.SZ,000007,20251209,93158300,2740464,0,0,S,98900,300,2740460,1968927,
000007.SZ,000007,20251209,93158300,2740465,0,0,S,98900,200,2740460,1968929,
000007.SZ,000007,20251209,93159000,2747619,C,0, ,0,100,2710815,0,
000007.SZ,000007,20251209,93159460,2751836,0,0,B,98800,500,2751735,2751835,
000007.SZ,000007,20251209,93159660,2753642,C,0, ,0,700,2067639,0,
000007.SZ,000007,20251209,93159780,2754640,C,0, ,0,6000,1913265,0,
000007.SZ,000007,20251209,93159870,2755332,C,0, ,0,1200,2277804,0,
000007.SZ,000007,20251209,93200040,2757082,0,0,S,98700,1200,2757081,932972,
000007.SZ,000007,20251209,93200040,2757083,0,0,S,98700,1900,2757081,989933,
000007.SZ,000007,20251209,93200290,2760945,0,0,B,98700,200,2760748,2760944,
000007.SZ,000007,20251209,93201310,2777039,C,0, ,0,1400,2756265,0,
000007.SZ,000007,20251209,93201320,2777057,C,0, ,0,500,2756283,0,
000007.SZ,000007,20251209,93201330,2777240,C,0, ,0,2100,2590547,0,
000007.SZ,000007,20251209,93201330,2777242,C,0, ,0,3700,2452070,0,
000007.SZ,000007,20251209,93201330,2777243,C,0, ,0,900,2660018,0,
000007.SZ,000007,20251209,93201350,2777553,C,0, ,0,500,2691834,0,
000007.SZ,000007,20251209,93201390,2778139,C,0, ,0,200,0,2760949,
000007.SZ,000007,20251209,93201460,2779208,C,0, ,0,1000,2763079,0,
000007.SZ,000007,20251209,93201810,2783916,C,0, ,0,4100,1940197,0,
000007.SZ,000007,20251209,93203390,2801358,0,0,S,98600,600,2801357,1040347,
000007.SZ,000007,20251209,93203990,2808764,C,0, ,0,2400,2490608,0,
000007.SZ,000007,20251209,93204930,2820692,C,0, ,0,2200,2731929,0,
000007.SZ,000007,20251209,93205420,2825892,C,0, ,0,1000,2665079,0,
000007.SZ,000007,20251209,93206060,2832051,0,0,B,98800,100,2826441,2832050,
000007.SZ,000007,20251209,93206150,2832932,C,0, ,0,2700,2728344,0,
000007.SZ,000007,20251209,93206170,2833126,0,0,B,98800,200,2826441,2833125,
000007.SZ,000007,20251209,93206170,2833195,0,0,B,98800,100,2826441,2833194,
000007.SZ,000007,20251209,93206200,2833516,0,0,B,98800,100,2826441,2833515,
000007.SZ,000007,20251209,93206370,2835572,0,0,B,98800,200,2826441,2835571,
000007.SZ,000007,20251209,93206390,2835843,0,0,B,98800,200,2826441,2835842,
000007.SZ,000007,20251209,93206390,2835844,0,0,B,98800,100,2832979,2835842,
000007.SZ,000007,20251209,93206490,2837132,0,0,B,98800,200,2832979,2837131,
000007.SZ,000007,20251209,93206620,2838547,0,0,B,98800,200,2832979,2838546,
000007.SZ,000007,20251209,93206890,2841317,0,0,B,98800,600,2832979,2841316,
000007.SZ,000007,20251209,93206900,2841414,0,0,B,98800,700,2832979,2841413,
000007.SZ,000007,20251209,93206960,2841974,0,0,B,98800,1300,2832979,2841973,
000007.SZ,000007,20251209,93207000,2842427,0,0,S,98700,1100,2842426,2826093,
000007.SZ,000007,20251209,93207040,2843060,0,0,B,98800,800,2832979,2843059,
000007.SZ,000007,20251209,93207920,2853840,C,0, ,0,1000,2796654,0,
000007.SZ,000007,20251209,93208210,2856806,0,0,S,98700,2000,2856805,2826093,
000007.SZ,000007,20251209,93208230,2856990,C,0, ,0,1200,2586889,0,
000007.SZ,000007,20251209,93208250,2857123,C,0, ,0,9900,792908,0,
000007.SZ,000007,20251209,93209350,2869364,0,0,S,98700,900,2869363,2826093,
000007.SZ,000007,20251209,93209460,2870586,0,0,S,98700,2200,2870585,2826093,
000007.SZ,000007,20251209,93209960,2876368,0,0,B,98800,100,2832979,2876367,
000007.SZ,000007,20251209,93211390,2894627,C,0, ,0,1600,2411652,0,
000007.SZ,000007,20251209,93211680,2897237,0,0,S,98700,100,2897236,2826093,
000007.SZ,000007,20251209,93212250,2903287,0,0,S,98700,2700,2903286,2826093,
000007.SZ,000007,20251209,93212330,2904277,0,0,S,98700,2400,2904276,2826093,
000007.SZ,000007,20251209,93212330,2904278,0,0,S,98700,1200,2904276,2832620,
000007.SZ,000007,20251209,93212330,2904279,0,0,S,98700,400,2904276,2832759,
000007.SZ,000007,20251209,93212330,2904280,0,0,S,98700,100,2904276,2849374,
000007.SZ,000007,20251209,93212330,2904281,0,0,S,98700,500,2904276,2870464,
000007.SZ,000007,20251209,93212330,2904282,0,0,S,98700,1000,2904276,2902965,
000007.SZ,000007,20251209,93212530,2907000,C,0, ,0,1200,1055544,0,
000007.SZ,000007,20251209,93213320,2918135,0,0,S,98600,600,2918134,1040347,
000007.SZ,000007,20251209,93213320,2918136,0,0,S,98600,100,2918134,1042910,
000007.SZ,000007,20251209,93213850,2926294,0,0,S,98600,100,2926293,1042910,
000007.SZ,000007,20251209,93215150,2943118,C,0, ,0,100,0,2778367,
000007.SZ,000007,20251209,93215150,2943131,C,0, ,0,4900,2832979,0,
000007.SZ,000007,20251209,93215170,2943355,C,0, ,0,100,2833170,0,
000007.SZ,000007,20251209,93215510,2948647,0,0,B,98700,3000,2904276,2948646,
000007.SZ,000007,20251209,93215520,2948773,C,0, ,0,2000,0,2744754,
000007.SZ,000007,20251209,93216210,2957007,0,0,S,98600,400,2957006,1042910,
000007.SZ,000007,20251209,93216210,2957008,0,0,S,98600,600,2957006,2773173,
000007.SZ,000007,20251209,93216210,2957009,0,0,S,98600,200,2957006,2956518,
000007.SZ,000007,20251209,93216220,2957222,C,0, ,0,2700,2678004,0,
000007.SZ,000007,20251209,93217520,2972658,0,0,S,98600,1000,2972657,2956518,
000007.SZ,000007,20251209,93217840,2975980,C,0, ,0,1200,2953479,0,
000007.SZ,000007,20251209,93218630,2985448,C,0, ,0,2800,2645073,0,
000007.SZ,000007,20251209,93219250,2992597,0,0,B,98700,300,2904276,2992596,
000007.SZ,000007,20251209,93219250,2992599,0,0,B,98700,100,2904276,2992598,
000007.SZ,000007,20251209,93219250,2992606,0,0,B,98700,200,2904276,2992605,
000007.SZ,000007,20251209,93219250,2992612,0,0,B,98700,700,2904276,2992611,
000007.SZ,000007,20251209,93219250,2992613,0,0,B,98700,2700,2956984,2992611,
000007.SZ,000007,20251209,93219260,2992677,0,0,B,98700,400,2975082,2992676,
000007.SZ,000007,20251209,93219260,2992818,0,0,B,98700,600,2975082,2992817,
000007.SZ,000007,20251209,93219300,2993339,0,0,B,98800,2700,2856973,2993338,
000007.SZ,000007,20251209,93219300,2993340,0,0,B,98800,4100,2894612,2993338,
000007.SZ,000007,20251209,93219350,2993898,0,0,B,98900,3700,2784050,2993897,
000007.SZ,000007,20251209,93219350,2993899,0,0,B,98900,700,2784135,2993897,
000007.SZ,000007,20251209,93219350,2993900,0,0,B,98900,2700,2808781,2993897,
000007.SZ,000007,20251209,93219400,2994454,C,0, ,0,5000,0,2993338,
000007.SZ,000007,20251209,93220200,3003030,0,0,S,98900,600,3003029,2993897,
000007.SZ,000007,20251209,93221450,3015256,0,0,S,98900,1200,3015255,2993897,
000007.SZ,000007,20251209,93221450,3015305,C,0, ,0,100,0,2993982,
000007.SZ,000007,20251209,93221520,3016190,0,0,S,98900,400,3016189,2993897,
000007.SZ,000007,20251209,93225200,3052792,0,0,B,99000,200,2762062,3052791,
000007.SZ,000007,20251209,93227180,3071309,0,0,S,98900,1100,3071308,2993897,
000007.SZ,000007,20251209,93229120,3090607,C,0, ,0,300,2463157,0,
000007.SZ,000007,20251209,93231950,3118736,0,0,S,98900,1000,3118735,2993897,
000007.SZ,000007,20251209,93232790,3126497,0,0,B,99000,300,2762062,3126496,
000007.SZ,000007,20251209,93233070,3128940,C,0, ,0,300,0,3001957,
000007.SZ,000007,20251209,93233230,3130340,0,0,S,98900,200,3130339,2993897,
000007.SZ,000007,20251209,93233240,3130345,0,0,S,98900,200,3130344,2993897,
000007.SZ,000007,20251209,93233270,3130773,0,0,S,98900,200,3130772,2993897,
000007.SZ,000007,20251209,93234810,3146363,C,0, ,0,2200,2762062,0,
000007.SZ,000007,20251209,93234810,3146364,C,0, ,0,2700,2723533,0,
000007.SZ,000007,20251209,93235020,3147945,C,0, ,0,100,2475350,0,
000007.SZ,000007,20251209,93236060,3156792,0,0,B,99000,100,2783855,3156791,
000007.SZ,000007,20251209,93236140,3157486,0,0,B,99000,100,2783855,3157485,
000007.SZ,000007,20251209,93241060,3206619,0,0,B,99000,800,2783855,3206618,
000007.SZ,000007,20251209,93241060,3206620,0,0,B,99000,2200,3011668,3206618,
000007.SZ,000007,20251209,93241070,3206787,C,0, ,0,100,0,2992745,
000007.SZ,000007,20251209,93241200,3208047,0,0,S,98900,100,3208046,2993897,
000007.SZ,000007,20251209,93244430,3240485,C,0, ,0,1000,0,2940075,
000007.SZ,000007,20251209,93245230,3247669,0,0,S,98900,100,3247668,2993897,
000007.SZ,000007,20251209,93245230,3247671,0,0,S,98900,100,3247670,2993897,
000007.SZ,000007,20251209,93245230,3247673,0,0,S,98900,1800,3247672,2993897,
000007.SZ,000007,20251209,93245230,3247710,0,0,S,98900,1700,3247709,2993897,
000007.SZ,000007,20251209,93245230,3247712,0,0,S,98900,1800,3247711,2993897,
000007.SZ,000007,20251209,93245260,3247930,0,0,S,98900,500,3247929,2993897,
000007.SZ,000007,20251209,93245260,3247931,0,0,S,98900,3300,3247929,3065026,
000007.SZ,000007,20251209,93245260,3247932,0,0,S,98900,100,3247929,3115463,
000007.SZ,000007,20251209,93245260,3247933,0,0,S,98900,100,3247929,3206896,
000007.SZ,000007,20251209,93245350,3249053,0,0,B,98900,200,3248020,3249052,
000007.SZ,000007,20251209,93245350,3249054,0,0,B,98900,100,3248027,3249052,
000007.SZ,000007,20251209,93245350,3249055,0,0,B,99000,4500,3011668,3249052,
000007.SZ,000007,20251209,93245350,3249056,0,0,B,99000,100,3011812,3249052,
000007.SZ,000007,20251209,93245370,3249222,0,0,S,99000,2700,3249221,3249052,
000007.SZ,000007,20251209,93246030,3255483,0,0,S,98900,200,3255482,3249346,
000007.SZ,000007,20251209,93246470,3260054,C,0, ,0,2700,3249295,0,
000007.SZ,000007,20251209,93252930,3320714,0,0,B,98900,200,3255482,3320713,
000007.SZ,000007,20251209,93256000,3347773,0,0,S,98900,800,3347772,3320713,
000007.SZ,000007,20251209,93256000,3347774,0,0,S,98900,100,3347772,3320858,
000007.SZ,000007,20251209,93256010,3347909,C,0, ,0,1100,3249432,0,
000007.SZ,000007,20251209,93256040,3348161,0,0,B,98900,1900,3347772,3348160,
000007.SZ,000007,20251209,93256040,3348162,0,0,B,99000,500,3257487,3348160,
000007.SZ,000007,20251209,93259470,3380540,C,0, ,0,1800,1983726,0,
000007.SZ,000007,20251209,93301700,3403415,0,0,B,98900,500,3348431,3403414,
000007.SZ,000007,20251209,93301700,3403416,0,0,B,98900,100,3386859,3403414,
000007.SZ,000007,20251209,93302670,3412594,0,0,S,98900,3800,3412593,3403414,
000007.SZ,000007,20251209,93302770,3413508,0,0,S,98800,300,3413507,3020433,
000007.SZ,000007,20251209,93302770,3413509,0,0,S,98800,100,3413507,3020434,
000007.SZ,000007,20251209,93302770,3413510,0,0,S,98800,2000,3413507,3256918,
000007.SZ,000007,20251209,93302790,3413652,0,0,S,98700,100,3413651,2992817,
000007.SZ,000007,20251209,93302790,3413710,0,0,S,98700,800,3413709,2992817,
000007.SZ,000007,20251209,93302790,3413711,0,0,S,98700,100,3413709,2994354,
000007.SZ,000007,20251209,93302820,3413989,0,0,S,98600,1800,3413988,2956518,
000007.SZ,000007,20251209,93302820,3413990,0,0,S,98600,100,3413988,2980761,
000007.SZ,000007,20251209,93302820,3413991,0,0,S,98600,200,3413988,2990594,
000007.SZ,000007,20251209,93302820,3413992,0,0,S,98600,100,3413988,2992748,
000007.SZ,000007,20251209,93302820,3413993,0,0,S,98600,2000,3413988,3091627,
000007.SZ,000007,20251209,93305560,3440016,0,0,B,98700,100,3413709,3440015,
000007.SZ,000007,20251209,93305560,3440017,0,0,B,98900,900,3413124,3440015,
000007.SZ,000007,20251209,93305600,3440297,0,0,B,98900,1000,3413124,3440296,
000007.SZ,000007,20251209,93306310,3447239,0,0,S,98700,100,3447238,3443603,
000007.SZ,000007,20251209,93306310,3447240,0,0,S,98700,100,3447238,3444942,
000007.SZ,000007,20251209,93306310,3447241,0,0,S,98700,100,3447238,3447012,
000007.SZ,000007,20251209,93307650,3461929,0,0,B,98700,100,3447238,3461928,
000007.SZ,000007,20251209,93312140,3505158,C,0, ,0,1700,3413124,0,
000007.SZ,000007,20251209,93312140,3505160,C,0, ,0,700,2665925,0,
000007.SZ,000007,20251209,93312150,3505245,C,0, ,0,100,0,3447399,
000007.SZ,000007,20251209,93312180,3505621,0,0,S,98500,100,3505620,665648,
000007.SZ,000007,20251209,93312180,3505622,0,0,S,98500,100,3505620,2902480,
000007.SZ,000007,20251209,93312190,3505693,C,0, ,0,100,3415322,0,
000007.SZ,000007,20251209,93312200,3505752,C,0, ,0,400,3386766,0,
000007.SZ,000007,20251209,93312370,3507600,C,0, ,0,300,3447793,0,
000007.SZ,000007,20251209,93312470,3508580,0,0,S,98500,100,3508579,2902480,
000007.SZ,000007,20251209,93312960,3513189,0,0,S,98500,100,3513188,2902480,
000007.SZ,000007,20251209,93314440,3528013,0,0,S,98500,1200,3528012,2902480,
000007.SZ,000007,20251209,93314440,3528014,0,0,S,98500,200,3528012,3458776,
000007.SZ,000007,20251209,93314630,3529925,C,0, ,0,200,840354,0,
000007.SZ,000007,20251209,93314980,3532658,C,0, ,0,500,0,460371,
000007.SZ,000007,20251209,93315290,3535587,0,0,S,98500,100,3535586,3472640,
000007.SZ,000007,20251209,93315470,3537446,C,0, ,0,200,3479493,0,
000007.SZ,000007,20251209,93317030,3553390,0,0,S,98500,100,3553389,3472640,
000007.SZ,000007,20251209,93318300,3565052,0,0,B,98500,100,3564601,3565051,
000007.SZ,000007,20251209,93318300,3565053,0,0,B,98600,900,3495643,3565051,
000007.SZ,000007,20251209,93318300,3565054,0,0,B,98600,100,3506716,3565051,
000007.SZ,000007,20251209,93318300,3565055,0,0,B,98600,100,3509877,3565051,
000007.SZ,000007,20251209,93318320,3565177,0,0,S,98600,200,3565176,3565051,
000007.SZ,000007,20251209,93318320,3565179,0,0,S,98600,900,3565178,3565051,
000007.SZ,000007,20251209,93319220,3573193,0,0,B,98600,200,3565178,3573192,
000007.SZ,000007,20251209,93319220,3573194,0,0,B,98600,300,3565180,3573192,
000007.SZ,000007,20251209,93319470,3575953,C,0, ,0,400,0,3354293,
000007.SZ,000007,20251209,93321020,3589887,C,0, ,0,800,3257487,0,
000007.SZ,000007,20251209,93321570,3594776,C,0, ,0,400,3538344,0,
000007.SZ,000007,20251209,93321670,3595616,0,0,S,98400,100,3595615,3505088,
000007.SZ,000007,20251209,93323020,3608113,0,0,S,98400,700,3608112,3505088,
000007.SZ,000007,20251209,93323540,3612432,0,0,S,98400,1500,3612431,3505088,
000007.SZ,000007,20251209,93323830,3614764,0,0,S,98400,2000,3614763,3505088,
000007.SZ,000007,20251209,93323830,3614803,C,0, ,0,900,3565182,0,
000007.SZ,000007,20251209,93323830,3614804,C,0, ,0,200,3565180,0,
000007.SZ,000007,20251209,93323830,3614806,0,0,B,98400,500,3614763,3614805,
000007.SZ,000007,20251209,93323870,3615128,0,0,B,98500,100,3586708,3615127,
000007.SZ,000007,20251209,93324210,3618379,0,0,B,98400,100,3615544,3618378,
000007.SZ,000007,20251209,93324210,3618380,0,0,B,98500,100,3594719,3618378,
000007.SZ,000007,20251209,93324230,3618553,0,0,S,98500,800,3618552,3618378,
000007.SZ,000007,20251209,93324700,3623359,0,0,S,98300,100,3623358,229244,
000007.SZ,000007,20251209,93325380,3630120,C,0, ,0,500,3565181,0,
000007.SZ,000007,20251209,93327190,3645524,0,0,S,98500,200,3645523,3630620,
000007.SZ,000007,20251209,93327470,3648070,0,0,S,98500,100,3648069,3630620,
000007.SZ,000007,20251209,93327510,3648424,0,0,S,98500,200,3648423,3630620,
000007.SZ,000007,20251209,93327510,3648425,0,0,S,98500,200,3648423,3644287,
000007.SZ,000007,20251209,93329720,3667071,0,0,S,98300,3000,3667070,229244,
000007.SZ,000007,20251209,93329720,3667072,0,0,S,98300,1200,3667070,346282,
000007.SZ,000007,20251209,93329720,3667073,0,0,S,98300,300,3667070,432995,
000007.SZ,000007,20251209,93329720,3667074,0,0,S,98300,1500,3667070,476027,
000007.SZ,000007,20251209,93330680,3675285,C,0, ,0,200,3650203,0,
000007.SZ,000007,20251209,93330780,3676269,0,0,S,98300,100,3676268,476027,
000007.SZ,000007,20251209,93331880,3685669,C,0, ,0,1200,3061068,0,
000007.SZ,000007,20251209,93334460,3708314,C,0, ,0,2200,0,3676512,
000007.SZ,000007,20251209,93334970,3713060,C,0, ,0,200,3468000,0,
000007.SZ,000007,20251209,93335610,3718695,C,0, ,0,6000,3494983,0,
000007.SZ,000007,20251209,93336120,3722945,0,0,B,98500,100,3652196,3722944,
000007.SZ,000007,20251209,93336240,3724026,0,0,S,98500,100,3724025,3723931,
000007.SZ,000007,20251209,93336250,3724174,0,0,S,98400,100,3724173,3676656,
000007.SZ,000007,20251209,93336250,3724176,0,0,S,98400,400,3724175,3676656,
000007.SZ,000007,20251209,93336250,3724178,0,0,S,98400,400,3724177,3676656,
000007.SZ,000007,20251209,93336250,3724183,0,0,B,98400,300,3724177,3724182,
000007.SZ,000007,20251209,93336260,3724310,0,0,S,98300,400,3724309,476027,
000007.SZ,000007,20251209,93336440,3726226,C,0, ,0,28900,791463,0,
000007.SZ,000007,20251209,93336630,3728185,C,0, ,0,100,3622473,0,
000007.SZ,000007,20251209,93337480,3736697,0,0,B,98400,500,3724185,3736696,
000007.SZ,000007,20251209,93337480,3736698,0,0,B,98400,200,3724252,3736696,
000007.SZ,000007,20251209,93338180,3742985,C,0, ,0,41500,3495514,0,
000007.SZ,000007,20251209,93339270,3752725,0,0,B,98400,100,3744027,3752724,
000007.SZ,000007,20251209,93339420,3754272,0,0,S,98300,100,3754271,3742907,
000007.SZ,000007,20251209,93339430,3754362,C,0, ,0,100,0,3742996,
000007.SZ,000007,20251209,93339620,3756211,C,0, ,0,100,3724069,0,
000007.SZ,000007,20251209,93339790,3757650,C,0, ,0,100,3701942,0,
000007.SZ,000007,20251209,93339910,3758946,0,0,S,98300,100,3758945,3742907,
000007.SZ,000007,20251209,93341040,3769488,0,0,B,98400,100,3752536,3769487,
000007.SZ,000007,20251209,93341470,3773721,C,0, ,0,900,0,3742907,
000007.SZ,000007,20251209,93341890,3777803,C,0, ,0,100,3724072,0,
000007.SZ,000007,20251209,93341940,3778193,C,0, ,0,4000,0,3680141,
000007.SZ,000007,20251209,93342540,3785081,0,0,S,98400,300,3785080,3769487,
000007.SZ,000007,20251209,93342540,3785082,0,0,S,98300,700,3785080,3766072,
000007.SZ,000007,20251209,93342610,3786053,C,0, ,0,100,3724030,0,
000007.SZ,000007,20251209,93342620,3786129,0,0,B,98500,100,3724027,3786128,
000007.SZ,000007,20251209,93342620,3786130,0,0,B,98500,100,3724028,3786128,
000007.SZ,000007,20251209,93343140,3790979,0,0,B,98500,100,3724029,3790978,
000007.SZ,000007,20251209,93343140,3790980,0,0,B,98500,100,3724032,3790978,
000007.SZ,000007,20251209,93343140,3790981,0,0,B,98500,100,3724033,3790978,
000007.SZ,000007,20251209,93343140,3790982,0,0,B,98500,2300,3724485,3790978,
000007.SZ,000007,20251209,93343140,3790983,0,0,B,98500,100,3724647,3790978,
000007.SZ,000007,20251209,93343140,3790984,0,0,B,98500,800,3724875,3790978,
000007.SZ,000007,20251209,93343520,3795054,0,0,S,98500,700,3795053,3790978,
000007.SZ,000007,20251209,93343560,3795475,0,0,B,98500,100,3795053,3795474,
000007.SZ,000007,20251209,93343570,3795851,0,0,B,98500,100,3795053,3795850,
000007.SZ,000007,20251209,93343580,3795919,0,0,B,98500,500,3795053,3795918,
000007.SZ,000007,20251209,93343620,3796386,0,0,B,98500,700,3795053,3796385,
000007.SZ,000007,20251209,93343630,3796490,0,0,B,98500,900,3795053,3796489,
000007.SZ,000007,20251209,93343640,3796608,0,0,B,98600,100,3570743,3796607,
000007.SZ,000007,20251209,93343640,3796609,0,0,B,98600,200,3635340,3796607,
000007.SZ,000007,20251209,93343640,3796610,0,0,B,98600,300,3656092,3796607,
000007.SZ,000007,20251209,93343640,3796611,0,0,B,98600,1500,3678869,3796607,
000007.SZ,000007,20251209,93343660,3796797,0,0,B,98600,600,3678869,3796796,
000007.SZ,000007,20251209,93343660,3796798,0,0,B,98600,700,3681308,3796796,
000007.SZ,000007,20251209,93343660,3796799,0,0,B,98600,100,3703476,3796796,
000007.SZ,000007,20251209,93343670,3796943,0,0,B,98700,1400,3447238,3796942,
000007.SZ,000007,20251209,93343720,3797441,0,0,B,98800,500,3744004,3797440,
000007.SZ,000007,20251209,93343720,3797442,0,0,B,98800,300,3744005,3797440,
000007.SZ,000007,20251209,93343850,3798665,0,0,S,98700,1100,3798664,3796942,
000007.SZ,000007,20251209,93343850,3798666,0,0,S,98500,700,3798664,3796489,
000007.SZ,000007,20251209,93343850,3798667,0,0,S,98400,700,3798664,3796527,
000007.SZ,000007,20251209,93343850,3798668,0,0,S,98300,6800,3798664,3796142,
000007.SZ,000007,20251209,93343850,3798669,0,0,S,98300,100,3798664,3796286,
000007.SZ,000007,20251209,93343850,3798670,0,0,S,98300,2000,3798664,3798258,
000007.SZ,000007,20251209,93343870,3798760,0,0,B,98300,8000,3798664,3798759,
000007.SZ,000007,20251209,93343870,3798762,0,0,B,98300,2800,3798664,3798761,
000007.SZ,000007,20251209,93344930,3808045,C,0, ,0,100,0,3798870,
000007.SZ,000007,20251209,93344940,3808132,C,0, ,0,10100,0,3798784,
000007.SZ,000007,20251209,93344960,3808336,C,0, ,0,10800,0,3798775,
000007.SZ,000007,20251209,93344970,3808354,C,0, ,0,10800,0,3798783,
000007.SZ,000007,20251209,93344980,3808412,C,0, ,0,5300,0,3798769,
000007.SZ,000007,20251209,93344980,3808437,C,0, ,0,1700,0,3798788,
000007.SZ,000007,20251209,93344980,3808441,C,0, ,0,5100,0,3798779,
000007.SZ,000007,20251209,93344980,3808467,C,0, ,0,10800,0,3798777,
000007.SZ,000007,20251209,93344980,3808486,C,0, ,0,10800,0,3798763,
000007.SZ,000007,20251209,93345000,3808624,C,0, ,0,10800,0,3798951,
000007.SZ,000007,20251209,93345010,3808827,C,0, ,0,2100,0,3798936,
000007.SZ,000007,20251209,93345070,3809384,C,0, ,0,8100,0,3798799,
000007.SZ,000007,20251209,93345070,3809411,C,0, ,0,8100,0,3798825,
000007.SZ,000007,20251209,93345080,3809431,C,0, ,0,1100,0,3800177,
000007.SZ,000007,20251209,93345140,3809934,C,0, ,0,9300,0,3799423,
000007.SZ,000007,20251209,93345150,3810092,0,0,S,98700,9300,3810091,3809936,
000007.SZ,000007,20251209,93345320,3811955,C,0, ,0,10800,0,3798773,
000007.SZ,000007,20251209,93345370,3812308,C,0, ,0,10800,0,3798771,
000007.SZ,000007,20251209,93345370,3812309,C,0, ,0,10800,0,3798765,
000007.SZ,000007,20251209,93345370,3812310,C,0, ,0,10800,0,3798770,
000007.SZ,000007,20251209,93345370,3812311,C,0, ,0,10800,0,3798768,
000007.SZ,000007,20251209,93345370,3812312,C,0, ,0,10800,0,3798764,
000007.SZ,000007,20251209,93345370,3812313,C,0, ,0,10800,0,3798786,
000007.SZ,000007,20251209,93345370,3812324,C,0, ,0,10800,0,3798803,
000007.SZ,000007,20251209,93345370,3812325,C,0, ,0,8000,0,3798761,
000007.SZ,000007,20251209,93345370,3812327,C,0, ,0,10800,0,3798776,
000007.SZ,000007,20251209,93345370,3812329,C,0, ,0,10800,0,3798767,
000007.SZ,000007,20251209,93345370,3812337,C,0, ,0,10800,0,3798778,
000007.SZ,000007,20251209,93345380,3812391,C,0, ,0,1200,0,3798789,
000007.SZ,000007,20251209,93345380,3812392,C,0, ,0,1300,0,3798795,
000007.SZ,000007,20251209,93345380,3812393,C,0, ,0,1400,0,3798797,
000007.SZ,000007,20251209,93345380,3812429,C,0, ,0,10800,0,3798847,
000007.SZ,000007,20251209,93345430,3812745,C,0, ,0,8500,0,3798781,
000007.SZ,000007,20251209,93345970,3818088,C,0, ,0,2200,0,3798810,
000007.SZ,000007,20251209,93345970,3818089,C,0, ,0,500,0,3798811,
000007.SZ,000007,20251209,93345970,3818090,C,0, ,0,1100,0,3798812,
000007.SZ,000007,20251209,93345970,3818098,C,0, ,0,3200,0,3798798,
000007.SZ,000007,20251209,93346260,3821091,C,0, ,0,1300,0,3798791,
000007.SZ,000007,20251209,93346370,3822516,C,0, ,0,2600,0,3798807,
000007.SZ,000007,20251209,93346820,3826545,C,0, ,0,3200,0,3798772,
000007.SZ,000007,20251209,93347480,3832581,C,0, ,0,500,0,3798982,
000007.SZ,000007,20251209,93347870,3835510,C,0, ,0,2800,0,3800058,
000007.SZ,000007,20251209,93348250,3838769,C,0, ,0,10800,0,3798994,
000007.SZ,000007,20251209,93348600,3843137,C,0, ,0,1000,0,3798766,
000007.SZ,000007,20251209,93348600,3843138,C,0, ,0,900,0,3798937,
000007.SZ,000007,20251209,93348600,3843139,C,0, ,0,3400,0,3798774,
000007.SZ,000007,20251209,93348600,3843140,C,0, ,0,700,0,3798785,
000007.SZ,000007,20251209,93348600,3843141,C,0, ,0,3400,0,3798787,
000007.SZ,000007,20251209,93348600,3843142,C,0, ,0,400,0,3798942,
000007.SZ,000007,20251209,93348600,3843143,C,0, ,0,900,0,3798939,
000007.SZ,000007,20251209,93348600,3843144,C,0, ,0,1700,0,3798790,
000007.SZ,000007,20251209,93348600,3843146,C,0, ,0,400,0,3798938,
000007.SZ,000007,20251209,93348880,3845603,C,0, ,0,8500,0,3798826,
000007.SZ,000007,20251209,93348880,3845604,C,0, ,0,2300,0,3798857,
000007.SZ,000007,20251209,93349740,3853721,C,0, ,0,200,3753950,0,
000007.SZ,000007,20251209,93349840,3854547,C,0, ,0,600,0,3799042,
000007.SZ,000007,20251209,93350370,3858644,0,0,S,98600,300,3858643,3808602,
000007.SZ,000007,20251209,93350370,3858646,0,0,S,98600,100,3858645,3808602,
000007.SZ,000007,20251209,93350370,3858652,0,0,S,98600,100,3858651,3808602,
000007.SZ,000007,20251209,93350370,3858655,0,0,S,98600,100,3858654,3808602,
000007.SZ,000007,20251209,93350370,3858657,0,0,S,98600,100,3858656,3808602,
000007.SZ,000007,20251209,93350370,3858659,0,0,S,98600,200,3858658,3808602,
000007.SZ,000007,20251209,93350370,3858660,0,0,S,98600,100,3858658,3808890,
000007.SZ,000007,20251209,93350370,3858662,0,0,S,98600,200,3858661,3808890,
000007.SZ,000007,20251209,93350380,3858695,C,0, ,0,700,0,3798955,
000007.SZ,000007,20251209,93350390,3858780,0,0,S,98400,200,3858779,3800905,
000007.SZ,000007,20251209,93350400,3858860,0,0,S,98400,300,3858859,3800905,
000007.SZ,000007,20251209,93350410,3858931,C,0, ,0,800,3858663,0,
000007.SZ,000007,20251209,93350410,3858935,C,0, ,0,1000,3858664,0,
000007.SZ,000007,20251209,93350410,3858936,C,0, ,0,500,3858665,0,
000007.SZ,000007,20251209,93350420,3858993,C,0, ,0,2000,0,3798823,
000007.SZ,000007,20251209,93350420,3858994,C,0, ,0,7400,0,3798824,
000007.SZ,000007,20251209,93350470,3859329,0,0,S,98300,4100,3859328,3798802,
000007.SZ,000007,20251209,93350470,3859330,0,0,S,98300,1300,3859328,3798842,
000007.SZ,000007,20251209,93350470,3859391,0,0,B,98300,36100,3859328,3859390,
000007.SZ,000007,20251209,93350480,3859433,0,0,B,98400,300,3858863,3859432,
000007.SZ,000007,20251209,93350480,3859456,C,0, ,0,200,0,3798809,
000007.SZ,000007,20251209,93351150,3864930,C,0, ,0,6200,3810049,0,
000007.SZ,000007,20251209,93351490,3868060,C,0, ,0,900,3858805,0,
000007.SZ,000007,20251209,93351620,3869830,C,0, ,0,36100,0,3859428,
000007.SZ,000007,20251209,93353590,3888422,C,0, ,0,300,3858769,0,
000007.SZ,000007,20251209,93353690,3889242,C,0, ,0,200,3858661,0,
000007.SZ,000007,20251209,93354090,3892333,C,0, ,0,500,3858791,0,
000007.SZ,000007,20251209,93354330,3894400,C,0, ,0,600,3858778,0,
000007.SZ,000007,20251209,93354590,3897034,C,0, ,0,100,3858789,0,
000007.SZ,000007,20251209,93354740,3898615,C,0, ,0,100,3858668,0,
000007.SZ,000007,20251209,93354770,3898916,C,0, ,0,100,3858674,0,
000007.SZ,000007,20251209,93355690,3907504,C,0, ,0,500,3858680,0,
000007.SZ,000007,20251209,93355930,3909359,C,0, ,0,200,3858681,0,
000007.SZ,000007,20251209,93355960,3909574,C,0, ,0,3500,0,3880131,
000007.SZ,000007,20251209,93356220,3911575,C,0, ,0,400,3858802,0,
000007.SZ,000007,20251209,93356460,3913960,C,0, ,0,300,3858671,0,
000007.SZ,000007,20251209,93356510,3914446,C,0, ,0,300,3858784,0,
000007.SZ,000007,20251209,93356620,3915420,C,0, ,0,200,3858782,0,
000007.SZ,000007,20251209,93357150,3919346,C,0, ,0,6300,3864945,0,
000007.SZ,000007,20251209,93357380,3921578,C,0, ,0,100,3858777,0,
000007.SZ,000007,20251209,93357610,3924294,C,0, ,0,400,3858774,0,
000007.SZ,000007,20251209,93357840,3926202,C,0, ,0,100,3858775,0,
000007.SZ,000007,20251209,93358030,3927900,C,0, ,0,100,3858772,0,
000007.SZ,000007,20251209,93358120,3928553,C,0, ,0,100,3858781,0,
000007.SZ,000007,20251209,93358350,3930756,C,0, ,0,200,3858816,0,
000007.SZ,000007,20251209,93358950,3935440,C,0, ,0,900,3858803,0,
000007.SZ,000007,20251209,93359190,3937357,0,0,S,98400,1900,3937356,3888800,
000007.SZ,000007,20251209,93359340,3938626,C,0, ,0,200,3858787,0,
000007.SZ,000007,20251209,93359360,3938760,C,0, ,0,500,3858788,0,
000007.SZ,000007,20251209,93400260,3945574,0,0,S,98400,100,3945573,3888800,
000007.SZ,000007,20251209,93400500,3947710,0,0,B,98500,100,3893626,3947709,
000007.SZ,000007,20251209,93400500,3947711,0,0,B,98500,1200,3919378,3947709,
000007.SZ,000007,20251209,93400550,3948850,0,0,S,98400,1000,3948849,3888800,
000007.SZ,000007,20251209,93401420,3960005,C,0, ,0,2100,0,3702653,
000007.SZ,000007,20251209,93402000,3965631,0,0,S,98400,6000,3965630,3888800,
000007.SZ,000007,20251209,93402080,3966330,C,0, ,0,7700,0,3785890,
000007.SZ,000007,20251209,93402100,3966431,0,0,S,98400,100,3966430,3888800,
000007.SZ,000007,20251209,93402100,3966433,0,0,S,98400,100,3966432,3888800,
000007.SZ,000007,20251209,93402100,3966437,0,0,S,98400,100,3966436,3888800,
000007.SZ,000007,20251209,93402320,3968145,C,0, ,0,100,3966518,0,
000007.SZ,000007,20251209,93402360,3968451,C,0, ,0,100,3966520,0,
000007.SZ,000007,20251209,93403150,3975875,0,0,B,98400,200,3966436,3975874,
000007.SZ,000007,20251209,93403150,3975876,0,0,B,98400,300,3966438,3975874,
000007.SZ,000007,20251209,93403150,3975877,0,0,B,98400,300,3966440,3975874,
000007.SZ,000007,20251209,93403150,3975878,0,0,B,98400,100,3966443,3975874,
000007.SZ,000007,20251209,93403150,3975879,0,0,B,98400,300,3966448,3975874,
000007.SZ,000007,20251209,93403150,3975880,0,0,B,98400,100,3966516,3975874,
000007.SZ,000007,20251209,93403150,3975881,0,0,B,98400,100,3966519,3975874,
000007.SZ,000007,20251209,93403150,3975882,0,0,B,98400,100,3966521,3975874,
000007.SZ,000007,20251209,93403150,3975883,0,0,B,98400,100,3966522,3975874,
000007.SZ,000007,20251209,93403150,3975884,0,0,B,98400,100,3966523,3975874,
000007.SZ,000007,20251209,93403150,3975885,0,0,B,98400,100,3966524,3975874,
000007.SZ,000007,20251209,93403150,3975886,0,0,B,98400,100,3966525,3975874,
000007.SZ,000007,20251209,93403150,3975887,0,0,B,98400,100,3966527,3975874,
000007.SZ,000007,20251209,93403150,3975888,0,0,B,98400,100,3966528,3975874,
000007.SZ,000007,20251209,93403150,3975889,0,0,B,98400,100,3966532,3975874,
000007.SZ,000007,20251209,93403150,3975890,0,0,B,98400,100,3966548,3975874,
000007.SZ,000007,20251209,93403150,3975891,0,0,B,98400,100,3966558,3975874,
000007.SZ,000007,20251209,93403150,3975892,0,0,B,98500,600,3919378,3975874,
000007.SZ,000007,20251209,93403260,3976828,C,0, ,0,3700,3919378,0,
000007.SZ,000007,20251209,93404200,3986099,0,0,S,98400,100,3986098,3976246,
000007.SZ,000007,20251209,93404570,3989789,C,0, ,0,1300,3869601,0,
000007.SZ,000007,20251209,93406980,4011425,C,0, ,0,2000,0,3976246,
000007.SZ,000007,20251209,93407210,4013771,C,0, ,0,400,3843024,0,
000007.SZ,000007,20251209,93410390,4042277,0,0,S,98400,500,4042276,3976348,
000007.SZ,000007,20251209,93410390,4042278,0,0,S,98400,800,4042276,3997505,
000007.SZ,000007,20251209,93412540,4060932,0,0,S,98400,100,4060931,4001559,
000007.SZ,000007,20251209,93412550,4061093,0,0,S,98400,100,4061092,4002257,
000007.SZ,000007,20251209,93412550,4061094,0,0,S,98400,100,4061092,4004623,
000007.SZ,000007,20251209,93412550,4061095,0,0,S,98400,100,4061092,4029132,
000007.SZ,000007,20251209,93414010,4073782,C,0, ,0,100,4038023,0,
000007.SZ,000007,20251209,93419820,4121029,C,0, ,0,300,4061103,0,
000007.SZ,000007,20251209,93420690,4128359,C,0, ,0,700,224754,0,
000007.SZ,000007,20251209,93421480,4135106,C,0, ,0,100,4061138,0,
000007.SZ,000007,20251209,93423200,4149528,0,0,B,98400,100,4082627,4149527,
000007.SZ,000007,20251209,93423200,4149529,0,0,B,98400,100,4107399,4149527,
000007.SZ,000007,20251209,93423300,4150424,C,0, ,0,28900,3858538,0,
000007.SZ,000007,20251209,93423540,4152338,0,0,B,98400,100,4142200,4152337,
000007.SZ,000007,20251209,93424760,4162151,0,0,S,98300,100,4162150,3976837,
000007.SZ,000007,20251209,93427660,4183484,C,0, ,0,800,3982714,0,
000007.SZ,000007,20251209,93427690,4183664,0,0,B,98400,600,4142200,4183663,
000007.SZ,000007,20251209,93428330,4188464,0,0,S,98300,1000,4188463,3976837,
000007.SZ,000007,20251209,93428330,4188465,0,0,S,98300,1000,4188463,3976861,
000007.SZ,000007,20251209,93428330,4188466,0,0,S,98300,1000,4188463,3976866,
000007.SZ,000007,20251209,93428330,4188467,0,0,S,98300,1000,4188463,3976867,
000007.SZ,000007,20251209,93428330,4188468,0,0,S,98300,1000,4188463,3976881,
000007.SZ,000007,20251209,93428330,4188469,0,0,S,98300,1400,4188463,3976882,
000007.SZ,000007,20251209,93428330,4188470,0,0,S,98300,900,4188463,3978297,
000007.SZ,000007,20251209,93428330,4188471,0,0,S,98300,1000,4188463,3978877,
000007.SZ,000007,20251209,93428330,4188472,0,0,S,98300,500,4188463,4071911,
000007.SZ,000007,20251209,93428330,4188473,0,0,S,98300,1000,4188463,4145421,
000007.SZ,000007,20251209,93428330,4188474,0,0,S,98300,200,4188463,4166430,
000007.SZ,000007,20251209,93432410,4220855,C,0, ,0,2500,0,4193902,
000007.SZ,000007,20251209,93432680,4222907,0,0,S,98300,700,4222906,4166430,
000007.SZ,000007,20251209,93435690,4247668,0,0,S,98300,1100,4247667,4166430,
000007.SZ,000007,20251209,93435690,4247669,0,0,S,98200,600,4247667,3724483,
000007.SZ,000007,20251209,93435930,4249309,0,0,S,98200,300,4249308,3724483,
000007.SZ,000007,20251209,93435930,4249310,0,0,S,98200,200,4249308,3976029,
000007.SZ,000007,20251209,93435930,4249311,0,0,S,98200,100,4249308,3976035,
000007.SZ,000007,20251209,93435930,4249312,0,0,S,98200,100,4249308,3976036,
000007.SZ,000007,20251209,93435930,4249313,0,0,S,98200,100,4249308,3976037,
000007.SZ,000007,20251209,93435930,4249314,0,0,S,98200,100,4249308,3976039,
000007.SZ,000007,20251209,93435930,4249315,0,0,S,98200,100,4249308,3976042,
000007.SZ,000007,20251209,93436060,4250695,0,0,B,98200,100,4249308,4250694,
000007.SZ,000007,20251209,93436210,4251824,C,0, ,0,200,4201680,0,
000007.SZ,000007,20251209,93436210,4251886,0,0,B,98200,100,4249308,4251885,
000007.SZ,000007,20251209,93436210,4251902,0,0,B,98200,100,4249308,4251901,
000007.SZ,000007,20251209,93436280,4252698,0,0,B,98200,100,4249308,4252697,
000007.SZ,000007,20251209,93436540,4255312,0,0,B,98200,300,4249308,4255311,
000007.SZ,000007,20251209,93436570,4255666,0,0,S,98200,100,4255665,4255311,
000007.SZ,000007,20251209,93436990,4259290,C,0, ,0,2000,0,3422379,
000007.SZ,000007,20251209,93437730,4265791,C,0, ,0,100,4203371,0,
000007.SZ,000007,20251209,93437930,4267398,0,0,S,98200,100,4267397,4255311,
000007.SZ,000007,20251209,93439250,4277101,0,0,S,98200,100,4277100,4255311,
000007.SZ,000007,20251209,93440340,4286313,C,0, ,0,1000,0,4255311,
000007.SZ,000007,20251209,93442720,4304237,0,0,S,98200,1000,4304236,4295774,
000007.SZ,000007,20251209,93443760,4312436,0,0,B,98300,900,4268458,4312435,
000007.SZ,000007,20251209,93443760,4312437,0,0,B,98300,200,4268490,4312435,
000007.SZ,000007,20251209,93443760,4312438,0,0,B,98300,200,4275047,4312435,
000007.SZ,000007,20251209,93446570,4335606,C,0, ,0,2100,0,4127725,
000007.SZ,000007,20251209,93448260,4347582,0,0,S,98200,100,4347581,4295774,
000007.SZ,000007,20251209,93448370,4348524,0,0,B,98300,600,4275047,4348523,
000007.SZ,000007,20251209,93452360,4379106,0,0,B,98300,5000,4275047,4379105,
000007.SZ,000007,20251209,93452370,4379166,0,0,B,98300,300,4275047,4379165,
000007.SZ,000007,20251209,93452370,4379167,0,0,B,98300,200,4276123,4379165,
000007.SZ,000007,20251209,93452370,4379168,0,0,B,98300,20000,4292208,4379165,
000007.SZ,000007,20251209,93452370,4379169,0,0,B,98300,500,4352482,4379165,
000007.SZ,000007,20251209,93452390,4379293,0,0,B,98400,1900,4142200,4379292,
000007.SZ,000007,20251209,93454260,4393088,C,0, ,0,20300,0,4379205,
000007.SZ,000007,20251209,93458130,4423340,0,0,S,98400,100,4423339,4393016,
000007.SZ,000007,20251209,93458490,4426050,0,0,S,98400,100,4426049,4393016,
000007.SZ,000007,20251209,93500230,4439069,0,0,S,98400,100,4439068,4393016,
000007.SZ,000007,20251209,93500720,4445677,0,0,B,98500,500,4056464,4445676,
000007.SZ,000007,20251209,93501020,4448449,0,0,B,98500,1900,4056464,4448448,
000007.SZ,000007,20251209,93501040,4448660,0,0,B,98500,1000,4056464,4448659,
000007.SZ,000007,20251209,93502520,4462588,C,0, ,0,4500,0,2975472,
000007.SZ,000007,20251209,93502560,4462952,0,0,B,98500,1300,4056464,4462951,
000007.SZ,000007,20251209,93504270,4479291,0,0,B,98500,400,4056464,4479290,
000007.SZ,000007,20251209,93505580,4494697,C,0, ,0,400,0,4275241,
000007.SZ,000007,20251209,93505610,4494900,0,0,B,98500,1500,4056464,4494899,
000007.SZ,000007,20251209,93505990,4498570,0,0,B,98500,100,4056464,4498569,
000007.SZ,000007,20251209,93506070,4499419,0,0,B,98500,100,4056464,4499418,
000007.SZ,000007,20251209,93506280,4501750,0,0,B,98500,100,4056464,4501749,
000007.SZ,000007,20251209,93507280,4511396,0,0,B,98500,200,4056464,4511395,
000007.SZ,000007,20251209,93509270,4530061,0,0,B,98500,900,4056464,4530060,
000007.SZ,000007,20251209,93509280,4530181,0,0,B,98500,12800,4056464,4530180,
000007.SZ,000007,20251209,93509280,4530182,0,0,B,98500,100,4394186,4530180,
000007.SZ,000007,20251209,93509280,4530183,0,0,B,98500,100,4469481,4530180,
000007.SZ,000007,20251209,93509280,4530211,0,0,B,98600,100,4031413,4530210,
000007.SZ,000007,20251209,93509280,4530214,0,0,B,98600,100,4077997,4530213,
000007.SZ,000007,20251209,93511390,4552223,C,0, ,0,100,0,4530213,
000007.SZ,000007,20251209,93513280,4571416,0,0,B,98700,500,4530645,4571415,
000007.SZ,000007,20251209,93513280,4571417,0,0,B,98700,800,4530661,4571415,
000007.SZ,000007,20251209,93513290,4571548,0,0,S,98600,100,4571547,4530270,
000007.SZ,000007,20251209,93513290,4571549,0,0,S,98600,100,4571547,4530515,
000007.SZ,000007,20251209,93515190,4592110,0,0,S,98600,400,4592109,4530515,
000007.SZ,000007,20251209,93515190,4592111,0,0,S,98600,600,4592109,4530518,
000007.SZ,000007,20251209,93515970,4601854,0,0,B,98700,600,4530661,4601853,
000007.SZ,000007,20251209,93516220,4604244,0,0,B,98700,100,4530661,4604243,
000007.SZ,000007,20251209,93517650,4617357,C,0, ,0,100,0,4271308,
000007.SZ,000007,20251209,93517980,4619677,C,0, ,0,3100,4282933,0,
000007.SZ,000007,20251209,93519210,4631326,0,0,B,98700,200,4530661,4631325,
000007.SZ,000007,20251209,93520190,4639731,C,0, ,0,9300,0,4295774,
000007.SZ,000007,20251209,93523780,4668310,0,0,S,98600,3200,4668309,4530518,
000007.SZ,000007,20251209,93523780,4668311,0,0,S,98600,2200,4668309,4530529,
000007.SZ,000007,20251209,93525250,4679309,0,0,B,98600,500,4668309,4679308,
000007.SZ,000007,20251209,93526330,4688044,0,0,B,98600,1000,4668309,4688043,
000007.SZ,000007,20251209,93528240,4702495,0,0,B,98600,100,4668309,4702494,
000007.SZ,000007,20251209,93528310,4703090,0,0,B,98600,100,4668309,4703089,
000007.SZ,000007,20251209,93528470,4704567,0,0,B,98600,100,4668309,4704566,
000007.SZ,000007,20251209,93528550,4705113,0,0,B,98600,1900,4668309,4705112,
000007.SZ,000007,20251209,93528590,4705422,0,0,B,98600,2100,4668309,4705421,
000007.SZ,000007,20251209,93528940,4707835,0,0,B,98600,100,4668309,4707834,
000007.SZ,000007,20251209,93530030,4715796,0,0,B,98600,3200,4668309,4715795,
000007.SZ,000007,20251209,93530030,4715797,0,0,B,98700,200,4530661,4715795,
000007.SZ,000007,20251209,93530030,4715798,0,0,B,98700,1200,4530674,4715795,
000007.SZ,000007,20251209,93530030,4715799,0,0,B,98700,100,4592012,4715795,
000007.SZ,000007,20251209,93530030,4715800,0,0,B,98800,100,3847337,4715795,
000007.SZ,000007,20251209,93530030,4715801,0,0,B,98800,100,4411285,4715795,
000007.SZ,000007,20251209,93530030,4715828,0,0,S,98800,4400,4715827,4715795,
000007.SZ,000007,20251209,93531290,4726771,0,0,B,98700,100,4718238,4726770,
000007.SZ,000007,20251209,93531290,4726772,0,0,B,98800,1200,4715829,4726770,
000007.SZ,000007,20251209,93531640,4729629,C,0, ,0,900,4715829,0,
000007.SZ,000007,20251209,93532070,4732964,C,0, ,0,2100,4715861,0,
000007.SZ,000007,20251209,93534280,4751366,0,0,B,98800,100,4715840,4751365,
000007.SZ,000007,20251209,93536060,4765771,0,0,B,98800,100,4715840,4765770,
000007.SZ,000007,20251209,93536250,4767711,0,0,B,98800,100,4715840,4767710,
000007.SZ,000007,20251209,93538210,4784088,0,0,B,98800,100,4716075,4784087,
000007.SZ,000007,20251209,93538210,4784089,0,0,B,98800,700,4716077,4784087,
000007.SZ,000007,20251209,93538210,4784090,0,0,B,98800,500,4716084,4784087,
000007.SZ,000007,20251209,93539240,4792336,C,0, ,0,1300,0,4474764,
000007.SZ,000007,20251209,93539930,4799740,0,0,B,98800,500,4716121,4799739,
000007.SZ,000007,20251209,93539930,4799741,0,0,B,98800,900,4716133,4799739,
000007.SZ,000007,20251209,93539930,4799742,0,0,B,98800,900,4716146,4799739,
000007.SZ,000007,20251209,93539930,4799743,0,0,B,98800,900,4717218,4799739,
000007.SZ,000007,20251209,93539930,4799744,0,0,B,98800,200,4787124,4799739,
000007.SZ,000007,20251209,93539930,4799745,0,0,B,98800,100,4793328,4799739,
000007.SZ,000007,20251209,93540230,4802889,0,0,B,98900,200,3477739,4802888,
000007.SZ,000007,20251209,93540960,4809728,C,0, ,0,600,0,4777792,
000007.SZ,000007,20251209,93541280,4812535,0,0,S,98800,1000,4812534,4799739,
000007.SZ,000007,20251209,93542220,4820952,C,0, ,0,1200,0,4393115,
000007.SZ,000007,20251209,93542230,4821202,C,0, ,0,200,3477739,0,
000007.SZ,000007,20251209,93543060,4828999,0,0,S,98800,500,4828998,4799739,
000007.SZ,000007,20251209,93543110,4829441,0,0,S,98800,6100,4829440,4799739,
000007.SZ,000007,20251209,93543220,4830792,0,0,B,98900,400,4820218,4830791,
000007.SZ,000007,20251209,93546270,4860000,0,0,B,98900,600,4820218,4859999,
000007.SZ,000007,20251209,93546360,4861242,0,0,B,98900,1300,4820218,4861241,
000007.SZ,000007,20251209,93549180,4886981,0,0,B,98900,200,4820218,4886980,
000007.SZ,000007,20251209,93551250,4907651,0,0,S,98800,200,4907650,4855801,
000007.SZ,000007,20251209,93551330,4908397,0,0,S,98800,2600,4908396,4855801,
000007.SZ,000007,20251209,93551390,4908912,0,0,S,98700,100,4908911,4737550,
000007.SZ,000007,20251209,93551390,4908913,0,0,S,98700,100,4908911,4784949,
000007.SZ,000007,20251209,93551390,4908914,0,0,S,98700,100,4908911,4785834,
000007.SZ,000007,20251209,93551390,4908915,0,0,S,98700,100,4908911,4786170,
000007.SZ,000007,20251209,93551390,4908916,0,0,S,98700,100,4908911,4829543,
000007.SZ,000007,20251209,93551390,4908917,0,0,S,98700,300,4908911,4829544,
000007.SZ,000007,20251209,93551390,4908918,0,0,S,98700,100,4908911,4829556,
000007.SZ,000007,20251209,93551390,4908919,0,0,S,98700,100,4908911,4829557,
000007.SZ,000007,20251209,93551390,4908920,0,0,S,98700,300,4908911,4829561,
000007.SZ,000007,20251209,93551390,4908921,0,0,S,98700,100,4908911,4829566,
000007.SZ,000007,20251209,93551390,4908922,0,0,S,98700,100,4908911,4829567,
000007.SZ,000007,20251209,93551390,4908923,0,0,S,98700,200,4908911,4829575,
000007.SZ,000007,20251209,93552200,4915751,0,0,S,98700,100,4915750,4829575,
000007.SZ,000007,20251209,93552200,4915752,0,0,S,98700,100,4915750,4829805,
000007.SZ,000007,20251209,93552200,4915753,0,0,S,98700,100,4915750,4829811,
