万得代码,交易所代码,自然日,时间,委托编号,交易所委托号,委托类型,委托代码,委托价格,委托数量,
600025.SH,600025,20251209,91400580,0,0,S,I,0,0,
600025.SH,600025,20251209,91500230,0,844,A,S,95000,2000,
600025.SH,600025,20251209,91500230,0,986,A,S,95500,3000,
600025.SH,600025,20251209,91500280,0,1372,A,B,93500,200,
600025.SH,600025,20251209,91500300,0,1563,A,B,93300,5000,
600025.SH,600025,20251209,91500380,0,2249,A,B,93700,5000,
600025.SH,600025,20251209,91500380,0,2287,A,B,93300,500,
600025.SH,600025,20251209,91500490,0,2922,A,B,92500,5000,
600025.SH,600025,20251209,91501220,0,3383,A,B,91700,100,
600025.SH,600025,20251209,91501220,0,3412,A,B,92900,5000,
600025.SH,600025,20251209,91501250,0,3554,A,S,95000,5000,
600025.SH,600025,20251209,91501250,0,3620,A,S,95000,1500,
600025.SH,600025,20251209,91501250,0,3631,A,S,95500,7500,
600025.SH,600025,20251209,91501250,0,3640,A,S,95500,2000,
600025.SH,600025,20251209,91501420,0,3945,A,B,93800,4000,
600025.SH,600025,20251209,91501460,0,4607,A,S,95000,500,
600025.SH,600025,20251209,91501620,0,4977,A,S,98600,100,
600025.SH,600025,20251209,91501640,0,4996,A,S,96000,500,
600025.SH,600025,20251209,91501640,0,5011,A,S,103500,100,
600025.SH,600025,20251209,91501640,0,5042,A,S,103500,3400,
600025.SH,600025,20251209,91501750,0,6146,A,B,93600,4000,
600025.SH,600025,20251209,91501750,0,6387,A,S,94300,4900,
600025.SH,600025,20251209,91501860,0,8593,A,B,93500,4000,
600025.SH,600025,20251209,91501860,0,8605,A,B,93400,3000,
600025.SH,600025,20251209,91501860,0,8606,A,S,94500,4000,
600025.SH,600025,20251209,91501860,0,8740,A,S,96300,2000,
600025.SH,600025,20251209,91501860,0,9207,A,B,92900,4000,
600025.SH,600025,20251209,91501860,0,9268,A,S,95700,4000,
600025.SH,600025,20251209,91501860,0,9410,A,S,96900,3000,
600025.SH,600025,20251209,91501860,0,9524,A,B,93100,2000,
600025.SH,600025,20251209,91501980,0,10120,A,S,103300,300,
600025.SH,600025,20251209,91501980,0,10858,A,S,99400,1000,
600025.SH,600025,20251209,91501980,0,11545,A,S,96000,4900,
600025.SH,600025,20251209,91502100,0,11773,A,S,103500,2500,
600025.SH,600025,20251209,91502400,0,13185,A,B,93800,5000,
600025.SH,600025,20251209,91502400,0,13196,A,S,95000,1000,
600025.SH,600025,20251209,91502400,0,13206,A,B,93600,5000,
600025.SH,600025,20251209,91502440,0,13290,A,S,102000,48300,
600025.SH,600025,20251209,91502440,0,13356,A,B,92100,200,
600025.SH,600025,20251209,91502440,0,13370,A,S,99000,300,
600025.SH,600025,20251209,91502440,0,13483,A,B,93000,100,
600025.SH,600025,20251209,91502440,0,13695,A,S,96000,1000,
600025.SH,600025,20251209,91502440,0,13707,A,B,93200,1000,
600025.SH,600025,20251209,91502440,0,13746,A,B,93500,500,
600025.SH,600025,20251209,91502480,0,14205,A,S,97000,10000,
600025.SH,600025,20251209,91502480,0,14626,A,B,93200,100,
600025.SH,600025,20251209,91502560,0,15256,A,S,97600,400,
600025.SH,600025,20251209,91502560,0,15257,A,B,92200,400,
600025.SH,600025,20251209,91502560,0,15393,A,S,103300,50000,
600025.SH,600025,20251209,91502560,0,16357,A,B,90200,2500,
600025.SH,600025,20251209,91502560,0,16395,A,S,103500,100,
600025.SH,600025,20251209,91502560,0,16704,A,S,95600,8800,
600025.SH,600025,20251209,91502560,0,16715,A,S,102600,5000,
600025.SH,600025,20251209,91502560,0,16716,A,S,103100,5000,
600025.SH,600025,20251209,91502680,0,17543,A,S,103400,1000,
600025.SH,600025,20251209,91502680,0,18359,A,S,96200,500,
600025.SH,600025,20251209,91502830,0,19123,A,B,93600,200,
600025.SH,600025,20251209,91502830,0,19147,A,B,93500,300,
600025.SH,600025,20251209,91502830,0,19169,A,B,93300,800,
600025.SH,600025,20251209,91502830,0,19190,A,B,93700,200,
600025.SH,600025,20251209,91502830,0,19665,A,S,98000,1000,
600025.SH,600025,20251209,91502830,0,19872,A,S,95100,6000,
600025.SH,600025,20251209,91502830,0,20075,A,B,93800,1400,
600025.SH,600025,20251209,91502830,0,20090,A,B,93500,1400,
600025.SH,600025,20251209,91502830,0,20102,A,S,102200,3000,
600025.SH,600025,20251209,91502830,0,20107,A,B,93200,1400,
600025.SH,600025,20251209,91502830,0,20664,A,B,93100,100,
600025.SH,600025,20251209,91502830,0,20951,A,B,90900,200,
600025.SH,600025,20251209,91502960,0,21179,A,S,95700,5000,
600025.SH,600025,20251209,91502960,0,21777,A,B,92600,600,
600025.SH,600025,20251209,91502960,0,21792,A,S,94600,30000,
600025.SH,600025,20251209,91502960,0,21804,A,S,95100,12500,
600025.SH,600025,20251209,91502960,0,21805,A,S,95600,12500,
600025.SH,600025,20251209,91502960,0,21806,A,S,96100,12500,
600025.SH,600025,20251209,91502960,0,21831,A,S,96600,10000,
600025.SH,600025,20251209,91502960,0,21841,A,S,97100,10000,
600025.SH,600025,20251209,91502960,0,21851,A,S,97600,7500,
600025.SH,600025,20251209,91502960,0,21852,A,S,98100,7500,
600025.SH,600025,20251209,91502960,0,21854,A,S,98100,10000,
600025.SH,600025,20251209,91502960,0,22044,A,S,103500,100,
600025.SH,600025,20251209,91502960,0,22478,A,B,93300,200,
600025.SH,600025,20251209,91502960,0,22807,A,B,92700,1000,
600025.SH,600025,20251209,91503100,0,23137,A,B,94100,1000,
600025.SH,600025,20251209,91503100,0,23204,A,B,93100,5200,
600025.SH,600025,20251209,91503100,0,23231,A,B,93000,2000,
600025.SH,600025,20251209,91503100,0,24119,A,B,93000,200,
600025.SH,600025,20251209,91503100,0,24126,A,B,91000,200,
600025.SH,600025,20251209,91503100,0,24321,A,B,93100,5000,
600025.SH,600025,20251209,91503100,0,24937,A,S,94900,10000,
600025.SH,600025,20251209,91503100,0,24945,A,S,95400,10000,
600025.SH,600025,20251209,91503100,0,24949,A,B,93600,10000,
600025.SH,600025,20251209,91503230,0,25006,A,S,95000,1000,
600025.SH,600025,20251209,91503230,0,25352,A,B,93300,700,
600025.SH,600025,20251209,91503230,0,26079,A,S,95500,100,
600025.SH,600025,20251209,91503230,0,26321,A,S,99400,200,
600025.SH,600025,20251209,91503350,0,28673,A,B,93600,3000,
600025.SH,600025,20251209,91503480,0,29083,A,S,96400,1100,
600025.SH,600025,20251209,91503480,0,30086,A,B,94000,200,
600025.SH,600025,20251209,91503480,0,30500,A,B,93200,400,
600025.SH,600025,20251209,91503480,0,30739,A,S,94300,500,
600025.SH,600025,20251209,91503480,0,30769,A,S,95800,500,
600025.SH,600025,20251209,91503610,0,31140,A,B,93600,100,
600025.SH,600025,20251209,91503610,0,31382,A,B,93000,200,
600025.SH,600025,20251209,91503610,0,32576,A,S,102000,58500,
600025.SH,600025,20251209,91503610,0,32741,A,B,84700,2000,
600025.SH,600025,20251209,91503750,0,32933,A,S,103400,1100,
600025.SH,600025,20251209,91503750,0,33071,A,S,95100,1600,
600025.SH,600025,20251209,91503750,0,33162,A,B,93400,2100,
600025.SH,600025,20251209,91503870,0,36216,A,B,93000,1000,
600025.SH,600025,20251209,91503870,0,36827,A,B,92100,1100,
600025.SH,600025,20251209,91504050,0,37392,A,B,90000,1000,
600025.SH,600025,20251209,91504050,0,38645,A,S,94900,5000,
600025.SH,600025,20251209,91504050,0,38650,A,S,95000,5000,
600025.SH,600025,20251209,91504050,0,38669,A,S,95100,5000,
600025.SH,600025,20251209,91504050,0,38681,A,S,95200,5000,
600025.SH,600025,20251209,91504050,0,38717,A,S,95300,5000,
600025.SH,600025,20251209,91504050,0,38733,A,S,95400,5000,
600025.SH,600025,20251209,91504050,0,38747,A,S,95500,5000,
600025.SH,600025,20251209,91504050,0,38764,A,S,95600,5000,
600025.SH,600025,20251209,91504050,0,38803,A,S,95700,10000,
600025.SH,600025,20251209,91504050,0,38826,A,S,95800,10000,
600025.SH,600025,20251209,91504050,0,38843,A,S,95900,10000,
600025.SH,600025,20251209,91504050,0,38861,A,S,96000,10000,
600025.SH,600025,20251209,91504050,0,38902,A,S,96100,10000,
600025.SH,600025,20251209,91504050,0,38920,A,S,96200,10000,
600025.SH,600025,20251209,91504050,0,38939,A,S,96300,10000,
600025.SH,600025,20251209,91504050,0,38954,A,S,96400,10000,
600025.SH,600025,20251209,91504050,0,38989,A,S,96500,10000,
600025.SH,600025,20251209,91504050,0,39011,A,S,96600,10000,
600025.SH,600025,20251209,91504180,0,39028,A,S,96700,10000,
600025.SH,600025,20251209,91504180,0,39045,A,S,96800,10000,
600025.SH,600025,20251209,91504180,0,39046,A,S,96900,10000,
600025.SH,600025,20251209,91504180,0,39074,A,S,97000,10000,
600025.SH,600025,20251209,91504180,0,39090,A,S,97100,10000,
600025.SH,600025,20251209,91504180,0,39103,A,S,97200,10000,
600025.SH,600025,20251209,91504180,0,39126,A,S,97300,10000,
600025.SH,600025,20251209,91504180,0,39160,A,S,97400,10000,
600025.SH,600025,20251209,91504180,0,39181,A,S,97500,10000,
600025.SH,600025,20251209,91504180,0,39197,A,S,97600,10000,
600025.SH,600025,20251209,91504180,0,39253,A,B,93900,10000,
600025.SH,600025,20251209,91504180,0,39274,A,B,93800,10000,
600025.SH,600025,20251209,91504180,0,39292,A,B,93700,10000,
600025.SH,600025,20251209,91504180,0,39293,A,B,93600,10000,
600025.SH,600025,20251209,91504180,0,39317,A,B,93500,10000,
600025.SH,600025,20251209,91504180,0,39333,A,B,93400,10000,
600025.SH,600025,20251209,91504180,0,39351,A,B,93300,10000,
600025.SH,600025,20251209,91504180,0,39372,A,B,93200,10000,
600025.SH,600025,20251209,91504180,0,39393,A,B,93100,10000,
600025.SH,600025,20251209,91504180,0,39408,A,B,93000,10000,
600025.SH,600025,20251209,91504180,0,39424,A,B,92900,10000,
600025.SH,600025,20251209,91504180,0,39440,A,B,92800,10000,
600025.SH,600025,20251209,91504180,0,39453,A,B,92700,10000,
600025.SH,600025,20251209,91504180,0,39470,A,B,92600,10000,
600025.SH,600025,20251209,91504180,0,39501,A,B,92500,10000,
600025.SH,600025,20251209,91504180,0,39517,A,S,96000,100,
600025.SH,600025,20251209,91504180,0,39537,A,B,92400,10000,
600025.SH,600025,20251209,91504180,0,39560,A,B,93500,5000,
600025.SH,600025,20251209,91504180,0,39566,A,B,92300,10000,
600025.SH,600025,20251209,91504180,0,39594,A,B,92200,10000,
600025.SH,600025,20251209,91504180,0,39605,A,B,92100,10000,
600025.SH,600025,20251209,91504180,0,39616,A,B,92000,10000,
600025.SH,600025,20251209,91504180,0,39638,A,B,93100,25000,
600025.SH,600025,20251209,91504180,0,39639,A,B,91200,20000,
600025.SH,600025,20251209,91504180,0,39658,A,S,95600,2800,
600025.SH,600025,20251209,91504180,0,39783,A,B,93900,300,
600025.SH,600025,20251209,91504180,0,40812,A,S,95200,400,
600025.SH,600025,20251209,91504350,0,42360,A,B,94000,1000,
600025.SH,600025,20251209,91504350,0,42536,A,S,95800,1000,
600025.SH,600025,20251209,91504350,0,42939,A,S,102000,500,
600025.SH,600025,20251209,91504480,0,43121,A,S,103500,5000,
600025.SH,600025,20251209,91504480,0,43134,A,S,97300,5000,
600025.SH,600025,20251209,91504480,0,44222,A,B,90000,200,
600025.SH,600025,20251209,91504480,0,44926,A,B,90000,1000,
600025.SH,600025,20251209,91504690,0,45098,A,S,97500,5000,
600025.SH,600025,20251209,91504690,0,45422,A,S,96600,1000,
600025.SH,600025,20251209,91504830,0,47242,A,S,98800,1000,
600025.SH,600025,20251209,91504830,0,47253,A,B,90000,1000,
600025.SH,600025,20251209,91504830,0,48108,A,B,92800,5000,
600025.SH,600025,20251209,91504830,0,48590,A,S,95000,7500,
600025.SH,600025,20251209,91504830,0,48677,A,B,93100,1000,
600025.SH,600025,20251209,91504830,0,48705,A,B,93500,1000,
600025.SH,600025,20251209,91504830,0,48731,A,B,93300,1000,
600025.SH,600025,20251209,91504970,0,49207,A,S,94800,3000,
600025.SH,600025,20251209,91504970,0,49378,A,B,89900,1100,
600025.SH,600025,20251209,91504970,0,49739,A,B,92500,100,
600025.SH,600025,20251209,91504970,0,49846,A,S,89400,100,
600025.SH,600025,20251209,91504970,0,50007,A,B,92100,200,
600025.SH,600025,20251209,91504970,0,50115,A,S,97100,200,
600025.SH,600025,20251209,91504970,0,50152,A,S,97500,2500,
600025.SH,600025,20251209,91504970,0,50428,A,S,94700,10000,
600025.SH,600025,20251209,91504970,0,50679,A,S,96000,2000,
600025.SH,600025,20251209,91504970,0,50746,A,B,93000,2000,
600025.SH,600025,20251209,91505110,0,50966,A,S,102700,100,
600025.SH,600025,20251209,91505110,0,51510,A,B,92000,1000,
600025.SH,600025,20251209,91505160,0,51620,A,B,93200,500,
600025.SH,600025,20251209,91505160,0,51721,A,B,93500,5300,
600025.SH,600025,20251209,91505160,0,51911,A,S,96500,1200,
600025.SH,600025,20251209,91505160,0,51917,A,S,95800,1000,
600025.SH,600025,20251209,91505160,0,51925,A,S,95200,500,
600025.SH,600025,20251209,91505160,0,51930,A,S,96100,1000,
600025.SH,600025,20251209,91505160,0,51946,A,S,96400,1000,
600025.SH,600025,20251209,91505160,0,51962,A,S,97000,2000,
600025.SH,600025,20251209,91505160,0,52008,A,S,97900,3000,
600025.SH,600025,20251209,91505160,0,52017,A,S,98200,2000,
600025.SH,600025,20251209,91505160,0,52033,A,S,98500,3000,
600025.SH,600025,20251209,91505160,0,53251,A,B,93800,10000,
600025.SH,600025,20251209,91505300,0,53554,A,S,97000,100,
600025.SH,600025,20251209,91505300,0,53814,A,S,95000,500,
600025.SH,600025,20251209,91505300,0,53987,A,S,95200,1000,
600025.SH,600025,20251209,91505300,0,53988,A,B,93100,2000,
600025.SH,600025,20251209,91505300,0,54172,A,B,93600,2000,
600025.SH,600025,20251209,91505300,0,54188,A,B,93500,2000,
600025.SH,600025,20251209,91505300,0,54208,A,B,93400,4000,
600025.SH,600025,20251209,91505300,0,54466,A,S,103500,6000,
600025.SH,600025,20251209,91505300,0,54684,A,B,93100,2000,
600025.SH,600025,20251209,91505300,0,54992,A,S,95000,4000,
600025.SH,600025,20251209,91505300,0,55014,A,S,95200,4000,
600025.SH,600025,20251209,91505440,0,56842,A,S,94500,3500,
600025.SH,600025,20251209,91505440,0,57007,A,S,95800,1000,
600025.SH,600025,20251209,91505440,0,57197,A,B,93500,2900,
600025.SH,600025,20251209,91505440,0,57224,A,S,103400,500,
600025.SH,600025,20251209,91505570,0,58005,A,B,92500,10000,
600025.SH,600025,20251209,91505570,0,58411,A,B,92200,200,
600025.SH,600025,20251209,91505570,0,58629,A,S,95500,3900,
600025.SH,600025,20251209,91505570,0,58911,A,B,93000,10000,
600025.SH,600025,20251209,91505570,0,59059,A,S,95400,1000,
600025.SH,600025,20251209,91505570,0,59148,A,B,94000,100,
600025.SH,600025,20251209,91505720,0,60330,A,S,94700,100,
600025.SH,600025,20251209,91505860,0,63048,A,B,92500,100,
600025.SH,600025,20251209,91505860,0,63073,A,B,90500,2000,
600025.SH,600025,20251209,91505860,0,63198,A,S,97100,600,
600025.SH,600025,20251209,91505860,0,63223,A,B,93900,300,
600025.SH,600025,20251209,91505860,0,63369,A,B,93800,600,
600025.SH,600025,20251209,91506000,0,63515,A,B,93900,4000,
600025.SH,600025,20251209,91506000,0,63767,A,S,101600,200,
600025.SH,600025,20251209,91506000,0,63939,A,S,96000,2000,
600025.SH,600025,20251209,91506000,0,64285,A,B,93700,4000,
600025.SH,600025,20251209,91506000,0,64298,A,S,94400,4000,
600025.SH,600025,20251209,91506000,0,64299,A,S,94600,3000,
600025.SH,600025,20251209,91506000,0,64503,A,S,98000,3000,
600025.SH,600025,20251209,91506000,0,64547,A,S,99900,200,
600025.SH,600025,20251209,91506170,0,65720,A,S,94600,2000,
600025.SH,600025,20251209,91506170,0,66047,A,B,93400,300,
600025.SH,600025,20251209,91506170,0,67263,A,S,103500,2000,
600025.SH,600025,20251209,91506320,0,67511,A,B,93300,3300,
600025.SH,600025,20251209,91506320,0,67762,A,S,101800,900,
600025.SH,600025,20251209,91506320,0,67810,A,B,85800,1000,
600025.SH,600025,20251209,91506320,0,68295,A,S,103000,1000,
600025.SH,600025,20251209,91506320,0,68446,A,S,96500,500,
600025.SH,600025,20251209,91506470,0,69726,A,B,93100,100,
600025.SH,600025,20251209,91506470,0,70091,A,S,96000,2000,
600025.SH,600025,20251209,91506470,0,70255,A,B,92100,3200,
600025.SH,600025,20251209,91506620,0,71655,A,S,94700,1000,
600025.SH,600025,20251209,91506620,0,71656,A,S,95000,1000,
600025.SH,600025,20251209,91506620,0,71783,A,S,95500,1400,
600025.SH,600025,20251209,91506620,0,71819,A,S,97000,1400,
600025.SH,600025,20251209,91506620,0,71820,A,S,98000,1400,
600025.SH,600025,20251209,91506620,0,71825,A,B,92500,1100,
600025.SH,600025,20251209,91506620,0,71832,A,B,92800,1400,
600025.SH,600025,20251209,91506620,0,71947,A,S,100000,1400,
600025.SH,600025,20251209,91506620,0,72013,A,S,95300,1000,
600025.SH,600025,20251209,91506620,0,72240,A,B,93100,1000,
600025.SH,600025,20251209,91506620,0,72500,A,S,103500,1000,
600025.SH,600025,20251209,91506620,0,72721,A,S,95100,4000,
600025.SH,600025,20251209,91506620,0,72946,A,S,99600,300,
600025.SH,600025,20251209,91506620,0,72947,A,B,93600,200,
600025.SH,600025,20251209,91506770,0,74040,A,B,93400,100,
600025.SH,600025,20251209,91506770,0,74464,A,B,92800,300,
600025.SH,600025,20251209,91506770,0,74638,A,B,90000,1000,
600025.SH,600025,20251209,91506770,0,74644,A,S,100000,2000,
600025.SH,600025,20251209,91506770,0,74916,A,S,99500,500,
600025.SH,600025,20251209,91506770,0,74919,A,S,103500,500,
600025.SH,600025,20251209,91506770,0,74923,A,B,92000,500,
600025.SH,600025,20251209,91507090,0,77776,A,S,95800,3300,
600025.SH,600025,20251209,91507090,0,77795,A,S,94900,2400,
600025.SH,600025,20251209,91507090,0,78918,A,B,93300,500,
600025.SH,600025,20251209,91507090,0,79174,A,B,94000,100,
600025.SH,600025,20251209,91507090,0,79234,A,B,87300,1000,
600025.SH,600025,20251209,91507250,0,79271,A,S,98500,1600,
600025.SH,600025,20251209,91507250,0,79467,A,B,93300,200,
600025.SH,600025,20251209,91507250,0,79588,A,B,93500,200,
600025.SH,600025,20251209,91507250,0,79911,A,S,94000,1100,
600025.SH,600025,20251209,91507250,0,79919,A,B,94100,100,
600025.SH,600025,20251209,91507250,0,80665,A,S,101500,200,
600025.SH,600025,20251209,91507250,0,80666,A,S,103000,300,
600025.SH,600025,20251209,91507390,0,81773,A,B,93700,3000,
600025.SH,600025,20251209,91507390,0,82311,A,B,93300,1100,
600025.SH,600025,20251209,91507590,0,84096,A,S,95500,7500,
600025.SH,600025,20251209,91507590,0,84121,A,S,95900,7500,
600025.SH,600025,20251209,91507590,0,84142,A,S,96500,7500,
600025.SH,600025,20251209,91507590,0,84193,A,S,96900,7700,
600025.SH,600025,20251209,91507590,0,84624,A,B,93600,300,
600025.SH,600025,20251209,91507590,0,84875,A,B,94100,200,
600025.SH,600025,20251209,91507590,0,85205,A,S,94900,1000,
600025.SH,600025,20251209,91507590,0,85225,A,S,95200,1000,
600025.SH,600025,20251209,91507590,0,85241,A,S,95500,1000,
600025.SH,600025,20251209,91507590,0,85270,A,S,96700,1000,
600025.SH,600025,20251209,91507590,0,85286,A,S,97300,1000,
600025.SH,600025,20251209,91507590,0,85302,A,S,97600,2000,
600025.SH,600025,20251209,91507730,0,85839,A,S,103500,1000,
600025.SH,600025,20251209,91507730,0,85863,A,S,98800,1000,
600025.SH,600025,20251209,91507730,0,86246,A,S,94700,1200,
600025.SH,600025,20251209,91507730,0,86923,A,B,91800,900,
600025.SH,600025,20251209,91507730,0,87057,A,B,93200,5500,
600025.SH,600025,20251209,91507730,0,87069,A,S,96500,1800,
600025.SH,600025,20251209,91507730,0,87132,A,S,102000,39700,
600025.SH,600025,20251209,91507860,0,87867,A,S,96100,5000,
600025.SH,600025,20251209,91507860,0,88103,A,B,93600,500,
600025.SH,600025,20251209,91507860,0,88624,A,S,98200,1000,
600025.SH,600025,20251209,91507860,0,88987,A,B,93600,1000,
600025.SH,600025,20251209,91507860,0,89002,A,B,93600,1000,
600025.SH,600025,20251209,91508020,0,89470,A,S,96500,100,
600025.SH,600025,20251209,91508020,0,89471,A,S,99500,100,
600025.SH,600025,20251209,91508020,0,90399,A,B,90800,100,
600025.SH,600025,20251209,91508020,0,90417,A,B,92500,300,
600025.SH,600025,20251209,91508020,0,90488,A,B,90100,100,
600025.SH,600025,20251209,91508020,0,90930,A,B,93000,300,
600025.SH,600025,20251209,91508020,0,90959,A,B,93500,4000,
600025.SH,600025,20251209,91508020,0,91025,A,S,97000,50000,
600025.SH,600025,20251209,91508020,0,91358,A,B,93800,1000,
600025.SH,600025,20251209,91508180,0,91753,A,B,93000,100,
600025.SH,600025,20251209,91508180,0,92651,A,S,96400,500,
600025.SH,600025,20251209,91508180,0,92829,A,S,96600,6200,
600025.SH,600025,20251209,91508340,0,94218,A,B,93100,1500,
600025.SH,600025,20251209,91508340,0,94499,A,S,103300,100,
600025.SH,600025,20251209,91508480,0,95887,A,S,96000,1000,
600025.SH,600025,20251209,91508480,0,96637,A,B,92900,1000,
600025.SH,600025,20251209,91508480,0,96762,A,S,103300,100,
600025.SH,600025,20251209,91508630,0,97585,A,S,96000,8000,
600025.SH,600025,20251209,91508630,0,98449,A,B,90400,1200,
600025.SH,600025,20251209,91508630,0,99091,A,S,103500,200,
600025.SH,600025,20251209,91508630,0,99148,A,S,94000,5200,
600025.SH,600025,20251209,91508780,0,99851,A,S,96800,4900,
600025.SH,600025,20251209,91508780,0,100051,A,S,99000,400,
600025.SH,600025,20251209,91508780,0,100208,A,B,94100,600,
600025.SH,600025,20251209,91508780,0,100364,A,B,93800,1000,
600025.SH,600025,20251209,91508780,0,100368,A,B,93100,1000,
600025.SH,600025,20251209,91508980,0,101689,A,S,95100,2500,
600025.SH,600025,20251209,91508980,0,101799,A,B,93000,800,
600025.SH,600025,20251209,91508980,0,101884,A,B,94100,300,
600025.SH,600025,20251209,91508980,0,102220,A,S,95900,6000,
600025.SH,600025,20251209,91508980,0,102447,A,B,93000,1100,
600025.SH,600025,20251209,91508980,0,102751,A,S,95300,500,
600025.SH,600025,20251209,91508980,0,103208,A,B,92800,500,
600025.SH,600025,20251209,91509140,0,103547,A,B,93000,500,
600025.SH,600025,20251209,91509140,0,103616,A,B,93500,500,
600025.SH,600025,20251209,91509140,0,103616,D,B,93500,500,
600025.SH,600025,20251209,91509140,0,103617,A,B,93400,300,
600025.SH,600025,20251209,91509140,0,103547,D,B,93000,500,
600025.SH,600025,20251209,91509140,0,103618,A,B,93000,1000,
600025.SH,600025,20251209,91509140,0,103617,D,B,93400,300,
600025.SH,600025,20251209,91509140,0,103619,A,B,93200,300,
600025.SH,600025,20251209,91509140,0,103982,A,B,93500,2000,
600025.SH,600025,20251209,91509140,0,104478,A,S,97500,2000,
600025.SH,600025,20251209,91509140,0,104479,A,S,98500,2000,
600025.SH,600025,20251209,91509140,0,104675,A,B,94000,1100,
600025.SH,600025,20251209,91509310,0,105462,A,B,93000,2000,
600025.SH,600025,20251209,91509310,0,105670,A,B,93000,2200,
600025.SH,600025,20251209,91509310,0,105672,A,B,92000,4400,
600025.SH,600025,20251209,91509310,0,106842,A,S,98700,1900,
600025.SH,600025,20251209,91509450,0,108365,A,S,96000,5000,
600025.SH,600025,20251209,91509450,0,108445,A,B,93500,1100,
600025.SH,600025,20251209,91509450,0,108702,A,S,103500,2200,
600025.SH,600025,20251209,91509450,0,108777,A,S,95300,3000,
600025.SH,600025,20251209,91509620,0,109897,A,B,90000,100,
600025.SH,600025,20251209,91509620,0,110112,A,B,93900,1000,
600025.SH,600025,20251209,91509620,0,110113,A,B,93400,1000,
600025.SH,600025,20251209,91509620,0,110114,A,B,93000,1000,
600025.SH,600025,20251209,91509620,0,110115,A,B,92800,1000,
600025.SH,600025,20251209,91509620,0,110340,A,S,95000,1000,
600025.SH,600025,20251209,91509620,0,110401,A,S,96000,1000,
600025.SH,600025,20251209,91509620,0,111309,A,S,103500,400,
600025.SH,600025,20251209,91509760,0,111606,A,B,93500,1000,
600025.SH,600025,20251209,91509760,0,112292,A,B,94100,5000,
600025.SH,600025,20251209,91509760,0,112400,A,B,93600,100,
600025.SH,600025,20251209,91509760,0,112407,A,B,93100,100,
600025.SH,600025,20251209,91509760,0,112408,A,S,95900,100,
600025.SH,600025,20251209,91509760,0,112430,A,S,102500,200,
600025.SH,600025,20251209,91509900,0,113321,A,S,95500,13000,
600025.SH,600025,20251209,91509900,0,113643,A,S,96100,3900,
600025.SH,600025,20251209,91509900,0,114626,A,S,96000,1000,
600025.SH,600025,20251209,91509900,0,114628,A,B,92500,10000,
600025.SH,600025,20251209,91509900,0,114629,A,S,96500,2000,
600025.SH,600025,20251209,91509900,0,114667,A,B,92300,1000,
600025.SH,600025,20251209,91509900,0,115114,A,B,92500,200,
600025.SH,600025,20251209,91510070,0,115395,A,S,98900,1000,
600025.SH,600025,20251209,91510070,0,115647,A,S,96700,1000,
600025.SH,600025,20251209,91510070,0,115973,A,S,102100,3000,
600025.SH,600025,20251209,91510070,0,116071,A,B,90100,100,
600025.SH,600025,20251209,91510070,0,116072,A,B,84700,200,
600025.SH,600025,20251209,91510070,0,116196,A,B,94100,1000,
600025.SH,600025,20251209,91510070,0,116415,A,S,95500,5000,
600025.SH,600025,20251209,91510070,0,116885,A,B,92100,1000,
600025.SH,600025,20251209,91510070,0,116886,A,B,92100,2000,
600025.SH,600025,20251209,91510070,0,116887,A,S,97000,4000,
600025.SH,600025,20251209,91510070,0,116897,A,S,100000,2000,
600025.SH,600025,20251209,91510210,0,117180,A,B,93100,100,
600025.SH,600025,20251209,91510210,0,118016,A,S,99000,1000,
600025.SH,600025,20251209,91510210,0,118303,A,B,93600,700,
600025.SH,600025,20251209,91510210,0,118775,A,S,94500,500,
600025.SH,600025,20251209,91510210,0,118922,A,B,93500,500,
600025.SH,600025,20251209,91510210,0,118923,A,B,93900,5000,
600025.SH,600025,20251209,91510210,0,118925,A,B,93000,500,
600025.SH,600025,20251209,91510360,0,119237,A,S,96900,100,
600025.SH,600025,20251209,91510360,0,119252,A,B,93500,5100,
600025.SH,600025,20251209,91510360,0,119336,A,S,96100,200,
600025.SH,600025,20251209,91510360,0,119492,A,S,95200,100,
600025.SH,600025,20251209,91510360,0,119621,A,B,93100,200,
600025.SH,600025,20251209,91510360,0,119622,A,B,92100,300,
600025.SH,600025,20251209,91510360,0,119734,A,S,95400,1000,
600025.SH,600025,20251209,91510360,0,119735,A,S,95700,1000,
600025.SH,600025,20251209,91510360,0,119741,A,S,96000,1000,
600025.SH,600025,20251209,91510360,0,119867,A,S,96300,1000,
600025.SH,600025,20251209,91510360,0,120045,A,S,103500,1900,
600025.SH,600025,20251209,91510360,0,120110,A,S,95000,1000,
600025.SH,600025,20251209,91510360,0,120760,A,S,98500,100,
600025.SH,600025,20251209,91510360,0,120761,A,B,93000,300,
600025.SH,600025,20251209,91510360,0,120862,A,S,97800,3600,
600025.SH,600025,20251209,91510360,0,120863,A,S,97800,5000,
600025.SH,600025,20251209,91510520,0,120992,A,B,94000,2400,
600025.SH,600025,20251209,91510520,0,121333,A,S,95200,3200,
600025.SH,600025,20251209,91510520,0,121685,A,S,94600,4400,
600025.SH,600025,20251209,91510520,0,122224,A,B,92600,300,
600025.SH,600025,20251209,91510520,0,122300,A,B,92800,100,
600025.SH,600025,20251209,91510520,0,122484,A,B,94100,100,
600025.SH,600025,20251209,91510690,0,123092,A,S,101000,10000,
600025.SH,600025,20251209,91510690,0,123094,A,S,100000,10000,
600025.SH,600025,20251209,91510690,0,123113,A,S,95000,300,
600025.SH,600025,20251209,91510690,0,123762,A,B,92000,1100,
600025.SH,600025,20251209,91510690,0,124305,A,S,96900,2000,
600025.SH,600025,20251209,91510690,0,124591,A,S,103500,1500,
600025.SH,600025,20251209,91510850,0,125060,A,S,100000,100,
600025.SH,600025,20251209,91510850,0,125217,A,S,84700,1600,
600025.SH,600025,20251209,91510850,0,125415,A,B,84700,100,
600025.SH,600025,20251209,91510850,0,125509,A,B,93500,7000,
600025.SH,600025,20251209,91510850,0,125786,A,B,93700,500,
600025.SH,600025,20251209,91510850,0,126108,A,S,94500,2000,
600025.SH,600025,20251209,91510850,0,126109,A,S,94800,2000,
600025.SH,600025,20251209,91510850,0,126318,A,S,95200,1100,
600025.SH,600025,20251209,91510850,0,126789,A,S,94600,2000,
600025.SH,600025,20251209,91511010,0,127128,A,B,92000,500,
600025.SH,600025,20251209,91511010,0,127355,A,S,102900,200,
600025.SH,600025,20251209,91511010,0,127742,A,S,99700,1000,
600025.SH,600025,20251209,91511010,0,127743,A,S,100900,1000,
600025.SH,600025,20251209,91511010,0,127928,A,B,93400,300,
600025.SH,600025,20251209,91511010,0,127929,A,B,93100,300,
600025.SH,600025,20251209,91511170,0,129004,A,S,100000,400,
600025.SH,600025,20251209,91511170,0,129367,A,S,93000,2000,
600025.SH,600025,20251209,91511170,0,129571,A,B,91500,1100,
600025.SH,600025,20251209,91511170,0,129581,A,S,103500,1000,
600025.SH,600025,20251209,91511170,0,129748,A,B,84800,1200,
600025.SH,600025,20251209,91511170,0,129890,A,B,93600,1000,
600025.SH,600025,20251209,91511170,0,129891,A,B,93500,1000,
600025.SH,600025,20251209,91511170,0,129894,A,B,93300,1000,
600025.SH,600025,20251209,91511170,0,129895,A,B,93200,1000,
600025.SH,600025,20251209,91511170,0,129905,A,B,92900,1000,
600025.SH,600025,20251209,91511170,0,129909,A,B,93700,1000,
600025.SH,600025,20251209,91511330,0,130898,A,B,93000,1000,
600025.SH,600025,20251209,91511330,0,130982,A,B,93400,5000,
600025.SH,600025,20251209,91511330,0,131041,A,S,95600,2000,
600025.SH,600025,20251209,91511330,0,131496,A,B,93100,1500,
600025.SH,600025,20251209,91511330,0,131907,A,S,102000,41200,
600025.SH,600025,20251209,91511330,0,132140,A,B,90100,700,
600025.SH,600025,20251209,91511330,0,132480,A,B,90400,500,
600025.SH,600025,20251209,91511500,0,133570,A,B,93500,100,
600025.SH,600025,20251209,91511500,0,134674,A,S,94100,300,
600025.SH,600025,20251209,91511680,0,134704,A,B,93800,400,
600025.SH,600025,20251209,91511680,0,134925,A,S,95500,5500,
600025.SH,600025,20251209,91511680,0,135476,A,S,97600,300,
600025.SH,600025,20251209,91511680,0,135478,A,B,93000,500,
600025.SH,600025,20251209,91511850,0,136637,A,S,103500,100,
600025.SH,600025,20251209,91511850,0,136685,A,B,89400,600,
600025.SH,600025,20251209,91511850,0,136712,A,S,98600,600,
600025.SH,600025,20251209,91511850,0,136751,A,S,96000,100,
600025.SH,600025,20251209,91511850,0,136897,A,S,97000,200,
600025.SH,600025,20251209,91511850,0,136898,A,S,98000,100,
600025.SH,600025,20251209,91511850,0,137497,A,B,93000,6000,
600025.SH,600025,20251209,91511850,0,138018,A,B,92800,1000,
600025.SH,600025,20251209,91512030,0,139050,A,S,95800,50000,
600025.SH,600025,20251209,91512030,0,139963,A,B,93300,100,
600025.SH,600025,20251209,91512190,0,141021,A,B,93200,300,
600025.SH,600025,20251209,91512190,0,141022,A,B,92400,300,
600025.SH,600025,20251209,91512190,0,141024,A,B,91600,600,
600025.SH,600025,20251209,91512190,0,141025,A,B,91000,800,
600025.SH,600025,20251209,91512190,0,141102,A,S,97700,3900,
600025.SH,600025,20251209,91512190,0,141180,A,B,92900,1000,
600025.SH,600025,20251209,91512190,0,141556,A,B,93000,10000,
600025.SH,600025,20251209,91512190,0,141564,A,S,97000,100,
600025.SH,600025,20251209,91512190,0,141568,A,S,96000,3000,
600025.SH,600025,20251209,91512190,0,141570,A,S,95800,100,
600025.SH,600025,20251209,91512190,0,141574,A,S,97000,3000,
600025.SH,600025,20251209,91512190,0,141681,A,S,97900,100,
600025.SH,600025,20251209,91512190,0,141682,A,S,98900,100,
600025.SH,600025,20251209,91512190,0,141683,A,B,91000,100,
600025.SH,600025,20251209,91512330,0,142440,A,S,97500,100,
600025.SH,600025,20251209,91512330,0,143890,A,S,97500,5400,
600025.SH,600025,20251209,91512330,0,144037,A,S,103500,100,
600025.SH,600025,20251209,91512530,0,144339,A,S,96000,200,
600025.SH,600025,20251209,91512530,0,144779,A,B,90000,1000,
600025.SH,600025,20251209,91512530,0,144814,A,B,85000,1500,
600025.SH,600025,20251209,91512530,0,145291,A,S,96400,1000,
600025.SH,600025,20251209,91512530,0,145594,A,S,103000,100,
600025.SH,600025,20251209,91512530,0,145828,A,S,96000,300,
600025.SH,600025,20251209,91512700,0,146175,A,S,95500,1000,
600025.SH,600025,20251209,91512700,0,146176,A,S,96500,1000,
600025.SH,600025,20251209,91512700,0,146912,A,S,95600,1000,
600025.SH,600025,20251209,91512700,0,146913,A,S,97800,1000,
600025.SH,600025,20251209,91512700,0,146914,A,S,102600,1000,
600025.SH,600025,20251209,91512700,0,146974,A,S,94900,1500,
600025.SH,600025,20251209,91512700,0,147124,A,S,97800,700,
600025.SH,600025,20251209,91512700,0,147125,A,B,92100,800,
600025.SH,600025,20251209,91512700,0,147535,A,B,92900,500,
600025.SH,600025,20251209,91512700,0,147797,A,B,93100,1000,
600025.SH,600025,20251209,91512700,0,148094,A,B,92800,1000,
600025.SH,600025,20251209,91512700,0,148118,A,B,91000,1000,
600025.SH,600025,20251209,91512860,0,148779,A,S,95700,100,
600025.SH,600025,20251209,91512860,0,148780,A,S,96900,100,
600025.SH,600025,20251209,91512860,0,149279,A,S,95000,10000,
600025.SH,600025,20251209,91512860,0,149280,A,S,95300,10000,
600025.SH,600025,20251209,91512860,0,149281,A,S,96000,10000,
600025.SH,600025,20251209,91512860,0,149283,A,S,97000,10000,
600025.SH,600025,20251209,91512860,0,149284,A,S,97400,12500,
600025.SH,600025,20251209,91512860,0,149388,A,B,91100,1000,
600025.SH,600025,20251209,91512860,0,149513,A,B,93900,100,
600025.SH,600025,20251209,91512860,0,149514,A,B,93800,100,
600025.SH,600025,20251209,91512860,0,149515,A,B,93700,100,
600025.SH,600025,20251209,91512860,0,149516,A,B,93600,100,
600025.SH,600025,20251209,91512860,0,149517,A,B,93500,100,
600025.SH,600025,20251209,91512860,0,149518,A,B,93400,100,
600025.SH,600025,20251209,91512860,0,149519,A,B,93300,100,
600025.SH,600025,20251209,91512860,0,149520,A,B,93200,100,
600025.SH,600025,20251209,91512860,0,149522,A,B,93100,100,
600025.SH,600025,20251209,91512860,0,149523,A,B,93000,100,
600025.SH,600025,20251209,91512860,0,149524,A,B,92900,100,
600025.SH,600025,20251209,91512860,0,149525,A,S,95000,100,
600025.SH,600025,20251209,91512860,0,149526,A,S,95100,100,
600025.SH,600025,20251209,91512860,0,149527,A,S,95200,100,
600025.SH,600025,20251209,91512860,0,149528,A,S,95300,100,
600025.SH,600025,20251209,91512860,0,149529,A,S,95400,100,
600025.SH,600025,20251209,91512860,0,149530,A,S,95500,100,
600025.SH,600025,20251209,91512860,0,149531,A,S,95600,100,
600025.SH,600025,20251209,91512860,0,149532,A,S,95700,100,
600025.SH,600025,20251209,91512860,0,149534,A,S,95800,100,
600025.SH,600025,20251209,91512860,0,149535,A,S,95900,100,
600025.SH,600025,20251209,91512860,0,149536,A,S,96000,100,
600025.SH,600025,20251209,91512860,0,149537,A,S,96100,100,
600025.SH,600025,20251209,91512860,0,149538,A,S,96200,100,
600025.SH,600025,20251209,91512860,0,149539,A,S,96300,100,
600025.SH,600025,20251209,91512860,0,149540,A,S,96400,100,
600025.SH,600025,20251209,91512860,0,149541,A,S,96500,100,
600025.SH,600025,20251209,91513020,0,150632,A,B,93000,1100,
600025.SH,600025,20251209,91513020,0,151018,A,S,98000,10000,
600025.SH,600025,20251209,91513020,0,151019,A,B,93000,10000,
600025.SH,600025,20251209,91513020,0,151020,A,B,92600,12500,
600025.SH,600025,20251209,91513020,0,151021,A,B,92000,10000,
600025.SH,600025,20251209,91513020,0,151022,A,B,91000,10000,
600025.SH,600025,20251209,91513020,0,151437,A,B,93000,400,
600025.SH,600025,20251209,91513020,0,151447,A,B,93000,300,
600025.SH,600025,20251209,91513190,0,152124,A,B,93000,100,
600025.SH,600025,20251209,91513190,0,153495,A,B,92000,1000,
600025.SH,600025,20251209,91513190,0,153726,A,B,84700,900,
600025.SH,600025,20251209,91513190,0,153769,A,B,92200,300,
600025.SH,600025,20251209,91513190,0,153770,A,B,90500,300,
600025.SH,600025,20251209,91513190,0,153778,A,S,94900,300,
600025.SH,600025,20251209,91513350,0,155580,A,B,93000,5000,
600025.SH,600025,20251209,91513550,0,156664,A,B,93100,300,
600025.SH,600025,20251209,91513550,0,156797,A,S,99900,1000,
600025.SH,600025,20251209,91513550,0,156805,A,B,93000,200,
600025.SH,600025,20251209,91513550,0,157126,A,B,94000,2100,
600025.SH,600025,20251209,91513550,0,157191,A,B,93500,2000,
600025.SH,600025,20251209,91513550,0,157195,A,B,93000,4000,
600025.SH,600025,20251209,91513550,0,157211,A,B,84700,700,
600025.SH,600025,20251209,91513550,0,158161,A,S,103300,100,
600025.SH,600025,20251209,91513710,0,158599,A,S,95000,2700,
600025.SH,600025,20251209,91513710,0,158620,A,B,93600,100,
600025.SH,600025,20251209,91513710,0,158632,A,S,95700,2700,
600025.SH,600025,20251209,91513710,0,158636,A,B,92600,11900,
600025.SH,600025,20251209,91513710,0,159353,A,B,91500,10000,
600025.SH,600025,20251209,91513710,0,159428,A,S,94800,200,
600025.SH,600025,20251209,91513870,0,160125,A,B,91800,2000,
600025.SH,600025,20251209,91513870,0,160126,A,B,86500,3000,
600025.SH,600025,20251209,91513870,0,160127,A,S,98500,500,
600025.SH,600025,20251209,91513870,0,160128,A,S,99900,500,
600025.SH,600025,20251209,91513870,0,160129,A,S,101300,500,
600025.SH,600025,20251209,91513870,0,160130,A,S,103500,500,
600025.SH,600025,20251209,91513870,0,160783,A,S,103500,500,
600025.SH,600025,20251209,91513870,0,161248,A,B,84700,500,
600025.SH,600025,20251209,91513870,0,161597,A,B,93500,200,
600025.SH,600025,20251209,91513870,0,161610,A,S,95600,100,
600025.SH,600025,20251209,91514050,0,162273,A,S,103500,2000,
600025.SH,600025,20251209,91514050,0,162313,A,B,94300,10000,
600025.SH,600025,20251209,91514050,0,162314,A,B,92300,10000,
600025.SH,600025,20251209,91514050,0,162318,A,B,93100,100,
600025.SH,600025,20251209,91514050,0,162527,A,B,93100,2500,
600025.SH,600025,20251209,91514050,0,162528,A,B,93300,1000,
600025.SH,600025,20251209,91514050,0,162579,A,B,90200,2000,
600025.SH,600025,20251209,91514050,0,162584,A,B,90200,1000,
600025.SH,600025,20251209,91514150,0,163244,A,B,93700,400,
600025.SH,600025,20251209,91514150,0,163453,A,S,103400,1900,
600025.SH,600025,20251209,91514150,0,163460,A,S,103000,200,
600025.SH,600025,20251209,91514150,0,163474,A,S,102000,200,
600025.SH,600025,20251209,91514150,0,163504,A,S,98000,600,
600025.SH,600025,20251209,91514150,0,163521,A,S,96300,9000,
600025.SH,600025,20251209,91514150,0,164293,A,B,92500,2000,
600025.SH,600025,20251209,91514150,0,164554,A,B,92000,500,
600025.SH,600025,20251209,91514150,0,164646,A,S,94500,15000,
600025.SH,600025,20251209,91514150,0,165044,A,S,95500,2500,
600025.SH,600025,20251209,91514150,0,165072,A,B,92700,3000,
600025.SH,600025,20251209,91514150,0,165087,A,S,94000,1000,
600025.SH,600025,20251209,91514310,0,165120,A,S,96500,3000,
600025.SH,600025,20251209,91514310,0,166017,A,S,103500,1500,
600025.SH,600025,20251209,91514310,0,166098,A,S,102700,1200,
600025.SH,600025,20251209,91514310,0,166239,A,S,94700,5000,
600025.SH,600025,20251209,91514310,0,166416,A,S,97600,700,
600025.SH,600025,20251209,91514310,0,166460,A,S,96100,1200,
600025.SH,600025,20251209,91514310,0,166489,A,S,94800,5000,
600025.SH,600025,20251209,91514310,0,166553,A,S,94900,5000,
600025.SH,600025,20251209,91514310,0,166923,A,S,103500,2000,
600025.SH,600025,20251209,91514310,0,166951,A,B,90300,400,
600025.SH,600025,20251209,91514470,0,167694,A,S,95000,5000,
600025.SH,600025,20251209,91514470,0,167888,A,S,95500,600,
600025.SH,600025,20251209,91514470,0,168046,A,B,89400,100,
600025.SH,600025,20251209,91514470,0,168084,A,B,93000,10000,
600025.SH,600025,20251209,91514470,0,168375,A,S,97500,13300,
600025.SH,600025,20251209,91514470,0,168567,A,B,93100,400,
600025.SH,600025,20251209,91514470,0,168568,A,B,93100,5000,
600025.SH,600025,20251209,91514470,0,168645,A,S,95800,200,
600025.SH,600025,20251209,91514470,0,168711,A,B,93200,5000,
600025.SH,600025,20251209,91514680,0,169242,A,B,93100,1100,
600025.SH,600025,20251209,91514680,0,169303,A,S,95100,1100,
600025.SH,600025,20251209,91514680,0,169594,A,S,95300,1500,
600025.SH,600025,20251209,91514680,0,169596,A,S,95500,1500,
600025.SH,600025,20251209,91514680,0,169597,A,S,95700,1500,
600025.SH,600025,20251209,91514680,0,169625,A,S,95900,1500,
600025.SH,600025,20251209,91514680,0,169629,A,S,96300,1500,
600025.SH,600025,20251209,91514680,0,169889,A,S,96900,1500,
600025.SH,600025,20251209,91514680,0,169890,A,S,97100,1500,
600025.SH,600025,20251209,91514680,0,169891,A,S,97300,1500,
600025.SH,600025,20251209,91514680,0,169906,A,S,97500,1500,
600025.SH,600025,20251209,91514680,0,169907,A,S,97900,1500,
600025.SH,600025,20251209,91514680,0,169925,A,S,98300,1500,
600025.SH,600025,20251209,91514680,0,169927,A,S,98500,1500,
600025.SH,600025,20251209,91514680,0,169945,A,S,98700,1500,
600025.SH,600025,20251209,91514680,0,169946,A,S,98900,1500,
600025.SH,600025,20251209,91514680,0,169947,A,S,99100,1500,
600025.SH,600025,20251209,91514680,0,169957,A,B,84700,2400,
600025.SH,600025,20251209,91514680,0,169958,A,B,93900,1500,
600025.SH,600025,20251209,91514680,0,169968,A,B,93700,1500,
600025.SH,600025,20251209,91514680,0,170224,A,S,94800,100,
600025.SH,600025,20251209,91514680,0,170403,A,B,93000,500,
600025.SH,600025,20251209,91514680,0,170485,A,S,96300,8300,
600025.SH,600025,20251209,91514850,0,171729,A,S,95200,100,
600025.SH,600025,20251209,91514850,0,171778,A,S,94400,1000,
600025.SH,600025,20251209,91514930,0,171995,A,S,103500,100,
600025.SH,600025,20251209,91514930,0,172313,A,B,93300,20000,
600025.SH,600025,20251209,91514930,0,172435,A,S,85300,10000,
600025.SH,600025,20251209,91514930,0,172436,A,S,95400,10000,
600025.SH,600025,20251209,91515060,0,173663,A,S,103000,100,
600025.SH,600025,20251209,91515060,0,173674,A,B,93500,1100,
600025.SH,600025,20251209,91515060,0,173878,A,B,93100,3000,
600025.SH,600025,20251209,91515060,0,173879,A,B,92800,3000,
600025.SH,600025,20251209,91515060,0,173881,A,B,92600,3000,
600025.SH,600025,20251209,91515060,0,173882,A,B,92100,6000,
600025.SH,600025,20251209,91515060,0,173909,A,B,91500,1100,
600025.SH,600025,20251209,91515150,0,174275,A,B,92900,2000,
600025.SH,600025,20251209,91515150,0,175477,A,S,94900,3000,
600025.SH,600025,20251209,91515150,0,175836,A,S,95400,3000,
600025.SH,600025,20251209,91515310,0,175928,A,S,95900,3000,
600025.SH,600025,20251209,91515310,0,176594,A,B,93800,200,
600025.SH,600025,20251209,91515310,0,176980,A,S,96400,3000,
600025.SH,600025,20251209,91515310,0,176985,A,S,97000,10000,
600025.SH,600025,20251209,91515310,0,177226,A,B,93900,2000,
600025.SH,600025,20251209,91515310,0,177227,A,B,93400,2000,
600025.SH,600025,20251209,91515310,0,177228,A,B,92900,2000,
600025.SH,600025,20251209,91515460,0,177613,A,B,93000,500,
600025.SH,600025,20251209,91515660,0,179385,A,S,94700,7900,
600025.SH,600025,20251209,91515660,0,179521,A,S,102900,200,
600025.SH,600025,20251209,91515660,0,179920,A,S,94800,2000,
600025.SH,600025,20251209,91515660,0,179921,A,S,94900,2000,
600025.SH,600025,20251209,91515660,0,180078,A,S,103500,400,
600025.SH,600025,20251209,91515660,0,180134,A,S,95500,4000,
600025.SH,600025,20251209,91515660,0,180135,A,S,95600,4000,
600025.SH,600025,20251209,91515660,0,180206,A,S,99700,400,
600025.SH,600025,20251209,91515660,0,180356,A,B,93100,2000,
600025.SH,600025,20251209,91515660,0,180621,A,B,85000,100,
600025.SH,600025,20251209,91515660,0,180744,A,B,92100,100,
600025.SH,600025,20251209,91515660,0,180992,A,S,100200,200,
600025.SH,600025,20251209,91515830,0,181346,A,B,93100,3500,
600025.SH,600025,20251209,91515830,0,181553,A,S,94700,1500,
600025.SH,600025,20251209,91515830,0,181567,A,B,90800,1000,
600025.SH,600025,20251209,91515830,0,181669,A,B,92500,5000,
600025.SH,600025,20251209,91515830,0,181670,A,B,90800,12000,
600025.SH,600025,20251209,91515830,0,181834,A,S,95100,1400,
600025.SH,600025,20251209,91515830,0,181895,A,S,96300,1400,
600025.SH,600025,20251209,91515830,0,181896,A,S,97500,1400,
600025.SH,600025,20251209,91515830,0,181897,A,S,98700,1400,
600025.SH,600025,20251209,91515830,0,182806,A,S,95000,279100,
600025.SH,600025,20251209,91515830,0,182858,A,B,92100,100,
600025.SH,600025,20251209,91515830,0,182956,A,B,93500,3000,
600025.SH,600025,20251209,91515830,0,182957,A,B,92800,4000,
600025.SH,600025,20251209,91515830,0,182960,A,B,91800,8000,
600025.SH,600025,20251209,91516000,0,183481,A,S,95800,1000,
600025.SH,600025,20251209,91516000,0,183553,A,B,93300,5000,
600025.SH,600025,20251209,91516000,0,183569,A,B,93900,100,
600025.SH,600025,20251209,91516000,0,183704,A,B,93700,100,
600025.SH,600025,20251209,91516000,0,183806,A,B,93500,100,
600025.SH,600025,20251209,91516000,0,183917,A,B,93700,5000,
600025.SH,600025,20251209,91516000,0,183962,A,B,93300,100,
600025.SH,600025,20251209,91516000,0,183964,A,B,93100,100,
600025.SH,600025,20251209,91516000,0,184052,A,B,94100,100,
600025.SH,600025,20251209,91516000,0,184067,A,S,103500,1000,
600025.SH,600025,20251209,91516000,0,184102,A,B,93300,1100,
600025.SH,600025,20251209,91516000,0,184302,A,B,92900,200,
600025.SH,600025,20251209,91516000,0,184304,A,B,92700,400,
600025.SH,600025,20251209,91516000,0,184599,A,S,95100,1500,
600025.SH,600025,20251209,91516000,0,184601,A,S,96100,1500,
600025.SH,600025,20251209,91516000,0,184603,A,S,96500,1500,
600025.SH,600025,20251209,91516000,0,184604,A,S,96700,1500,
600025.SH,600025,20251209,91516000,0,184607,A,S,97700,1500,
600025.SH,600025,20251209,91516000,0,184685,A,S,98100,1500,
600025.SH,600025,20251209,91516000,0,184983,A,S,103500,2200,
600025.SH,600025,20251209,91516000,0,185014,A,S,99300,1500,
600025.SH,600025,20251209,91516000,0,185024,A,S,99500,1500,
600025.SH,600025,20251209,91516180,0,185192,A,S,95000,400,
600025.SH,600025,20251209,91516180,0,185601,A,B,93100,200,
600025.SH,600025,20251209,91516180,0,186367,A,B,93000,1000,
600025.SH,600025,20251209,91516180,0,186368,A,S,95200,100,
600025.SH,600025,20251209,91516180,0,186370,A,S,95300,100,
600025.SH,600025,20251209,91516180,0,186371,A,S,95400,100,
600025.SH,600025,20251209,91516180,0,186372,A,S,95500,100,
600025.SH,600025,20251209,91516180,0,186373,A,S,95600,100,
600025.SH,600025,20251209,91516180,0,186374,A,S,95700,100,
600025.SH,600025,20251209,91516180,0,186415,A,B,93300,1000,
600025.SH,600025,20251209,91516180,0,186416,A,B,93200,1000,
600025.SH,600025,20251209,91516180,0,186476,A,S,95800,100,
600025.SH,600025,20251209,91516180,0,186478,A,S,95900,100,
600025.SH,600025,20251209,91516180,0,186479,A,S,96000,100,
600025.SH,600025,20251209,91516180,0,186480,A,S,96100,100,
600025.SH,600025,20251209,91516180,0,186481,A,S,96200,100,
600025.SH,600025,20251209,91516180,0,186482,A,S,96300,100,
600025.SH,600025,20251209,91516180,0,186483,A,S,96400,100,
600025.SH,600025,20251209,91516180,0,186484,A,S,96500,100,
600025.SH,600025,20251209,91516180,0,186485,A,S,96600,100,
600025.SH,600025,20251209,91516180,0,186491,A,S,96700,100,
600025.SH,600025,20251209,91516180,0,186582,A,B,93000,1000,
600025.SH,600025,20251209,91516180,0,186619,A,S,102000,100,
600025.SH,600025,20251209,91516180,0,186912,A,B,93300,2000,
600025.SH,600025,20251209,91516350,0,187221,A,B,92700,1000,
600025.SH,600025,20251209,91516350,0,187228,A,S,95100,3800,
600025.SH,600025,20251209,91516350,0,187231,A,S,95100,4200,
600025.SH,600025,20251209,91516350,0,187364,A,S,103400,500,
600025.SH,600025,20251209,91516350,0,188045,A,S,96000,1000,
600025.SH,600025,20251209,91516350,0,188085,A,S,97000,1000,
600025.SH,600025,20251209,91516350,0,188105,A,S,99000,1000,
600025.SH,600025,20251209,91516350,0,188595,A,B,93900,3600,
600025.SH,600025,20251209,91516350,0,188694,A,B,93700,20000,
600025.SH,600025,20251209,91516520,0,189219,A,S,103500,100,
600025.SH,600025,20251209,91516520,0,189220,A,S,103000,3200,
600025.SH,600025,20251209,91516520,0,189691,A,S,97100,500,
600025.SH,600025,20251209,91516520,0,190001,A,B,93700,300,
600025.SH,600025,20251209,91516520,0,190004,A,B,93100,300,
600025.SH,600025,20251209,91516520,0,190005,A,B,92900,300,
600025.SH,600025,20251209,91516520,0,190229,A,B,91900,300,
600025.SH,600025,20251209,91516520,0,190230,A,S,96700,600,
600025.SH,600025,20251209,91516520,0,190250,A,B,93000,2000,
600025.SH,600025,20251209,91516520,0,190390,A,B,93800,3600,
600025.SH,600025,20251209,91516520,0,190397,A,B,93600,3600,
600025.SH,600025,20251209,91516520,0,190493,A,B,93500,300,
600025.SH,600025,20251209,91516520,0,190581,A,S,95200,600,
600025.SH,600025,20251209,91516520,0,190611,A,S,103200,1100,
600025.SH,600025,20251209,91516690,0,191001,A,B,93500,3500,
600025.SH,600025,20251209,91516690,0,191003,A,B,93200,3600,
600025.SH,600025,20251209,91516690,0,191004,A,B,93100,3600,
600025.SH,600025,20251209,91516690,0,191005,A,B,93000,3600,
600025.SH,600025,20251209,91516690,0,191006,A,B,92900,3600,
600025.SH,600025,20251209,91516690,0,191012,A,S,94600,300,
600025.SH,600025,20251209,91516690,0,191288,A,S,95800,600,
600025.SH,600025,20251209,91516690,0,191479,A,B,92800,3600,
600025.SH,600025,20251209,91516690,0,191480,A,B,92600,3600,
600025.SH,600025,20251209,91516690,0,191487,A,B,92500,3600,
600025.SH,600025,20251209,91516690,0,191488,A,B,92200,3600,
600025.SH,600025,20251209,91516690,0,191582,A,S,94400,100,
600025.SH,600025,20251209,91516690,0,191767,A,S,97700,600,
600025.SH,600025,20251209,91516690,0,191800,A,B,92100,3600,
600025.SH,600025,20251209,91516690,0,191801,A,B,91800,3600,
600025.SH,600025,20251209,91516690,0,191802,A,B,91200,3600,
600025.SH,600025,20251209,91516690,0,191803,A,B,90800,3600,
600025.SH,600025,20251209,91516690,0,191804,A,B,90000,3600,
600025.SH,600025,20251209,91516690,0,191805,A,S,96200,36400,
600025.SH,600025,20251209,91516690,0,191867,A,S,95500,600,
600025.SH,600025,20251209,91516690,0,192315,A,B,92100,11200,
600025.SH,600025,20251209,91516890,0,193153,A,S,96000,1000,
600025.SH,600025,20251209,91516890,0,193251,A,B,87000,900,
600025.SH,600025,20251209,91516890,0,193593,A,S,95100,1000,
600025.SH,600025,20251209,91516890,0,193599,A,B,93500,1000,
600025.SH,600025,20251209,91516890,0,193775,A,B,91500,1100,
600025.SH,600025,20251209,91516890,0,193794,A,S,95200,3000,
600025.SH,600025,20251209,91517040,0,194398,A,S,84700,600,
600025.SH,600025,20251209,91517040,0,194443,A,S,95100,3600,
600025.SH,600025,20251209,91517040,0,194530,A,B,92700,22600,
600025.SH,600025,20251209,91517040,0,194532,A,S,96300,20000,
600025.SH,600025,20251209,91517040,0,194533,A,S,96700,20000,
600025.SH,600025,20251209,91517040,0,195778,A,S,94500,4000,
600025.SH,600025,20251209,91517190,0,196510,A,S,95700,1000,
600025.SH,600025,20251209,91517190,0,196514,A,S,96700,1000,
600025.SH,600025,20251209,91517190,0,196515,A,S,97700,2000,
600025.SH,600025,20251209,91517270,0,196636,A,S,98700,2000,
600025.SH,600025,20251209,91517270,0,196766,A,S,103500,500,
600025.SH,600025,20251209,91517270,0,197366,A,B,93200,5000,
600025.SH,600025,20251209,91517270,0,197410,A,S,96900,1000,
600025.SH,600025,20251209,91517270,0,197529,A,B,91000,1000,
600025.SH,600025,20251209,91517270,0,197592,A,B,93000,1000,
600025.SH,600025,20251209,91517270,0,197836,A,S,95900,2800,
600025.SH,600025,20251209,91517430,0,198566,A,S,96200,2000,
600025.SH,600025,20251209,91517430,0,198773,A,S,96400,3800,
600025.SH,600025,20251209,91517430,0,198955,A,S,102000,5000,
600025.SH,600025,20251209,91517430,0,199109,A,B,88000,100,
600025.SH,600025,20251209,91517430,0,199132,A,B,91700,4200,
600025.SH,600025,20251209,91517430,0,199791,A,B,91100,2200,
600025.SH,600025,20251209,91517430,0,200061,A,S,95300,2100,
600025.SH,600025,20251209,91517430,0,200216,A,S,95200,300,
600025.SH,600025,20251209,91517430,0,200419,A,B,92400,100,
600025.SH,600025,20251209,91517600,0,200767,A,B,93500,2000,
600025.SH,600025,20251209,91517600,0,200773,A,B,93100,5000,
600025.SH,600025,20251209,91517600,0,200791,A,S,96700,1000,
600025.SH,600025,20251209,91517600,0,200792,A,S,97700,2000,
600025.SH,600025,20251209,91517600,0,200794,A,B,93100,2000,
600025.SH,600025,20251209,91517600,0,200835,A,B,93500,1000,
600025.SH,600025,20251209,91517690,0,201725,A,B,90000,100,
600025.SH,600025,20251209,91517690,0,201819,A,B,93800,1000,
600025.SH,600025,20251209,91517690,0,201874,A,S,98000,1000,
600025.SH,600025,20251209,91517690,0,202058,A,S,98700,500,
600025.SH,600025,20251209,91517690,0,202084,A,S,99100,800,
600025.SH,600025,20251209,91517690,0,202390,A,B,98100,500,
600025.SH,600025,20251209,91517690,0,202501,A,B,93400,300,
600025.SH,600025,20251209,91517690,0,202503,A,B,92700,300,
600025.SH,600025,20251209,91517690,0,202504,A,B,92400,300,
600025.SH,600025,20251209,91517690,0,202507,A,B,92100,300,
600025.SH,600025,20251209,91517690,0,202509,A,S,97200,600,
600025.SH,600025,20251209,91517690,0,202680,A,S,96200,600,
600025.SH,600025,20251209,91517690,0,202728,A,S,103200,4900,
600025.SH,600025,20251209,91517690,0,203155,A,S,102100,4900,
600025.SH,600025,20251209,91517860,0,203185,A,S,101900,5000,
600025.SH,600025,20251209,91517860,0,203186,A,S,101800,5000,
600025.SH,600025,20251209,91517860,0,203565,A,B,93300,1000,
600025.SH,600025,20251209,91517860,0,203573,A,B,93900,5000,
600025.SH,600025,20251209,91517860,0,203828,A,B,88000,100,
600025.SH,600025,20251209,91517860,0,203866,A,B,93600,10000,
600025.SH,600025,20251209,91517860,0,204069,A,B,92500,300,
600025.SH,600025,20251209,91517860,0,204108,A,S,101800,100,
600025.SH,600025,20251209,91517860,0,204177,A,S,102200,4900,
600025.SH,600025,20251209,91517860,0,204348,A,S,96000,100,
600025.SH,600025,20251209,91517860,0,204722,A,B,92000,100,
600025.SH,600025,20251209,91517860,0,204831,A,B,93800,9700,
600025.SH,600025,20251209,91518030,0,206061,A,B,93700,5000,
600025.SH,600025,20251209,91518030,0,206871,A,S,97400,1000,
600025.SH,600025,20251209,91518030,0,206876,A,S,99400,1000,
600025.SH,600025,20251209,91518250,0,207286,A,B,93200,100,
600025.SH,600025,20251209,91518250,0,207381,A,B,92700,1000,
600025.SH,600025,20251209,91518250,0,207424,A,B,90700,1000,
600025.SH,600025,20251209,91518250,0,208211,A,S,95100,1000,
600025.SH,600025,20251209,91518250,0,208313,A,S,98500,2000,
600025.SH,600025,20251209,91518250,0,208425,A,S,95400,1000,
600025.SH,600025,20251209,91518250,0,208456,A,B,91500,500,
600025.SH,600025,20251209,91518250,0,208463,A,S,95700,1000,
600025.SH,600025,20251209,91518250,0,208800,A,B,93500,300,
600025.SH,600025,20251209,91518430,0,209070,A,S,96300,1000,
600025.SH,600025,20251209,91518430,0,209072,A,S,96700,1000,
600025.SH,600025,20251209,91518430,0,209202,A,B,90000,3000,
600025.SH,600025,20251209,91518430,0,209384,A,B,93200,1000,
600025.SH,600025,20251209,91518430,0,209594,A,S,96000,13200,
600025.SH,600025,20251209,91518430,0,209681,A,S,96000,13300,
600025.SH,600025,20251209,91518530,0,210136,A,B,92300,1000,
600025.SH,600025,20251209,91518530,0,210388,A,S,103500,1000,
600025.SH,600025,20251209,91518530,0,211035,A,B,93500,1000,
600025.SH,600025,20251209,91518530,0,211048,A,S,100000,400,
600025.SH,600025,20251209,91518530,0,211618,A,S,95200,500,
600025.SH,600025,20251209,91518530,0,211619,A,B,93200,800,
600025.SH,600025,20251209,91518710,0,212312,A,S,95100,1500,
600025.SH,600025,20251209,91518710,0,212330,A,B,93700,1500,
600025.SH,600025,20251209,91518920,0,213702,A,S,103500,800,
600025.SH,600025,20251209,91518920,0,213754,A,S,103500,1500,
600025.SH,600025,20251209,91518920,0,214234,A,S,97500,5000,
600025.SH,600025,20251209,91518920,0,214734,A,B,93500,3700,
600025.SH,600025,20251209,91519110,0,215444,A,S,94900,2000,
600025.SH,600025,20251209,91519110,0,215445,A,B,93900,2000,
600025.SH,600025,20251209,91519110,0,215738,A,S,94600,15000,
600025.SH,600025,20251209,91519110,0,216063,A,B,93900,1000,
600025.SH,600025,20251209,91519260,0,216943,A,S,95300,200,
600025.SH,600025,20251209,91519260,0,217243,A,S,95700,6000,
600025.SH,600025,20251209,91519260,0,217695,A,S,94900,400,
600025.SH,600025,20251209,91519410,0,218063,A,S,101200,500,
600025.SH,600025,20251209,91519410,0,218598,A,S,95900,400,
600025.SH,600025,20251209,91519410,0,218605,A,S,95000,500,
600025.SH,600025,20251209,91519410,0,218775,A,B,93700,2100,
600025.SH,600025,20251209,91519410,0,219062,A,B,93300,5000,
600025.SH,600025,20251209,91519410,0,219153,A,S,102100,200,
600025.SH,600025,20251209,91519410,0,219372,A,B,93300,8000,
600025.SH,600025,20251209,91519410,0,219442,A,B,93400,600,
600025.SH,600025,20251209,91519410,0,219734,A,B,92200,3000,
600025.SH,600025,20251209,91519590,0,219865,A,S,95300,200,
600025.SH,600025,20251209,91519590,0,220044,A,B,93700,100,
600025.SH,600025,20251209,91519590,0,220351,A,B,92000,300,
600025.SH,600025,20251209,91519590,0,220578,A,S,103000,1000,
600025.SH,600025,20251209,91519590,0,221726,A,B,93400,8000,
600025.SH,600025,20251209,91519780,0,221816,A,B,90000,2000,
600025.SH,600025,20251209,91519780,0,221923,A,S,99900,2600,
600025.SH,600025,20251209,91519780,0,222554,A,B,93000,700,
600025.SH,600025,20251209,91519780,0,223512,A,B,93100,100,
600025.SH,600025,20251209,91519780,0,223514,A,B,92900,100,
600025.SH,600025,20251209,91519780,0,223515,A,B,92700,100,
600025.SH,600025,20251209,91519780,0,223549,A,B,92500,100,
600025.SH,600025,20251209,91519960,0,223647,A,B,92300,100,
600025.SH,600025,20251209,91519960,0,223651,A,B,92100,100,
600025.SH,600025,20251209,91519960,0,223799,A,S,95600,100,
600025.SH,600025,20251209,91519960,0,223803,A,S,96100,2900,
600025.SH,600025,20251209,91519960,0,224552,A,B,93300,200,
600025.SH,600025,20251209,91520180,0,225778,A,S,94000,300,
600025.SH,600025,20251209,91520290,0,226870,A,S,95900,500,
600025.SH,600025,20251209,91520290,0,227300,A,B,93400,2000,
600025.SH,600025,20251209,91520290,0,227382,A,B,92000,300,
600025.SH,600025,20251209,91520290,0,227653,A,B,93800,5000,
600025.SH,600025,20251209,91520290,0,227783,A,B,93300,5000,
600025.SH,600025,20251209,91520290,0,227788,A,S,96000,8800,
600025.SH,600025,20251209,91520470,0,228626,A,S,103200,100,
600025.SH,600025,20251209,91520470,0,228628,A,B,88800,100,
600025.SH,600025,20251209,91520470,0,228736,A,B,93000,1000,
600025.SH,600025,20251209,91520470,0,229637,A,S,96000,100,
600025.SH,600025,20251209,91520590,0,229908,A,B,92300,9000,
600025.SH,600025,20251209,91520590,0,230651,A,B,93600,500,
600025.SH,600025,20251209,91520590,0,230737,A,S,102000,200,
600025.SH,600025,20251209,91520590,0,231052,A,S,95600,6000,
600025.SH,600025,20251209,91520590,0,231102,A,B,93200,700,
600025.SH,600025,20251209,91520590,0,231388,A,S,95000,600,
600025.SH,600025,20251209,91520590,0,231399,A,B,93700,800,
600025.SH,600025,20251209,91520590,0,231437,A,B,93000,1200,
600025.SH,600025,20251209,91520760,0,231650,A,S,95900,1000,
600025.SH,600025,20251209,91520760,0,232228,A,B,89800,1100,
600025.SH,600025,20251209,91520760,0,232429,A,S,102500,100,
600025.SH,600025,20251209,91520760,0,232500,A,B,93000,1000,
600025.SH,600025,20251209,91520760,0,232603,A,B,92500,100,
600025.SH,600025,20251209,91520760,0,232651,A,B,93800,1000,
600025.SH,600025,20251209,91520760,0,232652,A,B,93500,1000,
600025.SH,600025,20251209,91520760,0,232654,A,B,93200,1000,
600025.SH,600025,20251209,91520760,0,233297,A,S,96900,2400,
600025.SH,600025,20251209,91520950,0,233925,A,B,90000,2000,
600025.SH,600025,20251209,91520950,0,233926,A,B,92600,2000,
600025.SH,600025,20251209,91520950,0,233929,A,B,92000,2000,
600025.SH,600025,20251209,91520950,0,233945,A,S,103400,200,
600025.SH,600025,20251209,91520950,0,234120,A,B,93300,10000,
600025.SH,600025,20251209,91520950,0,234138,A,B,91100,2000,
600025.SH,600025,20251209,91520950,0,234236,A,S,94900,3000,
600025.SH,600025,20251209,91520950,0,234362,A,S,95000,1000,
600025.SH,600025,20251209,91520950,0,234402,A,S,100000,1000,
600025.SH,600025,20251209,91520950,0,234431,A,S,103500,5000,
600025.SH,600025,20251209,91520950,0,235030,A,S,97300,600,
600025.SH,600025,20251209,91520950,0,235089,A,B,94100,10000,
600025.SH,600025,20251209,91521130,0,235531,A,B,90000,300,
600025.SH,600025,20251209,91521130,0,235532,A,B,84700,200,
600025.SH,600025,20251209,91521130,0,235564,A,S,95200,1100,
600025.SH,600025,20251209,91521130,0,235616,A,S,103500,200,
600025.SH,600025,20251209,91521130,0,236194,A,S,96700,6000,
600025.SH,600025,20251209,91521130,0,236468,A,S,95900,10000,
600025.SH,600025,20251209,91521130,0,236650,A,S,103500,500,
600025.SH,600025,20251209,91521290,0,236686,A,B,93700,2000,
600025.SH,600025,20251209,91521290,0,236849,A,S,97800,300,
600025.SH,600025,20251209,91521290,0,236850,A,B,90200,300,
600025.SH,600025,20251209,91521330,0,236932,A,B,92000,1000,
600025.SH,600025,20251209,91521420,0,238612,A,S,97500,1000,
600025.SH,600025,20251209,91521420,0,238641,A,S,96400,6300,
600025.SH,600025,20251209,91521420,0,238710,A,B,93600,1000,
600025.SH,600025,20251209,91521420,0,238735,A,S,96000,990,
600025.SH,600025,20251209,91521420,0,238744,A,B,94100,1100,
600025.SH,600025,20251209,91521420,0,238941,A,B,92400,6500,
600025.SH,600025,20251209,91521570,0,239566,A,S,95200,1500,
600025.SH,600025,20251209,91521570,0,239572,A,S,99100,500,
600025.SH,600025,20251209,91521570,0,239646,A,B,93500,1000,
600025.SH,600025,20251209,91521570,0,239697,A,B,92500,1000,
600025.SH,600025,20251209,91521570,0,240200,A,B,93300,11900,
600025.SH,600025,20251209,91521670,0,240310,A,S,98000,1000,
600025.SH,600025,20251209,91521670,0,240526,A,B,91000,500,
600025.SH,600025,20251209,91521670,0,240616,A,S,94500,6100,
600025.SH,600025,20251209,91521850,0,242115,A,S,103500,12700,
600025.SH,600025,20251209,91521850,0,242117,A,S,94300,500,
600025.SH,600025,20251209,91521850,0,242276,A,S,102000,5000,
600025.SH,600025,20251209,91521850,0,242287,A,S,99900,5100,
600025.SH,600025,20251209,91521850,0,242351,A,S,95800,200,
600025.SH,600025,20251209,91521850,0,242562,A,S,101600,5000,
600025.SH,600025,20251209,91521850,0,242564,A,B,93000,200,
600025.SH,600025,20251209,91521850,0,242835,A,S,101900,5000,
600025.SH,600025,20251209,91521850,0,242912,A,S,100700,5000,
600025.SH,600025,20251209,91521850,0,243260,A,S,102200,4900,
600025.SH,600025,20251209,91521850,0,243396,A,S,102100,5000,
600025.SH,600025,20251209,91521850,0,243403,A,S,99300,5100,
600025.SH,600025,20251209,91521990,0,243863,A,S,96700,1500,
600025.SH,600025,20251209,91521990,0,244005,A,S,100000,1200,
600025.SH,600025,20251209,91522160,0,245243,A,S,97100,5200,
600025.SH,600025,20251209,91522160,0,245958,A,B,92900,2000,
600025.SH,600025,20251209,91522160,0,245970,A,S,103500,100,
600025.SH,600025,20251209,91522160,0,246061,A,S,101700,5000,
600025.SH,600025,20251209,91522160,0,246068,A,S,99600,5100,
600025.SH,600025,20251209,91522160,0,246587,A,S,101800,5000,
600025.SH,600025,20251209,91522160,0,246654,A,B,98100,100,
600025.SH,600025,20251209,91522160,0,246710,A,S,98900,5100,
600025.SH,600025,20251209,91522160,0,246775,A,S,103400,600,
600025.SH,600025,20251209,91522330,0,247061,A,S,102300,500,
600025.SH,600025,20251209,91522330,0,247086,A,B,93700,1800,
600025.SH,600025,20251209,91522330,0,247371,A,S,96100,300,
600025.SH,600025,20251209,91522330,0,247466,A,B,93100,300,
600025.SH,600025,20251209,91522330,0,247684,A,B,93700,200,
600025.SH,600025,20251209,91522330,0,247685,A,S,95300,200,
600025.SH,600025,20251209,91522330,0,247840,A,B,92500,2500,
600025.SH,600025,20251209,91522330,0,247898,A,S,95500,300,
600025.SH,600025,20251209,91522330,0,247899,A,B,93800,300,
600025.SH,600025,20251209,91522510,0,248761,A,S,103500,1800,
600025.SH,600025,20251209,91522510,0,249060,A,S,94100,400,
600025.SH,600025,20251209,91522560,0,249174,A,S,97300,100,
600025.SH,600025,20251209,91522560,0,249175,A,B,91800,100,
600025.SH,600025,20251209,91522560,0,249547,A,B,93000,3200,
600025.SH,600025,20251209,91522560,0,249731,A,B,93900,4000,
600025.SH,600025,20251209,91522650,0,249804,A,S,94800,2700,
600025.SH,600025,20251209,91522650,0,249807,A,S,95300,2800,
600025.SH,600025,20251209,91522650,0,249851,A,B,93000,10000,
600025.SH,600025,20251209,91522650,0,250850,A,B,93900,8400,
600025.SH,600025,20251209,91522780,0,251570,A,S,103500,600,
600025.SH,600025,20251209,91522780,0,251602,A,B,94000,12200,
600025.SH,600025,20251209,91522780,0,251730,A,B,93000,10000,
600025.SH,600025,20251209,91522900,0,252362,A,S,103500,1000,
600025.SH,600025,20251209,91522900,0,252504,A,S,95000,1000,
600025.SH,600025,20251209,91522900,0,252505,A,B,93000,1100,
600025.SH,600025,20251209,91522900,0,253218,A,S,96800,1100,
600025.SH,600025,20251209,91523070,0,253981,A,B,92500,1500,
600025.SH,600025,20251209,91523070,0,254004,A,B,93500,1800,
600025.SH,600025,20251209,91523110,0,254403,A,S,95200,100,
600025.SH,600025,20251209,91523110,0,254404,A,B,93600,100,
600025.SH,600025,20251209,91523110,0,254586,A,B,92000,1500,
600025.SH,600025,20251209,91523110,0,254600,A,B,93000,1500,
600025.SH,600025,20251209,91523110,0,254882,A,B,97000,105000,
600025.SH,600025,20251209,91523110,0,255132,A,S,95000,20000,
600025.SH,600025,20251209,91523110,0,255133,A,B,93000,20000,
600025.SH,600025,20251209,91523270,0,39560,D,B,93500,5000,
600025.SH,600025,20251209,91523270,0,255484,A,B,93200,400,
600025.SH,600025,20251209,91523320,0,255849,A,S,94800,100,
600025.SH,600025,20251209,91523320,0,255860,A,B,93200,100,
600025.SH,600025,20251209,91523320,0,255932,A,B,91500,100,
600025.SH,600025,20251209,91523320,0,256004,A,S,94900,100,
600025.SH,600025,20251209,91523320,0,256007,A,B,93100,100,
600025.SH,600025,20251209,91523380,0,256207,A,B,93100,100,
600025.SH,600025,20251209,91523400,0,256265,A,S,101700,100,
600025.SH,600025,20251209,91523980,0,256966,A,B,93300,300,
600025.SH,600025,20251209,91523980,0,256967,A,S,96300,300,
600025.SH,600025,20251209,91523980,0,256971,A,S,97000,500,
600025.SH,600025,20251209,91524030,0,257000,A,B,93600,200,
600025.SH,600025,20251209,91524090,0,257048,A,B,93200,1200,
600025.SH,600025,20251209,91524090,0,257051,A,S,97500,1200,
600025.SH,600025,20251209,91525200,0,257621,A,B,92500,2000,
600025.SH,600025,20251209,91525220,0,257633,A,S,96500,2000,
600025.SH,600025,20251209,91526060,0,257903,A,S,95800,200,
600025.SH,600025,20251209,91526060,0,257904,A,B,93200,200,
600025.SH,600025,20251209,91527280,0,258288,A,B,90200,1000,
600025.SH,600025,20251209,91529090,0,258777,A,S,97500,200,
600025.SH,600025,20251209,91529090,0,258778,A,B,92700,200,
600025.SH,600025,20251209,91530130,0,259089,A,S,98300,1000,
600025.SH,600025,20251209,91530170,0,259119,A,B,92300,1000,
600025.SH,600025,20251209,91531070,0,259330,A,S,100300,100,
600025.SH,600025,20251209,91531070,0,259331,A,B,90700,100,
600025.SH,600025,20251209,91531200,0,259402,A,S,98400,3000,
600025.SH,600025,20251209,91531200,0,259403,A,B,91600,3000,
600025.SH,600025,20251209,91532340,0,259887,A,B,92100,600,
600025.SH,600025,20251209,91535700,0,260947,A,S,103500,100,
600025.SH,600025,20251209,91536170,0,261116,A,S,99700,200,
600025.SH,600025,20251209,91536170,0,261118,A,B,92200,200,
600025.SH,600025,20251209,91536170,0,261119,A,B,93900,200,
600025.SH,600025,20251209,91536170,0,261120,A,S,98000,200,
600025.SH,600025,20251209,91536220,0,261150,A,S,99400,2000,
600025.SH,600025,20251209,91538200,0,261842,A,S,100100,100,
600025.SH,600025,20251209,91538200,0,261843,A,B,90500,300,
600025.SH,600025,20251209,91539450,0,262244,A,S,97600,10000,
600025.SH,600025,20251209,91542390,0,263264,A,S,102600,6000,
600025.SH,600025,20251209,91543890,0,263683,A,B,91100,100,
600025.SH,600025,20251209,91544470,0,263902,A,S,94900,2000,
600025.SH,600025,20251209,91545190,0,264149,A,B,92500,4000,
600025.SH,600025,20251209,91548880,0,265266,A,S,91600,51000,
600025.SH,600025,20251209,91549100,0,265353,A,S,102900,1000,
600025.SH,600025,20251209,91549360,0,265504,A,S,94600,2100,
600025.SH,600025,20251209,91550050,0,265695,A,S,94500,1000,
600025.SH,600025,20251209,91550050,0,265696,A,B,93500,1000,
600025.SH,600025,20251209,91550070,0,265710,A,S,94700,500,
600025.SH,600025,20251209,91550070,0,265711,A,B,93300,500,
600025.SH,600025,20251209,91550110,0,265732,A,S,94900,100,
600025.SH,600025,20251209,91550110,0,265733,A,B,93700,100,
600025.SH,600025,20251209,91552370,0,266545,A,B,92800,500,
600025.SH,600025,20251209,91553220,0,266852,A,B,93100,2000,
600025.SH,600025,20251209,91553240,0,266869,A,B,92700,100,
600025.SH,600025,20251209,91554260,0,267164,A,S,95000,300,
600025.SH,600025,20251209,91554260,0,267165,A,B,93000,300,
600025.SH,600025,20251209,91555090,0,202390,D,B,98100,500,
600025.SH,600025,20251209,91555140,0,246654,D,B,98100,100,
600025.SH,600025,20251209,91557430,0,268273,A,B,91700,300,
600025.SH,600025,20251209,91558160,0,268556,A,S,94500,200,
600025.SH,600025,20251209,91558160,0,268557,A,B,93700,200,
600025.SH,600025,20251209,91559890,0,269161,A,S,95100,300,
600025.SH,600025,20251209,91559920,0,269175,A,B,93300,300,
600025.SH,600025,20251209,91600080,0,269267,A,S,98500,1000,
600025.SH,600025,20251209,91601070,0,269691,A,S,94900,3000,
600025.SH,600025,20251209,91602710,0,270448,A,S,84700,1400,
600025.SH,600025,20251209,91603130,0,270585,A,S,98600,400,
600025.SH,600025,20251209,91603290,0,270725,A,S,91500,35000,
600025.SH,600025,20251209,91607740,0,272332,A,B,94000,6000,
600025.SH,600025,20251209,91609530,0,254882,D,B,97000,105000,
600025.SH,600025,20251209,91609730,0,272861,A,S,97000,1000,
600025.SH,600025,20251209,91613000,0,273506,A,S,99600,600,
600025.SH,600025,20251209,91622940,0,272332,D,B,94000,6000,
600025.SH,600025,20251209,91624500,0,275364,A,S,100600,800,
600025.SH,600025,20251209,91625040,0,275458,A,S,96000,3000,
600025.SH,600025,20251209,91628660,0,276050,A,B,94100,500,
600025.SH,600025,20251209,91629990,0,276270,A,B,93100,2000,
600025.SH,600025,20251209,91632740,0,276866,A,B,93600,12700,
600025.SH,600025,20251209,91637460,0,277641,A,S,98600,400,
600025.SH,600025,20251209,91642420,0,278504,A,B,93400,500,
600025.SH,600025,20251209,91643470,0,278682,A,S,95100,20000,
600025.SH,600025,20251209,91643490,0,278688,A,S,99600,500,
600025.SH,600025,20251209,91650650,0,279919,A,S,100600,600,
600025.SH,600025,20251209,91650730,0,279939,A,S,99900,3000,
600025.SH,600025,20251209,91651470,0,280086,A,B,93500,20000,
600025.SH,600025,20251209,91656200,0,280929,A,B,93500,200,
600025.SH,600025,20251209,91656760,0,281033,A,B,93000,1100,
600025.SH,600025,20251209,91703020,0,282324,A,S,95500,20000,
600025.SH,600025,20251209,91703550,0,282408,A,S,95000,5000,
600025.SH,600025,20251209,91705590,0,282804,A,B,93100,1100,
600025.SH,600025,20251209,91706050,0,282885,A,B,92000,1100,
600025.SH,600025,20251209,91706480,0,282974,A,S,103500,2500,
600025.SH,600025,20251209,91709900,0,283691,A,B,93200,20000,
600025.SH,600025,20251209,91714890,0,284741,A,B,90000,1200,
600025.SH,600025,20251209,91717200,0,285167,A,B,93700,300,
600025.SH,600025,20251209,91717270,0,285185,A,B,93300,100,
600025.SH,600025,20251209,91726500,0,287011,A,B,93800,3000,
600025.SH,600025,20251209,91727220,0,287145,A,S,102300,100,
600025.SH,600025,20251209,91730510,0,287763,A,B,93800,100,
600025.SH,600025,20251209,91738050,0,289307,A,B,93800,2000,
600025.SH,600025,20251209,91744990,0,290703,A,B,93100,4000,
600025.SH,600025,20251209,91745350,0,255484,D,B,93200,400,
600025.SH,600025,20251209,91746180,0,290934,A,S,94500,1900,
600025.SH,600025,20251209,91746230,0,290952,A,B,93300,1100,
600025.SH,600025,20251209,91750280,0,291797,A,B,93300,400,
600025.SH,600025,20251209,91752080,0,292179,A,B,92900,400,
600025.SH,600025,20251209,91754110,0,292580,A,B,93500,200,
600025.SH,600025,20251209,91755210,0,292832,A,B,93000,1100,
600025.SH,600025,20251209,91756550,0,293119,A,B,93000,1000,
600025.SH,600025,20251209,91800040,0,293836,A,B,90000,2500,
600025.SH,600025,20251209,91800100,0,293846,A,B,93100,600,
600025.SH,600025,20251209,91801960,0,294258,A,B,93700,500,
600025.SH,600025,20251209,91810260,0,296079,A,B,92200,400,
600025.SH,600025,20251209,91812070,0,270725,D,S,91500,35000,
600025.SH,600025,20251209,91818980,0,297858,A,B,93000,300,
600025.SH,600025,20251209,91819860,0,298059,A,B,93000,1000,
600025.SH,600025,20251209,91821940,0,298483,A,B,93100,3700,
600025.SH,600025,20251209,91822950,0,290703,D,B,93100,4000,
600025.SH,600025,20251209,91823040,0,298710,A,B,93200,2000,
600025.SH,600025,20251209,91823440,0,298793,A,S,95000,5000,
600025.SH,600025,20251209,91823570,0,298812,A,B,93000,400,
600025.SH,600025,20251209,91823920,0,298893,A,S,95200,1000,
600025.SH,600025,20251209,91828050,0,299747,A,B,90000,500,
600025.SH,600025,20251209,91830060,0,300187,A,B,92200,500,
600025.SH,600025,20251209,91830840,0,300359,A,B,93000,10000,
600025.SH,600025,20251209,91831150,0,300434,A,B,93800,200,
600025.SH,600025,20251209,91831410,0,300495,A,B,93500,200,
600025.SH,600025,20251209,91834260,0,301102,A,B,93900,2000,
600025.SH,600025,20251209,91835170,0,301286,A,B,92000,1000,
600025.SH,600025,20251209,91836930,0,301672,A,B,93000,400,
600025.SH,600025,20251209,91838260,0,301928,A,B,92700,3000,
600025.SH,600025,20251209,91844040,0,303168,A,S,94500,4000,
600025.SH,600025,20251209,91850600,0,304464,A,S,99700,1000,
600025.SH,600025,20251209,91855180,0,305503,A,B,93000,400,
600025.SH,600025,20251209,91857200,0,305957,A,B,93500,500,
600025.SH,600025,20251209,91858020,0,306124,A,B,93900,900,
600025.SH,600025,20251209,91859130,0,306357,A,S,94500,1000,
600025.SH,600025,20251209,91859830,0,306517,A,B,93300,1000,
600025.SH,600025,20251209,91901950,0,306984,A,B,90000,2000,
600025.SH,600025,20251209,91903200,0,307297,A,B,93300,1500,
600025.SH,600025,20251209,91903460,0,265266,D,S,91600,51000,
600025.SH,600025,20251209,91904090,0,307506,A,B,94100,200,
600025.SH,600025,20251209,91905260,0,307775,A,B,93100,500,
600025.SH,600025,20251209,91911180,0,309096,A,B,93400,32300,
600025.SH,600025,20251209,91913070,0,309530,A,B,93300,2000,
600025.SH,600025,20251209,91915690,0,310087,A,B,92800,1000,
600025.SH,600025,20251209,91918750,0,310772,A,B,93300,2000,
600025.SH,600025,20251209,91919220,0,310876,A,S,96900,1000,
600025.SH,600025,20251209,91923730,0,311852,A,S,99700,1000,
600025.SH,600025,20251209,91928430,0,312913,A,S,94900,1800,
600025.SH,600025,20251209,91929200,0,313110,A,B,93800,2000,
600025.SH,600025,20251209,91930950,0,313512,A,B,93500,100,
600025.SH,600025,20251209,91936750,0,314785,A,B,91300,1000,
600025.SH,600025,20251209,91940990,0,315781,A,B,93600,3000,
600025.SH,600025,20251209,91941870,0,315994,A,S,96800,600,
600025.SH,600025,20251209,91945280,0,316822,A,B,94000,100,
600025.SH,600025,20251209,91949890,0,317902,A,S,102500,1000,
600025.SH,600025,20251209,91956620,0,319521,A,B,93300,10000,
600025.SH,600025,20251209,91956700,0,319545,A,S,84700,200,
600025.SH,600025,20251209,92000670,0,320552,A,S,89500,300,
600025.SH,600025,20251209,92002100,0,321029,A,S,92300,100,
600025.SH,600025,20251209,92002940,0,321314,A,B,103500,900,
600025.SH,600025,20251209,92004060,0,321683,A,B,95900,100,
600025.SH,600025,20251209,92007450,0,322716,A,S,94800,2000,
600025.SH,600025,20251209,92008910,0,323096,A,S,99500,2000,
600025.SH,600025,20251209,92009140,0,323160,A,B,93100,3000,
600025.SH,600025,20251209,92009950,0,323370,A,S,95400,500,
600025.SH,600025,20251209,92009990,0,323381,A,B,94000,1000,
600025.SH,600025,20251209,92011950,0,323881,A,S,94400,10000,
600025.SH,600025,20251209,92013870,0,324358,A,S,96500,500,
600025.SH,600025,20251209,92017090,0,325196,A,S,97000,200,
600025.SH,600025,20251209,92017660,0,325325,A,S,95000,10000,
600025.SH,600025,20251209,92027320,0,327730,A,S,94700,10000,
600025.SH,600025,20251209,92027410,0,327755,A,B,94100,600,
600025.SH,600025,20251209,92029880,0,328331,A,B,92100,1100,
600025.SH,600025,20251209,92033160,0,329277,A,S,94900,10000,
600025.SH,600025,20251209,92036380,0,330035,A,B,88000,2300,
600025.SH,600025,20251209,92039310,0,330738,A,B,93800,600,
600025.SH,600025,20251209,92040870,0,331154,A,B,88500,2000,
600025.SH,600025,20251209,92042340,0,331501,A,B,94100,1000,
600025.SH,600025,20251209,92042790,0,331641,A,S,103500,200,
600025.SH,600025,20251209,92044030,0,331988,A,S,95700,2000,
600025.SH,600025,20251209,92044780,0,332179,A,S,95200,10000,
600025.SH,600025,20251209,92045190,0,332267,A,S,96000,300,
600025.SH,600025,20251209,92045970,0,332448,A,B,93600,1000,
600025.SH,600025,20251209,92047160,0,332739,A,B,93300,1000,
600025.SH,600025,20251209,92050420,0,333609,A,S,95500,10000,
600025.SH,600025,20251209,92050540,0,333643,A,S,93000,3000,
600025.SH,600025,20251209,92051360,0,333857,A,B,93200,4400,
600025.SH,600025,20251209,92051880,0,334025,A,B,93500,500,
600025.SH,600025,20251209,92052880,0,334303,A,S,95600,28000,
600025.SH,600025,20251209,92055320,0,334940,A,S,95400,1000,
600025.SH,600025,20251209,92055640,0,335045,A,B,94100,1000,
600025.SH,600025,20251209,92056360,0,335224,A,S,95800,10000,
600025.SH,600025,20251209,92101100,0,336406,A,B,93100,1000,
600025.SH,600025,20251209,92101270,0,336461,A,B,93100,2000,
600025.SH,600025,20251209,92102250,0,336721,A,S,98000,1700,
600025.SH,600025,20251209,92104290,0,337293,A,S,95900,20000,
600025.SH,600025,20251209,92104600,0,337396,A,B,94100,100,
600025.SH,600025,20251209,92106380,0,337917,A,B,103500,500,
600025.SH,600025,20251209,92106570,0,337965,A,B,93500,1000,
600025.SH,600025,20251209,92106800,0,338018,A,S,103500,1100,
600025.SH,600025,20251209,92110070,0,338927,A,S,103500,500,
600025.SH,600025,20251209,92110200,0,338966,A,S,95100,8300,
600025.SH,600025,20251209,92110880,0,339148,A,B,93800,10000,
600025.SH,600025,20251209,92113130,0,339756,A,B,93000,1000,
600025.SH,600025,20251209,92115020,0,340245,A,S,96100,40000,
600025.SH,600025,20251209,92118460,0,341167,A,B,93500,10000,
600025.SH,600025,20251209,92122430,0,342281,A,B,93100,5000,
600025.SH,600025,20251209,92125100,0,343018,A,B,93200,10000,
600025.SH,600025,20251209,92126520,0,343385,A,B,93000,6000,
600025.SH,600025,20251209,92127360,0,343626,A,B,93800,200,
600025.SH,600025,20251209,92131160,0,344681,A,B,93000,10000,
600025.SH,600025,20251209,92137350,0,346402,A,S,103500,600,
600025.SH,600025,20251209,92139100,0,346915,A,S,94600,2000,
600025.SH,600025,20251209,92140210,0,347212,A,S,95500,1000,
600025.SH,600025,20251209,92142520,0,347895,A,B,93200,5000,
600025.SH,600025,20251209,92145750,0,348827,A,B,93500,5000,
600025.SH,600025,20251209,92146100,0,348922,A,B,93900,1000,
600025.SH,600025,20251209,92148740,0,349649,A,S,96000,5000,
600025.SH,600025,20251209,92150720,0,350244,A,B,92900,18000,
600025.SH,600025,20251209,92152150,0,350689,A,S,95600,10000,
600025.SH,600025,20251209,92158510,0,352499,A,B,93800,1800,
600025.SH,600025,20251209,92158980,0,352619,A,B,93300,1000,
600025.SH,600025,20251209,92200080,0,352911,A,S,97000,10400,
600025.SH,600025,20251209,92201250,0,353423,A,S,96300,700,
600025.SH,600025,20251209,92201360,0,353480,A,B,94200,200,
600025.SH,600025,20251209,92203760,0,354269,A,B,93100,10000,
600025.SH,600025,20251209,92211290,0,356510,A,S,94900,1800,
600025.SH,600025,20251209,92212050,0,356714,A,B,93300,1000,
600025.SH,600025,20251209,92213560,0,357132,A,B,94100,2400,
600025.SH,600025,20251209,92220710,0,359256,A,S,95300,3900,
600025.SH,600025,20251209,92221180,0,359409,A,S,96900,2000,
600025.SH,600025,20251209,92222640,0,359881,A,S,84800,41900,
600025.SH,600025,20251209,92224620,0,360471,A,B,93900,600,
600025.SH,600025,20251209,92224730,0,360500,A,S,89500,400,
600025.SH,600025,20251209,92226420,0,361024,A,S,94800,1000,
600025.SH,600025,20251209,92228980,0,361869,A,S,96500,300,
600025.SH,600025,20251209,92234640,0,363648,A,S,97100,6500,
600025.SH,600025,20251209,92240380,0,365414,A,S,98900,2000,
600025.SH,600025,20251209,92240720,0,365521,A,S,95000,10000,
600025.SH,600025,20251209,92240720,0,365522,A,S,96000,4000,
600025.SH,600025,20251209,92242060,0,366000,A,S,94200,4000,
600025.SH,600025,20251209,92244660,0,366820,A,B,93400,5000,
600025.SH,600025,20251209,92245950,0,367245,A,S,103500,300,
600025.SH,600025,20251209,92248570,0,368133,A,S,99300,1100,
600025.SH,600025,20251209,92252510,0,369457,A,B,92700,100,
600025.SH,600025,20251209,92254870,0,370198,A,S,100100,2000,
600025.SH,600025,20251209,92257620,0,371090,A,B,93900,200,
600025.SH,600025,20251209,92300080,0,371874,A,S,103500,2000,
600025.SH,600025,20251209,92300660,0,372085,A,S,91200,200,
600025.SH,600025,20251209,92301330,0,372353,A,B,93100,2000,
600025.SH,600025,20251209,92301850,0,372516,A,B,93900,100,
600025.SH,600025,20251209,92302130,0,372624,A,B,93900,1000,
600025.SH,600025,20251209,92302790,0,372918,A,S,91200,900,
600025.SH,600025,20251209,92302980,0,372993,A,S,93500,20000,
600025.SH,600025,20251209,92303750,0,373247,A,S,89500,300,
600025.SH,600025,20251209,92304550,0,373511,A,B,93300,2000,
600025.SH,600025,20251209,92305150,0,373697,A,S,94800,5000,
600025.SH,600025,20251209,92305610,0,373902,A,B,94000,20000,
600025.SH,600025,20251209,92305910,0,374019,A,S,94900,5800,
600025.SH,600025,20251209,92306520,0,374239,A,B,93700,100,
600025.SH,600025,20251209,92307200,0,374463,A,S,94400,2000,
600025.SH,600025,20251209,92311620,0,375913,A,B,93500,100,
600025.SH,600025,20251209,92311740,0,375950,A,B,93900,1000,
600025.SH,600025,20251209,92312140,0,376088,A,B,93700,1000,
600025.SH,600025,20251209,92315920,0,377352,A,S,95500,500,
600025.SH,600025,20251209,92316880,0,377691,A,S,93500,300,
600025.SH,600025,20251209,92317120,0,377795,A,B,93300,100,
600025.SH,600025,20251209,92317920,0,378099,A,B,93500,5000,
600025.SH,600025,20251209,92323390,0,380202,A,B,93500,5000,
600025.SH,600025,20251209,92323650,0,380285,A,S,95900,500,
600025.SH,600025,20251209,92324180,0,380486,A,B,93300,100,
600025.SH,600025,20251209,92325130,0,380832,A,B,94000,2100,
600025.SH,600025,20251209,92330180,0,382744,A,S,94400,1000,
600025.SH,600025,20251209,92331180,0,383140,A,B,93800,1900,
600025.SH,600025,20251209,92331610,0,383295,A,B,93600,500,
600025.SH,600025,20251209,92332540,0,383616,A,B,93900,3000,
600025.SH,600025,20251209,92333490,0,384032,A,B,93800,5000,
600025.SH,600025,20251209,92334030,0,384244,A,S,94900,18000,
600025.SH,600025,20251209,92337120,0,385411,A,B,93300,500,
600025.SH,600025,20251209,92337410,0,385539,A,B,94100,200,
600025.SH,600025,20251209,92340140,0,386606,A,B,93900,1500,
600025.SH,600025,20251209,92341360,0,387100,A,B,93900,100,
600025.SH,600025,20251209,92343600,0,387971,A,S,93900,36000,
600025.SH,600025,20251209,92343750,0,388034,A,B,93000,4000,
600025.SH,600025,20251209,92344140,0,388220,A,B,92100,2000,
600025.SH,600025,20251209,92345360,0,388729,A,B,93100,100,
600025.SH,600025,20251209,92345790,0,388894,A,S,89500,400,
600025.SH,600025,20251209,92349130,0,390231,A,B,93600,900,
600025.SH,600025,20251209,92350410,0,390723,A,B,93800,100,
600025.SH,600025,20251209,92350800,0,390867,A,B,93300,100,
600025.SH,600025,20251209,92351260,0,391076,A,B,93700,1000,
600025.SH,600025,20251209,92352460,0,391523,A,B,93100,10000,
600025.SH,600025,20251209,92353790,0,392058,A,S,84700,2300,
600025.SH,600025,20251209,92355460,0,392733,A,B,93900,1000,
600025.SH,600025,20251209,92356670,0,393203,A,B,93800,5000,
600025.SH,600025,20251209,92359720,0,394403,A,B,93200,100,
600025.SH,600025,20251209,92400300,0,394762,A,B,93000,10000,
600025.SH,600025,20251209,92401110,0,395206,A,S,95000,20000,
600025.SH,600025,20251209,92403000,0,396013,A,B,93500,1500,
600025.SH,600025,20251209,92405110,0,396985,A,B,93600,300,
600025.SH,600025,20251209,92405330,0,397086,A,S,95000,2000,
600025.SH,600025,20251209,92405890,0,397346,A,B,93300,6000,
600025.SH,600025,20251209,92406690,0,397734,A,B,93900,100,
600025.SH,600025,20251209,92407400,0,398077,A,B,92600,300,
600025.SH,600025,20251209,92408020,0,398394,A,B,93200,300,
600025.SH,600025,20251209,92408150,0,398459,A,S,95300,500,
600025.SH,600025,20251209,92408500,0,398628,A,B,93900,100,
600025.SH,600025,20251209,92408910,0,398814,A,B,93500,2000,
600025.SH,600025,20251209,92408960,0,398846,A,B,93600,500,
600025.SH,600025,20251209,92410240,0,399476,A,B,93500,5500,
600025.SH,600025,20251209,92411310,0,400038,A,B,93200,1500,
600025.SH,600025,20251209,92416150,0,402556,A,B,93600,800,
600025.SH,600025,20251209,92416330,0,402643,A,B,92000,300,
600025.SH,600025,20251209,92416760,0,402890,A,B,93600,200,
600025.SH,600025,20251209,92417910,0,403541,A,B,93000,100,
600025.SH,600025,20251209,92418750,0,404007,A,B,94000,500,
600025.SH,600025,20251209,92419500,0,404443,A,B,93500,100000,
600025.SH,600025,20251209,92419610,0,404509,A,B,93800,1000,
600025.SH,600025,20251209,92419630,0,404524,A,B,100000,20000,
600025.SH,600025,20251209,92421090,0,405326,A,B,94000,2000,
600025.SH,600025,20251209,92422380,0,406072,A,B,93100,200,
600025.SH,600025,20251209,92422640,0,406208,A,B,93300,3000,
600025.SH,600025,20251209,92423500,0,406719,A,S,95500,2000,
600025.SH,600025,20251209,92424610,0,407402,A,B,92000,1100,
600025.SH,600025,20251209,92427760,0,409201,A,B,93800,200,
600025.SH,600025,20251209,92429780,0,410416,A,B,93500,500,
600025.SH,600025,20251209,92431030,0,411293,A,B,93800,10000,
600025.SH,600025,20251209,92431990,0,411882,A,B,93700,200,
600025.SH,600025,20251209,92434100,0,413236,A,B,93900,100,
600025.SH,600025,20251209,92435470,0,414058,A,B,93500,1300,
600025.SH,600025,20251209,92435590,0,414122,A,B,93900,2000,
600025.SH,600025,20251209,92439330,0,416997,A,B,93700,10000,
600025.SH,600025,20251209,92441900,0,418787,A,S,95000,1100,
600025.SH,600025,20251209,92443080,0,419666,A,B,93100,4000,
600025.SH,600025,20251209,92447350,0,422603,A,B,93500,5000,
600025.SH,600025,20251209,92448050,0,423118,A,B,93600,10000,
600025.SH,600025,20251209,92448100,0,423161,A,B,93100,900,
600025.SH,600025,20251209,92449670,0,424470,A,S,92000,1500,
600025.SH,600025,20251209,92449730,0,424517,A,S,92400,5900,
600025.SH,600025,20251209,92450390,0,425408,A,B,103500,300,
600025.SH,600025,20251209,92451730,0,426752,A,S,89500,200,
600025.SH,600025,20251209,92452620,0,427532,A,S,90400,4900,
600025.SH,600025,20251209,92452640,0,427560,A,B,103500,300,
600025.SH,600025,20251209,92453170,0,428135,A,S,93900,200,
600025.SH,600025,20251209,92453200,0,428158,A,B,96800,8100,
600025.SH,600025,20251209,92453200,0,428159,A,B,96800,2400,
600025.SH,600025,20251209,92453240,0,428215,A,B,93100,200,
600025.SH,600025,20251209,92455120,0,430390,A,B,102500,300,
600025.SH,600025,20251209,92455590,0,431125,A,B,94800,100,
600025.SH,600025,20251209,92455790,0,431328,A,B,94800,100,
600025.SH,600025,20251209,92456350,0,432320,A,B,103500,300,
600025.SH,600025,20251209,92456450,0,432561,A,B,94800,100,
600025.SH,600025,20251209,92456790,0,433137,A,B,94800,100,
600025.SH,600025,20251209,92456880,0,433304,A,S,92000,4400,
600025.SH,600025,20251209,92457180,0,433984,A,B,93500,10000,
600025.SH,600025,20251209,92457370,0,434305,A,S,92000,400,
600025.SH,600025,20251209,92458030,0,435940,A,B,98400,9500,
600025.SH,600025,20251209,92458210,0,436373,A,S,92000,400,
600025.SH,600025,20251209,92458310,0,436585,A,B,95800,200,
600025.SH,600025,20251209,92458360,0,436688,A,B,93700,1100,
600025.SH,600025,20251209,92458650,0,437579,A,B,95800,300,
600025.SH,600025,20251209,92458690,0,437639,A,S,92000,200,
600025.SH,600025,20251209,92459130,0,438645,A,B,94500,14700,
600025.SH,600025,20251209,92459650,0,440228,A,B,94500,27300,
600025.SH,600025,20251209,92459900,0,441017,A,B,93000,10000,
600025.SH,600025,20251209,92459940,0,441117,A,B,94400,1000,
600025.SH,600025,20251209,92501190,0,0,S,O,0,0,
600025.SH,600025,20251209,93000120,0,441691,A,B,93100,300,
600025.SH,600025,20251209,93000400,0,443666,A,S,94700,5000,
600025.SH,600025,20251209,93000400,0,443697,A,S,94100,500,
600025.SH,600025,20251209,93002350,0,445456,A,S,94100,5500,
600025.SH,600025,20251209,93002610,0,446961,A,B,93300,1100,
600025.SH,600025,20251209,93002610,0,447319,A,B,94000,400,
600025.SH,600025,20251209,93002660,0,448016,A,S,94100,1300,
600025.SH,600025,20251209,93002660,0,448589,A,S,95100,1200,
600025.SH,600025,20251209,93002760,0,449295,A,B,93600,400,
600025.SH,600025,20251209,93002760,0,450263,A,S,94900,2000,
600025.SH,600025,20251209,93002900,0,452059,A,B,93600,500,
600025.SH,600025,20251209,93003040,0,452419,A,S,97000,2000,
600025.SH,600025,20251209,93003040,0,453195,A,S,100000,300,
600025.SH,600025,20251209,93003040,0,453228,A,B,93800,7000,
600025.SH,600025,20251209,93003190,0,455294,A,B,93800,500,
600025.SH,600025,20251209,93003190,0,455516,A,S,94400,10000,
600025.SH,600025,20251209,93003340,0,456164,A,S,94900,3000,
600025.SH,600025,20251209,93003350,0,457347,A,B,94000,100,
600025.SH,600025,20251209,93003490,0,457525,A,S,94300,1100,
600025.SH,600025,20251209,93003490,0,457835,A,B,93000,1000,
600025.SH,600025,20251209,93003500,0,458594,A,S,97800,1000,
600025.SH,600025,20251209,93003500,0,458704,A,B,93600,1500,
600025.SH,600025,20251209,93003500,0,458740,A,S,94100,3800,
600025.SH,600025,20251209,93003500,0,458753,A,B,90500,1200,
600025.SH,600025,20251209,93003500,0,458829,A,B,93000,300,
600025.SH,600025,20251209,93003500,0,458879,A,B,93100,300,
600025.SH,600025,20251209,93003640,0,459989,A,S,100200,248900,
600025.SH,600025,20251209,93003950,0,463059,A,B,90000,1000,
600025.SH,600025,20251209,93003950,0,463072,A,B,93400,500,
600025.SH,600025,20251209,93003950,0,463389,A,S,94200,6700,
600025.SH,600025,20251209,93003950,0,463488,A,S,96200,500,
600025.SH,600025,20251209,93003950,0,463563,A,B,93800,100,
600025.SH,600025,20251209,93003950,0,464065,A,B,93000,200,
600025.SH,600025,20251209,93003950,0,39517,D,S,96000,100,
600025.SH,600025,20251209,93003950,0,464261,A,S,94300,500,
600025.SH,600025,20251209,93004260,0,466764,A,S,95900,4400,
600025.SH,600025,20251209,93004420,0,395206,D,S,95000,20000,
600025.SH,600025,20251209,93004570,0,470655,A,B,93500,5000,
600025.SH,600025,20251209,93004730,0,472134,A,B,93900,200,
600025.SH,600025,20251209,93004730,0,472322,A,B,93500,300,
600025.SH,600025,20251209,93004730,0,472399,A,B,93000,3800,
600025.SH,600025,20251209,93004730,0,472724,A,B,94000,200,
600025.SH,600025,20251209,93004870,0,473533,A,B,94000,500,
600025.SH,600025,20251209,93004870,0,473824,A,B,93100,900,
600025.SH,600025,20251209,93004870,0,282804,D,B,93100,1100,
600025.SH,600025,20251209,93005040,0,475452,A,S,94200,12000,
600025.SH,600025,20251209,93005040,0,476556,A,S,94100,2400,
600025.SH,600025,20251209,93005180,0,477020,A,S,94400,2100,
600025.SH,600025,20251209,93005180,0,477589,A,S,94500,4000,
600025.SH,600025,20251209,93005180,0,477618,A,B,93600,400,
600025.SH,600025,20251209,93005180,0,478427,A,B,93300,1000,
600025.SH,600025,20251209,93005330,0,480122,A,S,94200,2600,
600025.SH,600025,20251209,93005480,0,480773,A,B,93600,1000,
600025.SH,600025,20251209,93005610,0,482618,A,B,94000,21300,
600025.SH,600025,20251209,93005610,0,483374,A,S,96500,400,
600025.SH,600025,20251209,93005610,0,483671,A,S,94100,500,
600025.SH,600025,20251209,93005770,0,484095,A,S,94100,700,
600025.SH,600025,20251209,93005770,0,484852,A,B,93600,100,
600025.SH,600025,20251209,93005770,0,485095,A,S,94900,1000,
600025.SH,600025,20251209,93005770,0,485307,A,S,95000,9000,
600025.SH,600025,20251209,93005770,0,485367,A,B,94000,400,
600025.SH,600025,20251209,93005920,0,485778,A,S,100000,200,
600025.SH,600025,20251209,93005920,0,486389,A,B,93600,300,
600025.SH,600025,20251209,93005920,0,487322,A,S,94500,2000,
600025.SH,600025,20251209,93006060,0,489032,A,S,94300,2000,
600025.SH,600025,20251209,93006060,0,489066,A,S,94900,100,
600025.SH,600025,20251209,93006210,0,489800,A,S,95000,46100,
600025.SH,600025,20251209,93006210,0,490875,A,S,96000,2000,
600025.SH,600025,20251209,93006510,0,493043,A,B,93500,300,
600025.SH,600025,20251209,93006510,0,493567,A,S,94400,1200,
600025.SH,600025,20251209,93006510,0,493630,A,B,93000,10000,
600025.SH,600025,20251209,93006510,0,493734,A,B,92900,1100,
600025.SH,600025,20251209,93006510,0,494323,A,B,92800,1300,
600025.SH,600025,20251209,93006510,0,494431,A,S,97000,4000,
600025.SH,600025,20251209,93006640,0,494895,A,B,92100,200000,
600025.SH,600025,20251209,93006640,0,495319,A,B,93400,1500,
600025.SH,600025,20251209,93006640,0,495424,A,B,93000,1500,
600025.SH,600025,20251209,93006640,0,495994,A,B,93300,1000,
600025.SH,600025,20251209,93006790,0,496395,A,B,93300,1100,
600025.SH,600025,20251209,93006790,0,496600,A,B,86000,100,
600025.SH,600025,20251209,93006790,0,496602,A,B,93600,200,
600025.SH,600025,20251209,93006790,0,496747,A,B,93700,200,
600025.SH,600025,20251209,93006930,0,303168,D,S,94500,4000,
600025.SH,600025,20251209,93006930,0,16357,D,B,90200,2500,
600025.SH,600025,20251209,93007080,0,500507,A,B,94000,800,
600025.SH,600025,20251209,93007080,0,500684,A,S,95500,1000,
600025.SH,600025,20251209,93007080,0,500812,A,S,94800,1000,
600025.SH,600025,20251209,93007080,0,500987,A,S,95500,1000,
600025.SH,600025,20251209,93007080,0,501126,A,S,94100,700,
600025.SH,600025,20251209,93007220,0,502397,A,S,95000,100,
600025.SH,600025,20251209,93007220,0,502398,A,B,92900,1100,
600025.SH,600025,20251209,93007220,0,502416,A,S,95500,100,
600025.SH,600025,20251209,93007220,0,502436,A,B,93900,100,
600025.SH,600025,20251209,93007220,0,502818,A,B,93400,500,
600025.SH,600025,20251209,93007220,0,502869,A,S,99900,700,
600025.SH,600025,20251209,93007380,0,503617,A,S,95300,100,
600025.SH,600025,20251209,93007380,0,503621,A,S,95400,100,
600025.SH,600025,20251209,93007380,0,503675,A,B,93700,100,
600025.SH,600025,20251209,93007380,0,503694,A,B,93600,100,
600025.SH,600025,20251209,93007380,0,503715,A,B,93500,100,
600025.SH,600025,20251209,93007380,0,503777,A,B,93200,2000,
600025.SH,600025,20251209,93007380,0,504198,A,B,93200,1000,
600025.SH,600025,20251209,93007380,0,504725,A,S,95000,10000,
600025.SH,600025,20251209,93007380,0,504740,A,B,90900,1100,
600025.SH,600025,20251209,93007380,0,504959,A,S,94600,1600,
600025.SH,600025,20251209,93007540,0,505213,A,B,91900,300,
600025.SH,600025,20251209,93007540,0,265504,D,S,94600,2100,
600025.SH,600025,20251209,93007540,0,506193,A,S,94100,6500,
600025.SH,600025,20251209,93007540,0,506565,A,S,98600,200,
600025.SH,600025,20251209,93007540,0,63223,D,B,93900,300,
600025.SH,600025,20251209,93007540,0,506663,A,S,101900,200,
600025.SH,600025,20251209,93007700,0,506850,A,B,93300,1000,
600025.SH,600025,20251209,93007700,0,508375,A,B,93500,1000,
600025.SH,600025,20251209,93007850,0,509638,A,S,95900,2000,
600025.SH,600025,20251209,93007850,0,510204,A,S,97800,200,
600025.SH,600025,20251209,93007990,0,510637,A,S,94600,400,
600025.SH,600025,20251209,93007990,0,511085,A,S,95100,1100,
600025.SH,600025,20251209,93007990,0,511364,A,B,92900,2900,
600025.SH,600025,20251209,93008290,0,513943,A,S,94400,1000,
600025.SH,600025,20251209,93008290,0,515120,A,B,92200,1100,
600025.SH,600025,20251209,93008440,0,515605,A,B,93000,4000,
600025.SH,600025,20251209,93008590,0,517422,A,B,93900,100,
600025.SH,600025,20251209,93008590,0,517468,A,B,90000,2000,
600025.SH,600025,20251209,93008720,0,518900,A,B,94000,100,
600025.SH,600025,20251209,93008720,0,519352,A,S,96900,1200,
600025.SH,600025,20251209,93008720,0,519406,A,B,92600,400,
600025.SH,600025,20251209,93008860,0,521351,A,S,94600,100,
600025.SH,600025,20251209,93009200,0,524294,A,S,94100,200,
600025.SH,600025,20251209,93009200,0,524648,A,B,94000,3000,
600025.SH,600025,20251209,93009200,0,525109,A,B,94000,1000,
600025.SH,600025,20251209,93009200,0,525606,A,B,93600,100,
600025.SH,600025,20251209,93009340,0,526533,A,S,94100,1000,
600025.SH,600025,20251209,93009500,0,528275,A,S,96000,1000,
600025.SH,600025,20251209,93009500,0,528769,A,B,93500,400,
600025.SH,600025,20251209,93009500,0,529312,A,S,95900,1000,
600025.SH,600025,20251209,93009500,0,529459,A,S,103300,1000,
600025.SH,600025,20251209,93009790,0,532083,A,B,94000,10000,
600025.SH,600025,20251209,93009790,0,532145,A,S,94500,1100,
600025.SH,600025,20251209,93009790,0,532170,A,B,93000,10000,
600025.SH,600025,20251209,93009790,0,532530,A,B,93600,30000,
600025.SH,600025,20251209,93009790,0,532588,A,B,92800,10000,
600025.SH,600025,20251209,93010080,0,535590,A,B,93500,2000,
600025.SH,600025,20251209,93010080,0,536578,A,S,95900,3000,
600025.SH,600025,20251209,93010080,0,536742,A,B,94000,100,
600025.SH,600025,20251209,93010080,0,536779,A,S,96900,3000,
600025.SH,600025,20251209,93010230,0,537440,A,S,101800,200,
600025.SH,600025,20251209,93010230,0,538039,A,S,96000,200,
600025.SH,600025,20251209,93010540,0,541535,A,B,93700,500,
600025.SH,600025,20251209,93010540,0,541873,A,S,94400,1500,
600025.SH,600025,20251209,93010700,0,543472,A,B,92900,500,
600025.SH,600025,20251209,93010700,0,543587,A,B,93100,1500,
600025.SH,600025,20251209,93010700,0,543774,A,B,93100,2500,
600025.SH,600025,20251209,93010700,0,544016,A,B,92900,1500,
600025.SH,600025,20251209,93010850,0,545235,A,B,93800,1000,
600025.SH,600025,20251209,93010850,0,545335,A,S,94600,100,
600025.SH,600025,20251209,93011090,0,548871,A,B,93600,500,
600025.SH,600025,20251209,93011250,0,549282,A,B,93100,2800,
600025.SH,600025,20251209,93011250,0,549892,A,S,94500,1000,
600025.SH,600025,20251209,93011250,0,550123,A,S,94100,800,
600025.SH,600025,20251209,93011250,0,550166,A,S,94100,4900,
600025.SH,600025,20251209,93011250,0,550252,A,S,95200,500,
600025.SH,600025,20251209,93011250,0,550375,A,B,94000,1000,
600025.SH,600025,20251209,93011410,0,550894,A,S,100000,300,
600025.SH,600025,20251209,93011410,0,551115,A,S,94800,1000,
600025.SH,600025,20251209,93011410,0,551176,A,S,94700,1000,
600025.SH,600025,20251209,93011410,0,552652,A,S,94100,7300,
600025.SH,600025,20251209,93011550,0,552733,A,S,95000,1000,
600025.SH,600025,20251209,93011550,0,552768,A,B,94000,100,
600025.SH,600025,20251209,93011550,0,553804,A,B,93700,500,
600025.SH,600025,20251209,93011550,0,554199,A,S,98000,200,
600025.SH,600025,20251209,93011700,0,554908,A,B,94000,1100,
600025.SH,600025,20251209,93011700,0,555254,A,S,95100,2300,
600025.SH,600025,20251209,93011770,0,555571,A,B,94000,100,
600025.SH,600025,20251209,93011770,0,556217,A,B,93300,200,
600025.SH,600025,20251209,93011770,0,556248,A,B,93500,300,
600025.SH,600025,20251209,93011770,0,557053,A,B,93500,400,
600025.SH,600025,20251209,93011920,0,557476,A,B,94000,100,
600025.SH,600025,20251209,93011920,0,558398,A,B,93000,2000,
600025.SH,600025,20251209,93011920,0,558508,A,B,94000,4000,
600025.SH,600025,20251209,93012050,0,560771,A,S,95800,64500,
600025.SH,600025,20251209,93012370,0,563038,A,B,94000,100,
600025.SH,600025,20251209,93012370,0,564315,A,B,93700,20000,
600025.SH,600025,20251209,93012370,0,564516,A,S,103500,1000,
600025.SH,600025,20251209,93012730,0,568874,A,B,93500,500,
600025.SH,600025,20251209,93012890,0,457347,D,B,94000,100,
600025.SH,600025,20251209,93012890,0,570639,A,S,95100,1000,
600025.SH,600025,20251209,93013040,0,571916,A,B,93500,100,
600025.SH,600025,20251209,93013190,0,573373,A,B,93000,500,
600025.SH,600025,20251209,93013340,0,574490,A,B,93500,3000,
600025.SH,600025,20251209,93013340,0,574500,A,B,93100,4000,
600025.SH,600025,20251209,93013500,0,576457,A,S,94100,400,
600025.SH,600025,20251209,93013500,0,577076,A,B,93500,14500,
600025.SH,600025,20251209,93013500,0,577202,A,S,94100,300,
600025.SH,600025,20251209,93013500,0,577735,A,B,93000,100,
600025.SH,600025,20251209,93013800,0,579998,A,B,93800,100,
600025.SH,600025,20251209,93013800,0,580962,A,B,93500,1100,
600025.SH,600025,20251209,93013800,0,581254,A,S,94100,400,
600025.SH,600025,20251209,93013800,0,581315,A,S,94100,1900,
600025.SH,600025,20251209,93013970,0,582226,A,B,93900,100,
600025.SH,600025,20251209,93013970,0,582237,A,B,93900,100,
600025.SH,600025,20251209,93013970,0,582664,A,S,95000,1000,
600025.SH,600025,20251209,93014120,0,584027,A,S,97000,600,
600025.SH,600025,20251209,93014120,0,584875,A,B,92500,2000,
600025.SH,600025,20251209,93014280,0,585794,A,B,94000,1000,
600025.SH,600025,20251209,93014280,0,586283,A,B,93200,500,
600025.SH,600025,20251209,93014280,0,586328,A,B,94000,200,
600025.SH,600025,20251209,93014430,0,588067,A,B,93000,1500,
600025.SH,600025,20251209,93014580,0,588985,A,S,101500,1600,
600025.SH,600025,20251209,93014580,0,590221,A,S,94200,3700,
600025.SH,600025,20251209,93014880,0,592637,A,B,92100,5000,
600025.SH,600025,20251209,93014880,0,592774,A,B,93900,100,
600025.SH,600025,20251209,93014880,0,593863,A,B,93300,100,
600025.SH,600025,20251209,93015020,0,595066,A,B,93900,3000,
600025.SH,600025,20251209,93015020,0,595121,A,B,93700,2000,
600025.SH,600025,20251209,93015020,0,595475,A,B,94000,5000,
600025.SH,600025,20251209,93015180,0,596002,A,B,93600,1000,
600025.SH,600025,20251209,93015180,0,596053,A,B,93100,1000,
600025.SH,600025,20251209,93015180,0,596148,A,B,94000,200,
600025.SH,600025,20251209,93015180,0,596335,A,B,93500,200,
600025.SH,600025,20251209,93015320,0,597723,A,B,94000,4300,
600025.SH,600025,20251209,93015320,0,598654,A,S,94300,4000,
600025.SH,600025,20251209,93015320,0,598760,A,S,94100,600,
600025.SH,600025,20251209,93015320,0,599168,A,B,93900,300,
600025.SH,600025,20251209,93015560,0,600930,A,S,94800,1500,
600025.SH,600025,20251209,93015560,0,600998,A,B,94000,1000,
600025.SH,600025,20251209,93015700,0,602744,A,S,94100,100,
600025.SH,600025,20251209,93015700,0,603118,A,B,94000,500,
600025.SH,600025,20251209,93015700,0,603532,A,B,93700,2000,
600025.SH,600025,20251209,93015850,0,604368,A,B,93100,1000,
600025.SH,600025,20251209,93016010,0,605886,A,B,93600,1000,
600025.SH,600025,20251209,93016010,0,606562,A,B,93400,30000,
600025.SH,600025,20251209,93016010,0,607095,A,B,93700,600,
600025.SH,600025,20251209,93016010,0,607317,A,B,93000,100,
600025.SH,600025,20251209,93016010,0,607357,A,S,94200,200,
600025.SH,600025,20251209,93016160,0,608202,A,S,95500,2000,
600025.SH,600025,20251209,93016160,0,609204,A,S,94700,1500,
600025.SH,600025,20251209,93016310,0,609528,A,B,90100,5600,
600025.SH,600025,20251209,93016310,0,610126,A,B,94000,5500,
600025.SH,600025,20251209,93016310,0,610387,A,S,99800,200,
600025.SH,600025,20251209,93016310,0,610625,A,B,93900,200,
600025.SH,600025,20251209,93016310,0,610691,A,S,94100,700,
600025.SH,600025,20251209,93016460,0,611773,A,S,94900,1000,
600025.SH,600025,20251209,93016460,0,612107,A,B,93100,600,
600025.SH,600025,20251209,93016630,0,613064,A,B,94000,3000,
600025.SH,600025,20251209,93016630,0,614203,A,S,95100,100,
600025.SH,600025,20251209,93016630,0,614212,A,S,95200,100,
600025.SH,600025,20251209,93016630,0,614238,A,B,93800,100,
600025.SH,600025,20251209,93016790,0,614923,A,S,94100,700,
600025.SH,600025,20251209,93016790,0,615616,A,S,94100,100,
600025.SH,600025,20251209,93016790,0,615649,A,B,93900,100,
600025.SH,600025,20251209,93016790,0,615710,A,B,94000,100,
600025.SH,600025,20251209,93016790,0,615746,A,S,94100,100,
600025.SH,600025,20251209,93016790,0,616138,A,B,94000,1800,
600025.SH,600025,20251209,93016790,0,616215,A,B,93300,10900,
600025.SH,600025,20251209,93016790,0,616364,A,B,93300,1300,
600025.SH,600025,20251209,93016940,0,616641,A,S,95900,1000,
600025.SH,600025,20251209,93017090,0,618340,A,B,93200,2000,
600025.SH,600025,20251209,93017140,0,236850,D,B,90200,300,
600025.SH,600025,20251209,93017140,0,619453,A,B,93100,1000,
600025.SH,600025,20251209,93017140,0,619868,A,S,94500,6000,
600025.SH,600025,20251209,93017300,0,621376,A,S,94100,300,
600025.SH,600025,20251209,93017300,0,621824,A,S,94100,700,
600025.SH,600025,20251209,93017410,0,622273,A,B,93400,20000,
600025.SH,600025,20251209,93017410,0,622396,A,B,93500,1000,
600025.SH,600025,20251209,93017410,0,623669,A,S,94100,100,
600025.SH,600025,20251209,93017610,0,624422,A,B,94000,100,
600025.SH,600025,20251209,93017920,0,628388,A,S,94600,9400,
600025.SH,600025,20251209,93017920,0,628717,A,S,94200,100,
