万得代码,交易所代码,自然日,时间,委托编号,交易所委托号,委托类型,委托代码,委托价格,委托数量,
600051.SH,600051,20251209,91400500,0,0,S,I,0,0,
600051.SH,600051,20251209,91500390,0,2389,A,S,79900,10000,
600051.SH,600051,20251209,91500440,0,2998,A,S,85000,100,
600051.SH,600051,20251209,91500520,0,3489,A,S,80900,10000,
600051.SH,600051,20251209,91501790,0,8759,A,S,78000,28100,
600051.SH,600051,20251209,91501850,0,9453,A,S,85000,200,
600051.SH,600051,20251209,91501960,0,12577,A,S,81800,10000,
600051.SH,600051,20251209,91502080,0,13988,A,S,85000,10000,
600051.SH,600051,20251209,91502080,0,13995,A,S,81100,10000,
600051.SH,600051,20251209,91502490,0,16935,A,S,78200,200,
600051.SH,600051,20251209,91502860,0,23687,A,S,84600,2700,
600051.SH,600051,20251209,91502860,0,24050,A,S,78000,1000,
600051.SH,600051,20251209,91503020,0,24628,A,B,74100,200,
600051.SH,600051,20251209,91503020,0,24642,A,S,80800,200,
600051.SH,600051,20251209,91503020,0,25285,A,S,79600,1500,
600051.SH,600051,20251209,91503020,0,25307,A,S,81900,2500,
600051.SH,600051,20251209,91503020,0,25372,A,S,84300,3500,
600051.SH,600051,20251209,91503020,0,25393,A,S,85000,1500,
600051.SH,600051,20251209,91503730,0,35205,A,S,84900,1100,
600051.SH,600051,20251209,91503730,0,35224,A,S,84900,1200,
600051.SH,600051,20251209,91503730,0,35562,A,S,85000,100,
600051.SH,600051,20251209,91503870,0,36666,A,S,85000,400,
600051.SH,600051,20251209,91504000,0,38581,A,S,84900,300,
600051.SH,600051,20251209,91504000,0,39567,A,S,84900,2200,
600051.SH,600051,20251209,91504000,0,39577,A,S,84900,100,
600051.SH,600051,20251209,91504140,0,41468,A,S,85000,3500,
600051.SH,600051,20251209,91504310,0,43639,A,S,78500,1100,
600051.SH,600051,20251209,91504310,0,43882,A,B,76000,1500,
600051.SH,600051,20251209,91504310,0,44715,A,B,76600,400,
600051.SH,600051,20251209,91504610,0,47876,A,S,85000,1000,
600051.SH,600051,20251209,91504750,0,50740,A,S,78300,10000,
600051.SH,600051,20251209,91504750,0,50741,A,B,76300,10000,
600051.SH,600051,20251209,91505050,0,53550,A,S,80500,500,
600051.SH,600051,20251209,91505050,0,54243,A,S,85000,6200,
600051.SH,600051,20251209,91505860,0,64682,A,B,75100,500,
600051.SH,600051,20251209,91505860,0,65136,A,B,78500,1300,
600051.SH,600051,20251209,91505990,0,66689,A,S,85000,100,
600051.SH,600051,20251209,91506130,0,69373,A,S,80000,2000,
600051.SH,600051,20251209,91506260,0,70565,A,S,81800,1000,
600051.SH,600051,20251209,91506260,0,70578,A,S,80000,1000,
600051.SH,600051,20251209,91506260,0,70713,A,B,76300,500,
600051.SH,600051,20251209,91506260,0,70753,A,S,78400,500,
600051.SH,600051,20251209,91506260,0,70777,A,S,78600,500,
600051.SH,600051,20251209,91506260,0,70790,A,S,78800,500,
600051.SH,600051,20251209,91506260,0,70807,A,S,79000,500,
600051.SH,600051,20251209,91506260,0,70979,A,S,85000,600,
600051.SH,600051,20251209,91506260,0,71076,A,B,75800,500,
600051.SH,600051,20251209,91506260,0,71089,A,S,78300,500,
600051.SH,600051,20251209,91506260,0,71099,A,S,78500,500,
600051.SH,600051,20251209,91506260,0,71111,A,S,78700,500,
600051.SH,600051,20251209,91506260,0,71124,A,S,78900,500,
600051.SH,600051,20251209,91506260,0,71144,A,S,80900,600,
600051.SH,600051,20251209,91506260,0,71156,A,S,81800,2500,
600051.SH,600051,20251209,91506260,0,71165,A,S,85000,8000,
600051.SH,600051,20251209,91506420,0,72777,A,S,85000,2000,
600051.SH,600051,20251209,91506420,0,72780,A,S,80900,2000,
600051.SH,600051,20251209,91506720,0,75827,A,B,74000,300,
600051.SH,600051,20251209,91506720,0,76385,A,S,85000,7300,
600051.SH,600051,20251209,91506860,0,78644,A,S,84900,2200,
600051.SH,600051,20251209,91506860,0,78815,A,S,84900,600,
600051.SH,600051,20251209,91506860,0,78860,A,S,78900,2000,
600051.SH,600051,20251209,91506860,0,78886,A,S,81800,2000,
600051.SH,600051,20251209,91506860,0,79082,A,B,69600,1000,
600051.SH,600051,20251209,91506860,0,79420,A,S,84900,2000,
600051.SH,600051,20251209,91507010,0,80690,A,S,84000,3500,
600051.SH,600051,20251209,91507150,0,82767,A,B,73500,500,
600051.SH,600051,20251209,91507300,0,84667,A,S,85000,200,
600051.SH,600051,20251209,91507600,0,89537,A,S,84900,100,
600051.SH,600051,20251209,91508490,0,99287,A,S,83800,300,
600051.SH,600051,20251209,91508650,0,100882,A,S,85000,1400,
600051.SH,600051,20251209,91508650,0,102124,A,B,76800,1200,
600051.SH,600051,20251209,91509270,0,109916,A,B,76000,200,
600051.SH,600051,20251209,91509270,0,109966,A,S,79500,4200,
600051.SH,600051,20251209,91509600,0,112666,A,B,77300,1000,
600051.SH,600051,20251209,91509600,0,112789,A,S,81600,7000,
600051.SH,600051,20251209,91509600,0,112790,A,S,81600,5900,
600051.SH,600051,20251209,91509650,0,113681,A,B,74500,300,
600051.SH,600051,20251209,91509970,0,118352,A,S,85000,1000,
600051.SH,600051,20251209,91509970,0,118973,A,S,81500,6100,
600051.SH,600051,20251209,91510180,0,121011,A,B,76500,200,
600051.SH,600051,20251209,91510350,0,122534,A,B,76000,500,
600051.SH,600051,20251209,91510350,0,122535,A,B,76300,500,
600051.SH,600051,20251209,91510350,0,122536,A,B,76600,500,
600051.SH,600051,20251209,91510350,0,122537,A,S,77600,500,
600051.SH,600051,20251209,91510510,0,123828,A,B,71700,1000,
600051.SH,600051,20251209,91510510,0,125112,A,S,81300,100,
600051.SH,600051,20251209,91511010,0,130253,A,S,78700,900,
600051.SH,600051,20251209,91511910,0,140463,A,S,78500,1000,
600051.SH,600051,20251209,91511910,0,140722,A,S,79900,2000,
600051.SH,600051,20251209,91511910,0,140988,A,B,76000,2000,
600051.SH,600051,20251209,91512080,0,142189,A,S,84900,300,
600051.SH,600051,20251209,91512630,0,149221,A,S,80000,1000,
600051.SH,600051,20251209,91512870,0,151246,A,S,81000,2000,
600051.SH,600051,20251209,91512870,0,151401,A,S,84900,300,
600051.SH,600051,20251209,91513530,0,158149,A,S,85000,1700,
600051.SH,600051,20251209,91513530,0,159259,A,S,84900,400,
600051.SH,600051,20251209,91513870,0,162006,A,S,78700,100,
600051.SH,600051,20251209,91513870,0,162648,A,S,85000,500,
600051.SH,600051,20251209,91513870,0,163030,A,S,78100,100,
600051.SH,600051,20251209,91514300,0,166681,A,S,85000,1400,
600051.SH,600051,20251209,91514460,0,168814,A,S,84300,19700,
600051.SH,600051,20251209,91514620,0,172444,A,S,85000,300,
600051.SH,600051,20251209,91514790,0,173055,A,S,79900,800,
600051.SH,600051,20251209,91514790,0,173056,A,S,82500,800,
600051.SH,600051,20251209,91514790,0,173057,A,S,85000,1600,
600051.SH,600051,20251209,91514790,0,173198,A,S,81800,5000,
600051.SH,600051,20251209,91514790,0,173514,A,S,84900,400,
600051.SH,600051,20251209,91515330,0,178969,A,S,85000,2000,
600051.SH,600051,20251209,91515460,0,180279,A,S,85000,200,
600051.SH,600051,20251209,91515910,0,184843,A,S,82000,600,
600051.SH,600051,20251209,91515910,0,186269,A,S,85000,100,
600051.SH,600051,20251209,91516090,0,187097,A,S,84800,100,
600051.SH,600051,20251209,91516260,0,188268,A,S,85000,5000,
600051.SH,600051,20251209,91516260,0,189355,A,S,85000,1000,
600051.SH,600051,20251209,91516260,0,189546,A,B,75300,22700,
600051.SH,600051,20251209,91516420,0,190246,A,B,74300,6800,
600051.SH,600051,20251209,91516420,0,190709,A,S,82000,900,
600051.SH,600051,20251209,91517050,0,195991,A,S,78400,300,
600051.SH,600051,20251209,91517050,0,195993,A,S,78900,300,
600051.SH,600051,20251209,91517050,0,195994,A,S,79400,300,
600051.SH,600051,20251209,91517050,0,195995,A,S,79900,300,
600051.SH,600051,20251209,91517050,0,195996,A,S,80400,300,
600051.SH,600051,20251209,91517050,0,195997,A,S,80900,300,
600051.SH,600051,20251209,91517050,0,196030,A,S,84900,300,
600051.SH,600051,20251209,91517050,0,196033,A,B,75300,600,
600051.SH,600051,20251209,91517050,0,196034,A,B,75100,600,
600051.SH,600051,20251209,91517050,0,196247,A,B,74600,600,
600051.SH,600051,20251209,91517050,0,196322,A,B,74400,600,
600051.SH,600051,20251209,91517620,0,203107,A,S,83000,2000,
600051.SH,600051,20251209,91517620,0,203479,A,S,81400,300,
600051.SH,600051,20251209,91517820,0,203547,A,B,75200,600,
600051.SH,600051,20251209,91517820,0,203548,A,B,75000,600,
600051.SH,600051,20251209,91517820,0,203610,A,B,74800,600,
600051.SH,600051,20251209,91517820,0,204444,A,B,74200,600,
600051.SH,600051,20251209,91517820,0,204449,A,B,74000,600,
600051.SH,600051,20251209,91517820,0,204959,A,S,80000,4800,
600051.SH,600051,20251209,91518000,0,205920,A,B,69600,1000,
600051.SH,600051,20251209,91518170,0,207654,A,S,77300,5000,
600051.SH,600051,20251209,91518450,0,210290,A,B,73000,600,
600051.SH,600051,20251209,91518900,0,214767,A,B,73800,600,
600051.SH,600051,20251209,91518900,0,214773,A,B,73600,600,
600051.SH,600051,20251209,91518900,0,214818,A,B,73400,600,
600051.SH,600051,20251209,91518900,0,215155,A,B,73200,600,
600051.SH,600051,20251209,91518900,0,215170,A,S,77900,300,
600051.SH,600051,20251209,91519050,0,215805,A,S,84900,1300,
600051.SH,600051,20251209,91519320,0,217717,A,S,84900,100,
600051.SH,600051,20251209,91519710,0,219587,A,B,71900,5600,
600051.SH,600051,20251209,91520790,0,224930,A,S,85000,100,
600051.SH,600051,20251209,91520810,0,225017,A,S,83600,100,
600051.SH,600051,20251209,91520830,0,225139,A,S,84900,3600,
600051.SH,600051,20251209,91520930,0,225495,A,S,84900,100,
600051.SH,600051,20251209,91521020,0,226058,A,S,85000,1200,
600051.SH,600051,20251209,91521100,0,226425,A,S,85000,1200,
600051.SH,600051,20251209,91521170,0,226710,A,S,84700,5500,
600051.SH,600051,20251209,91521330,0,227733,A,S,85000,1300,
600051.SH,600051,20251209,91521740,0,229231,A,S,85000,1200,
600051.SH,600051,20251209,91522820,0,232686,A,S,79100,5400,
600051.SH,600051,20251209,91523180,0,233817,A,S,78300,3100,
600051.SH,600051,20251209,91527740,0,236132,A,B,80700,200,
600051.SH,600051,20251209,91534890,0,237904,A,S,79000,1600,
600051.SH,600051,20251209,91534890,0,237905,A,S,79800,1600,
600051.SH,600051,20251209,91534890,0,237906,A,S,80600,1600,
600051.SH,600051,20251209,91539560,0,239189,A,S,78000,3000,
600051.SH,600051,20251209,91559660,0,245056,A,S,81900,600,
600051.SH,600051,20251209,91603320,0,246347,A,S,80200,500,
600051.SH,600051,20251209,91619700,0,249375,A,S,69600,1800,
600051.SH,600051,20251209,91702100,0,255834,A,B,83500,900,
600051.SH,600051,20251209,91702160,0,255842,A,B,77300,1300,
600051.SH,600051,20251209,91723110,0,259260,A,B,76100,200,
600051.SH,600051,20251209,91724330,0,259472,A,S,84600,4100,
600051.SH,600051,20251209,91733500,0,261100,A,S,84600,6900,
600051.SH,600051,20251209,91820780,0,269256,A,S,77800,3000,
600051.SH,600051,20251209,91824430,0,269857,A,S,85000,1200,
600051.SH,600051,20251209,91842840,0,273147,A,S,78600,1500,
600051.SH,600051,20251209,91842990,0,273171,A,S,77200,16700,
600051.SH,600051,20251209,91848260,0,274096,A,B,76600,10000,
600051.SH,600051,20251209,91859920,0,276209,A,S,77900,1500,
600051.SH,600051,20251209,91906830,0,277469,A,S,77200,2800,
600051.SH,600051,20251209,91933750,0,282522,A,S,85000,1000,
600051.SH,600051,20251209,92003340,0,288398,A,S,69600,1600,
600051.SH,600051,20251209,92004530,0,288756,A,S,81000,1000,
600051.SH,600051,20251209,92022860,0,292410,A,S,85000,200,
600051.SH,600051,20251209,92029620,0,293705,A,B,80000,1300,
600051.SH,600051,20251209,92105020,0,300909,A,B,76300,1500,
600051.SH,600051,20251209,92105630,0,301035,A,B,77200,100,
600051.SH,600051,20251209,92116280,0,303273,A,S,78000,3000,
600051.SH,600051,20251209,92118690,0,303825,A,S,78200,10000,
600051.SH,600051,20251209,92122630,0,304686,A,S,85000,1000,
600051.SH,600051,20251209,92126700,0,305593,A,S,77900,10000,
600051.SH,600051,20251209,92132560,0,306843,A,S,78000,3000,
600051.SH,600051,20251209,92137900,0,308006,A,B,77000,4600,
600051.SH,600051,20251209,92146270,0,309905,A,S,78500,5500,
600051.SH,600051,20251209,92153330,0,311550,A,S,78000,2100,
600051.SH,600051,20251209,92200180,0,313103,A,S,84800,2500,
600051.SH,600051,20251209,92215160,0,317052,A,S,85000,1200,
600051.SH,600051,20251209,92244860,0,324662,A,S,78800,1000,
600051.SH,600051,20251209,92319040,0,334141,A,S,77200,100,
600051.SH,600051,20251209,92329810,0,337305,A,B,74900,1000,
600051.SH,600051,20251209,92332930,0,338233,A,B,75000,200,
600051.SH,600051,20251209,92335860,0,339138,A,S,84500,4000,
600051.SH,600051,20251209,92358590,0,346221,A,B,76000,3000,
600051.SH,600051,20251209,92359780,0,346580,A,S,85000,100,
600051.SH,600051,20251209,92400120,0,346794,A,B,81100,400,
600051.SH,600051,20251209,92406680,0,349207,A,S,78800,6000,
600051.SH,600051,20251209,92407800,0,349597,A,S,85000,200,
600051.SH,600051,20251209,92421810,0,355266,A,S,77800,1000,
600051.SH,600051,20251209,92423890,0,356259,A,S,83800,1000,
600051.SH,600051,20251209,92430230,0,359083,A,S,77200,2200,
600051.SH,600051,20251209,92430690,0,359321,A,S,77200,200,
600051.SH,600051,20251209,92433290,0,360587,A,B,85000,700,
600051.SH,600051,20251209,92437260,0,362426,A,B,80300,1600,
600051.SH,600051,20251209,92440140,0,364208,A,B,81100,200,
600051.SH,600051,20251209,92440990,0,364666,A,B,77600,1200,
600051.SH,600051,20251209,92441130,0,364741,A,S,76800,4400,
600051.SH,600051,20251209,92442860,0,365624,A,S,79500,500,
600051.SH,600051,20251209,92447140,0,367944,A,S,76800,4000,
600051.SH,600051,20251209,92449600,0,369469,A,S,75900,100,
600051.SH,600051,20251209,92450140,0,370011,A,B,77000,900,
600051.SH,600051,20251209,92450140,0,370023,A,B,77000,200,
600051.SH,600051,20251209,92450140,0,370034,A,B,81100,300,
600051.SH,600051,20251209,92450180,0,370068,A,S,83200,7200,
600051.SH,600051,20251209,92450830,0,370775,A,B,85000,400,
600051.SH,600051,20251209,92450850,0,370792,A,B,77000,1400,
600051.SH,600051,20251209,92455310,0,374740,A,S,76200,100,
600051.SH,600051,20251209,92455310,0,374741,A,S,77200,14000,
600051.SH,600051,20251209,92455820,0,375234,A,S,85000,1800,
600051.SH,600051,20251209,92456240,0,375854,A,B,77000,200,
600051.SH,600051,20251209,92456780,0,376647,A,B,80600,3300,
600051.SH,600051,20251209,92457000,0,376986,A,S,77200,200,
600051.SH,600051,20251209,92457130,0,377172,A,S,76400,200,
600051.SH,600051,20251209,92458090,0,378935,A,B,75000,200,
600051.SH,600051,20251209,92458820,0,380516,A,B,77600,1500,
600051.SH,600051,20251209,92459000,0,380807,A,S,77800,5000,
600051.SH,600051,20251209,92459930,0,383288,A,B,79500,500,
600051.SH,600051,20251209,92500920,0,0,S,O,0,0,
600051.SH,600051,20251209,93000020,0,383600,A,B,76500,5000,
600051.SH,600051,20251209,93000170,0,384212,A,S,78500,5000,
600051.SH,600051,20251209,93000490,0,386417,A,S,78900,800,
600051.SH,600051,20251209,93001150,0,386845,A,B,77000,300,
600051.SH,600051,20251209,93001830,0,388850,A,B,76700,200,
600051.SH,600051,20251209,93002140,0,390982,A,B,75600,500,
600051.SH,600051,20251209,93002390,0,392006,A,B,77000,100,
600051.SH,600051,20251209,93002460,0,393048,A,B,74800,200,
600051.SH,600051,20251209,93002500,0,393138,A,S,77200,11000,
600051.SH,600051,20251209,93002650,0,394754,A,B,75000,200,
600051.SH,600051,20251209,93003120,0,401592,A,B,77000,100,
600051.SH,600051,20251209,93003270,0,402672,A,B,77000,100,
600051.SH,600051,20251209,93003270,0,403527,A,B,77200,32600,
600051.SH,600051,20251209,93003570,0,406028,A,B,77000,100,
600051.SH,600051,20251209,93003720,0,408831,A,S,85000,700,
600051.SH,600051,20251209,93003870,0,409021,A,S,79000,700,
600051.SH,600051,20251209,93003870,0,409973,A,B,76400,2000,
600051.SH,600051,20251209,93004170,0,413592,A,S,77400,4200,
600051.SH,600051,20251209,93004170,0,413705,A,S,77300,7200,
600051.SH,600051,20251209,93004330,0,415737,A,S,77700,400,
600051.SH,600051,20251209,93004480,0,416500,A,B,76500,400,
600051.SH,600051,20251209,93004780,0,420749,A,B,77000,100,
600051.SH,600051,20251209,93005250,0,8759,D,S,78000,28100,
600051.SH,600051,20251209,93005400,0,300909,D,B,76300,1500,
600051.SH,600051,20251209,93005690,0,430390,A,B,77200,600,
600051.SH,600051,20251209,93005840,0,433364,A,S,85000,2700,
600051.SH,600051,20251209,93005990,0,435009,A,S,78400,2000,
600051.SH,600051,20251209,93005990,0,435082,A,S,78800,500,
600051.SH,600051,20251209,93006570,0,441586,A,S,77800,1800,
600051.SH,600051,20251209,93006870,0,444462,A,S,77900,10000,
600051.SH,600051,20251209,93006870,0,445263,A,S,77300,200,
600051.SH,600051,20251209,93006870,0,445694,A,B,77000,200,
600051.SH,600051,20251209,93007460,0,452490,A,B,77100,1100,
600051.SH,600051,20251209,93008220,0,461328,A,B,77100,100,
600051.SH,600051,20251209,93008220,0,461359,A,B,77100,100,
600051.SH,600051,20251209,93008520,0,465156,A,B,77200,300,
600051.SH,600051,20251209,93008670,0,467322,A,B,77000,700,
600051.SH,600051,20251209,93008820,0,468130,A,B,77000,600,
600051.SH,600051,20251209,93008820,0,469536,A,S,78100,1500,
600051.SH,600051,20251209,93008970,0,470139,A,B,77000,100,
600051.SH,600051,20251209,93008970,0,375854,D,B,77000,200,
600051.SH,600051,20251209,93009260,0,473555,A,B,77300,300,
600051.SH,600051,20251209,93009260,0,474853,A,B,77000,3800,
600051.SH,600051,20251209,93009430,0,476572,A,B,77000,100,
600051.SH,600051,20251209,93009570,0,478993,A,S,81000,1000,
600051.SH,600051,20251209,93010260,0,486964,A,B,77000,100,
600051.SH,600051,20251209,93010910,0,461328,D,B,77100,100,
600051.SH,600051,20251209,93010920,0,493891,A,S,83000,2640,
600051.SH,600051,20251209,93011580,0,501150,A,B,77000,100,
600051.SH,600051,20251209,93011710,0,502188,A,B,77100,100,
600051.SH,600051,20251209,93011930,0,503725,A,S,85000,200,
600051.SH,600051,20251209,93012080,0,505528,A,S,78800,500,
600051.SH,600051,20251209,93012580,0,512196,A,B,76500,11800,
600051.SH,600051,20251209,93012890,0,515384,A,S,77500,200,
600051.SH,600051,20251209,93012890,0,515464,A,B,77000,500,
600051.SH,600051,20251209,93012890,0,515465,A,B,77000,600,
600051.SH,600051,20251209,93013190,0,519444,A,B,77300,200,
600051.SH,600051,20251209,93013480,0,522088,A,B,76800,800,
600051.SH,600051,20251209,93013480,0,522978,A,S,85000,200,
600051.SH,600051,20251209,93013630,0,525091,A,S,85000,300,
600051.SH,600051,20251209,93014300,0,530908,A,S,77300,5000,
600051.SH,600051,20251209,93014600,0,534461,A,B,77200,100,
600051.SH,600051,20251209,93014970,0,370792,D,B,77000,1400,
600051.SH,600051,20251209,93015090,0,461359,D,B,77100,100,
600051.SH,600051,20251209,93015520,0,406028,D,B,77000,100,
600051.SH,600051,20251209,93015670,0,401592,D,B,77000,100,
600051.SH,600051,20251209,93015670,0,545841,A,S,84000,1000,
600051.SH,600051,20251209,93015990,0,420749,D,B,77000,100,
600051.SH,600051,20251209,93016330,0,553463,A,B,77200,100,
600051.SH,600051,20251209,93016330,0,553794,A,B,77200,100,
600051.SH,600051,20251209,93016330,0,553873,A,B,77200,100,
600051.SH,600051,20251209,93016890,0,560228,A,S,77200,100,
600051.SH,600051,20251209,93017080,0,562226,A,S,77400,5000,
600051.SH,600051,20251209,93017360,0,370011,D,B,77000,900,
600051.SH,600051,20251209,93017920,0,572175,A,B,77100,100,
600051.SH,600051,20251209,93017920,0,572196,A,B,77100,300,
600051.SH,600051,20251209,93018210,0,574601,A,S,77300,100,
600051.SH,600051,20251209,93018280,0,575353,A,B,77100,100,
600051.SH,600051,20251209,93018280,0,486964,D,B,77000,100,
600051.SH,600051,20251209,93018420,0,530908,D,S,77300,500,
600051.SH,600051,20251209,93018420,0,577850,A,S,77800,12000,
600051.SH,600051,20251209,93018580,0,308006,D,B,77000,3400,
600051.SH,600051,20251209,93018580,0,501150,D,B,77000,100,
600051.SH,600051,20251209,93018740,0,581299,A,B,77200,100,
600051.SH,600051,20251209,93018890,0,582016,A,B,77300,100,
600051.SH,600051,20251209,93019060,0,584556,A,B,77200,1300,
600051.SH,600051,20251209,93019210,0,585765,A,B,77200,100,
600051.SH,600051,20251209,93019290,0,586402,A,S,78100,16500,
600051.SH,600051,20251209,93019290,0,586486,A,B,77200,400,
600051.SH,600051,20251209,93019290,0,586576,A,B,77300,100,
600051.SH,600051,20251209,93019290,0,586722,A,B,77300,100,
600051.SH,600051,20251209,93019290,0,586798,A,B,77200,100,
600051.SH,600051,20251209,93019290,0,587321,A,B,77200,700,
600051.SH,600051,20251209,93019930,0,593557,A,B,77300,800,
600051.SH,600051,20251209,93019930,0,594058,A,B,77000,600,
600051.SH,600051,20251209,93019930,0,572175,D,B,77100,100,
600051.SH,600051,20251209,93020400,0,598864,A,S,77900,2000,
600051.SH,600051,20251209,93020680,0,602344,A,S,83300,200,
600051.SH,600051,20251209,93020830,0,602808,A,S,85000,100,
600051.SH,600051,20251209,93020990,0,604734,A,B,77000,1200,
600051.SH,600051,20251209,93020990,0,605022,A,B,77300,300,
600051.SH,600051,20251209,93021370,0,608850,A,B,77300,500,
600051.SH,600051,20251209,93021370,0,608854,A,B,77300,400,
600051.SH,600051,20251209,93021520,0,610055,A,B,77300,300,
600051.SH,600051,20251209,93021660,0,611440,A,B,77200,100,
600051.SH,600051,20251209,93021660,0,612322,A,B,77100,300,
600051.SH,600051,20251209,93022050,0,470139,D,B,77000,100,
600051.SH,600051,20251209,93022140,0,467322,D,B,77000,700,
600051.SH,600051,20251209,93022140,0,468130,D,B,77000,600,
600051.SH,600051,20251209,93022140,0,617498,A,S,77100,2800,
600051.SH,600051,20251209,93022140,0,617499,A,S,77100,4000,
600051.SH,600051,20251209,93022140,0,617500,A,S,77300,300,
600051.SH,600051,20251209,93022140,0,617501,A,S,77300,300,
600051.SH,600051,20251209,93022140,0,617502,A,S,77300,300,
600051.SH,600051,20251209,93022140,0,617503,A,S,77300,300,
600051.SH,600051,20251209,93022140,0,617504,A,S,77300,300,
600051.SH,600051,20251209,93022140,0,617509,A,S,77300,200,
600051.SH,600051,20251209,93022140,0,617545,A,S,77300,300,
600051.SH,600051,20251209,93022140,0,617728,A,S,77300,100,
600051.SH,600051,20251209,93022680,0,622275,A,S,77300,900,
600051.SH,600051,20251209,93022770,0,622857,A,S,77200,100,
600051.SH,600051,20251209,93022930,0,624616,A,S,79500,1500,
600051.SH,600051,20251209,93022930,0,625017,A,B,76400,2300,
600051.SH,600051,20251209,93022930,0,625575,A,S,77300,200,
600051.SH,600051,20251209,93023130,0,594058,D,B,77000,600,
600051.SH,600051,20251209,93023270,0,627802,A,S,77300,100,
600051.SH,600051,20251209,93023270,0,627886,A,S,77300,300,
600051.SH,600051,20251209,93023270,0,627887,A,S,77300,300,
600051.SH,600051,20251209,93023270,0,627897,A,S,77300,300,
600051.SH,600051,20251209,93023270,0,627954,A,S,77300,300,
600051.SH,600051,20251209,93023270,0,628275,A,S,77300,500,
600051.SH,600051,20251209,93023410,0,629520,A,S,77300,200,
600051.SH,600051,20251209,93023410,0,629744,A,S,77200,200,
600051.SH,600051,20251209,93023410,0,474853,D,B,77000,3800,
600051.SH,600051,20251209,93023720,0,633988,A,S,77200,300,
600051.SH,600051,20251209,93023860,0,634166,A,S,77200,500,
600051.SH,600051,20251209,93024100,0,636914,A,S,77300,200,
600051.SH,600051,20251209,93024100,0,636977,A,S,77100,3700,
600051.SH,600051,20251209,93024100,0,637486,A,B,76800,200,
600051.SH,600051,20251209,93024240,0,617498,D,S,77100,300,
600051.SH,600051,20251209,93024240,0,617499,D,S,77100,4000,
600051.SH,600051,20251209,93024340,0,622275,D,S,77300,900,
600051.SH,600051,20251209,93025320,0,646046,A,S,77100,700,
600051.SH,600051,20251209,93025390,0,646288,A,S,77300,100,
600051.SH,600051,20251209,93025610,0,647648,A,S,78400,1000,
600051.SH,600051,20251209,93025620,0,647776,A,B,77000,100,
600051.SH,600051,20251209,93026190,0,651093,A,S,77200,300,
600051.SH,600051,20251209,93026190,0,651146,A,S,77300,100,
600051.SH,600051,20251209,93026790,0,654537,A,S,77100,100,
600051.SH,600051,20251209,93027020,0,628275,D,S,77300,500,
600051.SH,600051,20251209,93027240,0,657305,A,S,77100,700,
600051.SH,600051,20251209,93027400,0,658220,A,B,77000,100,
600051.SH,600051,20251209,93027450,0,658573,A,S,77300,300,
600051.SH,600051,20251209,93027470,0,658650,A,B,77000,100,
600051.SH,600051,20251209,93027590,0,659159,A,S,77300,300,
600051.SH,600051,20251209,93027740,0,660291,A,S,77200,100,
600051.SH,600051,20251209,93027930,0,661493,A,B,77000,600,
600051.SH,600051,20251209,93028010,0,661863,A,S,77300,100,
600051.SH,600051,20251209,93028010,0,661866,A,S,77300,100,
600051.SH,600051,20251209,93028560,0,665465,A,S,77300,100,
600051.SH,600051,20251209,93028610,0,665747,A,S,77300,600,
600051.SH,600051,20251209,93029000,0,668367,A,S,77300,100,
600051.SH,600051,20251209,93029010,0,668612,A,S,77300,900,
600051.SH,600051,20251209,93029080,0,515465,D,B,77000,200,
600051.SH,600051,20251209,93029470,0,671584,A,S,77300,100,
600051.SH,600051,20251209,93029630,0,672701,A,B,76900,200,
600051.SH,600051,20251209,93030000,0,675289,A,B,76500,5000,
600051.SH,600051,20251209,93030020,0,675372,A,S,77200,1800,
600051.SH,600051,20251209,93030020,0,675459,A,B,77000,300,
600051.SH,600051,20251209,93030050,0,675633,A,B,77000,100,
600051.SH,600051,20251209,93030400,0,678082,A,B,77000,300,
600051.SH,600051,20251209,93031140,0,562226,D,S,77400,5000,
600051.SH,600051,20251209,93031220,0,683752,A,S,77300,800,
600051.SH,600051,20251209,93031320,0,684283,A,B,77000,100,
600051.SH,600051,20251209,93031510,0,685841,A,S,77300,700,
600051.SH,600051,20251209,93031600,0,686269,A,B,77000,400,
600051.SH,600051,20251209,93031690,0,686915,A,B,77000,1200,
600051.SH,600051,20251209,93031820,0,687681,A,B,77100,400,
600051.SH,600051,20251209,93032070,0,689551,A,S,77300,700,
600051.SH,600051,20251209,93032100,0,303825,D,S,78200,10000,
600051.SH,600051,20251209,93032100,0,689978,A,B,77100,2800,
600051.SH,600051,20251209,93032340,0,691377,A,B,77000,300,
600051.SH,600051,20251209,93032480,0,692454,A,S,77200,2300,
600051.SH,600051,20251209,93032550,0,692849,A,S,77400,28100,
600051.SH,600051,20251209,93032710,0,693801,A,B,76900,1600,
600051.SH,600051,20251209,93033120,0,696541,A,B,77100,300,
600051.SH,600051,20251209,93033120,0,675459,D,B,77000,300,
600051.SH,600051,20251209,93033140,0,617728,D,S,77300,100,
600051.SH,600051,20251209,93033140,0,668612,D,S,77300,900,
600051.SH,600051,20251209,93033190,0,617509,D,S,77300,200,
600051.SH,600051,20251209,93033220,0,697209,A,B,77000,600,
600051.SH,600051,20251209,93033220,0,697215,A,B,76100,200,
600051.SH,600051,20251209,93033300,0,697682,A,B,77100,300,
600051.SH,600051,20251209,93033490,0,698764,A,B,77100,300,
600051.SH,600051,20251209,93033800,0,701112,A,S,77200,300,
600051.SH,600051,20251209,93033940,0,701867,A,B,77000,1200,
600051.SH,600051,20251209,93034040,0,702449,A,B,77100,200,
600051.SH,600051,20251209,93034090,0,702816,A,B,77000,200,
600051.SH,600051,20251209,93034470,0,705132,A,B,76900,3800,
600051.SH,600051,20251209,93034500,0,705430,A,B,77100,400,
600051.SH,600051,20251209,93034720,0,706613,A,B,77100,200,
600051.SH,600051,20251209,93034780,0,706949,A,B,77100,300,
600051.SH,600051,20251209,93035010,0,708254,A,B,77100,200,
600051.SH,600051,20251209,93035010,0,708289,A,S,77300,800,
600051.SH,600051,20251209,93035220,0,709578,A,S,85000,100,
600051.SH,600051,20251209,93035330,0,710310,A,B,77100,200,
600051.SH,600051,20251209,93035580,0,711752,A,B,77100,100,
600051.SH,600051,20251209,93035630,0,712205,A,B,77100,100,
600051.SH,600051,20251209,93035690,0,712561,A,B,77100,200,
600051.SH,600051,20251209,93035760,0,713130,A,S,77200,300,
600051.SH,600051,20251209,93035780,0,702816,D,B,77000,200,
600051.SH,600051,20251209,93035920,0,714095,A,S,77200,1600,
600051.SH,600051,20251209,93036030,0,617500,D,S,77300,100,
600051.SH,600051,20251209,93036030,0,617502,D,S,77300,300,
600051.SH,600051,20251209,93036030,0,617545,D,S,77300,300,
600051.SH,600051,20251209,93036060,0,714992,A,B,77200,700,
600051.SH,600051,20251209,93036060,0,714993,A,B,77200,900,
600051.SH,600051,20251209,93036060,0,715028,A,B,77200,1600,
600051.SH,600051,20251209,93036090,0,715144,A,B,77200,800,
600051.SH,600051,20251209,93036120,0,715264,A,B,77200,1100,
600051.SH,600051,20251209,93036150,0,715630,A,B,77200,700,
600051.SH,600051,20251209,93038180,0,727754,A,B,77100,700,
600051.SH,600051,20251209,93038210,0,728015,A,B,77100,100,
600051.SH,600051,20251209,93039160,0,733369,A,B,77200,200,
600051.SH,600051,20251209,93039260,0,705132,D,B,76900,3800,
600051.SH,600051,20251209,93039580,0,735956,A,B,76900,100,
600051.SH,600051,20251209,93039580,0,735957,A,B,76900,100,
600051.SH,600051,20251209,93039690,0,736428,A,S,77300,200,
600051.SH,600051,20251209,93041150,0,744463,A,S,77300,200,
600051.SH,600051,20251209,93041250,0,686915,D,B,77000,1200,
600051.SH,600051,20251209,93042110,0,749079,A,B,77100,300,
600051.SH,600051,20251209,93042110,0,749090,A,B,77100,100,
600051.SH,600051,20251209,93042110,0,749091,A,B,77100,300,
600051.SH,600051,20251209,93042110,0,749105,A,B,77100,300,
600051.SH,600051,20251209,93042110,0,749111,A,B,77100,100,
600051.SH,600051,20251209,93042110,0,749115,A,B,77100,300,
600051.SH,600051,20251209,93042110,0,749127,A,B,77100,300,
600051.SH,600051,20251209,93042110,0,749131,A,B,77100,300,
600051.SH,600051,20251209,93042110,0,749138,A,B,77100,300,
600051.SH,600051,20251209,93042110,0,749144,A,B,77100,300,
600051.SH,600051,20251209,93042110,0,749152,A,B,77100,300,
600051.SH,600051,20251209,93042110,0,749163,A,B,77100,200,
600051.SH,600051,20251209,93042140,0,749254,A,B,77100,300,
600051.SH,600051,20251209,93042140,0,749259,A,B,77100,300,
600051.SH,600051,20251209,93042150,0,749307,A,B,77100,100,
600051.SH,600051,20251209,93042150,0,749348,A,B,77100,300,
600051.SH,600051,20251209,93042150,0,749365,A,B,77100,300,
600051.SH,600051,20251209,93042150,0,749366,A,B,77100,300,
600051.SH,600051,20251209,93042190,0,749390,A,B,77100,300,
600051.SH,600051,20251209,93042190,0,749407,A,B,77100,300,
600051.SH,600051,20251209,93042190,0,749408,A,S,77300,700,
600051.SH,600051,20251209,93042190,0,749412,A,B,77100,300,
600051.SH,600051,20251209,93042190,0,749427,A,B,77100,200,
600051.SH,600051,20251209,93042190,0,749429,A,B,77100,200,
600051.SH,600051,20251209,93042190,0,749436,A,B,77100,300,
600051.SH,600051,20251209,93042190,0,749451,A,B,77100,300,
600051.SH,600051,20251209,93042190,0,749584,A,B,77100,300,
600051.SH,600051,20251209,93042210,0,749611,A,B,77100,300,
600051.SH,600051,20251209,93042210,0,749616,A,B,77100,100,
600051.SH,600051,20251209,93042210,0,749620,A,B,77100,300,
600051.SH,600051,20251209,93042210,0,749628,A,B,77100,200,
600051.SH,600051,20251209,93042210,0,749641,A,B,77100,300,
600051.SH,600051,20251209,93042270,0,749823,A,B,77100,300,
600051.SH,600051,20251209,93042270,0,749825,A,B,77100,300,
600051.SH,600051,20251209,93042340,0,750156,A,B,77000,3800,
600051.SH,600051,20251209,93042340,0,750365,A,B,77100,700,
600051.SH,600051,20251209,93042340,0,750372,A,B,77100,300,
600051.SH,600051,20251209,93042360,0,750397,A,B,77100,300,
600051.SH,600051,20251209,93042610,0,751608,A,B,77100,300,
600051.SH,600051,20251209,93044190,0,758934,A,B,77000,100,
600051.SH,600051,20251209,93044430,0,759988,A,B,77100,400,
600051.SH,600051,20251209,93044480,0,760192,A,S,77200,100,
600051.SH,600051,20251209,93044510,0,760277,A,B,77100,400,
600051.SH,600051,20251209,93045150,0,763479,A,B,77100,400,
600051.SH,600051,20251209,93045190,0,749611,D,B,77100,300,
600051.SH,600051,20251209,93045280,0,764070,A,S,77700,10000,
600051.SH,600051,20251209,93045330,0,693801,D,B,76900,1600,
600051.SH,600051,20251209,93045410,0,764749,A,B,77100,200,
600051.SH,600051,20251209,93045410,0,764753,A,B,77100,400,
600051.SH,600051,20251209,93046060,0,767818,A,B,77100,100,
600051.SH,600051,20251209,93046730,0,770786,A,B,76900,1400,
600051.SH,600051,20251209,93047110,0,772526,A,S,77200,100,
600051.SH,600051,20251209,93047180,0,772972,A,S,77200,1600,
600051.SH,600051,20251209,93047630,0,775070,A,S,80600,500,
600051.SH,600051,20251209,93047990,0,776724,A,B,77100,1500,
600051.SH,600051,20251209,93048130,0,697209,D,B,77000,600,
600051.SH,600051,20251209,93048370,0,778424,A,S,77200,900,
600051.SH,600051,20251209,93048370,0,778425,A,B,77100,600,
600051.SH,600051,20251209,93048420,0,778752,A,S,77200,800,
600051.SH,600051,20251209,93053260,0,796442,A,S,77800,300,
600051.SH,600051,20251209,93053370,0,796890,A,B,77100,100,
600051.SH,600051,20251209,93053790,0,798384,A,B,77100,100,
600051.SH,600051,20251209,93053900,0,798681,A,B,77100,200,
600051.SH,600051,20251209,93056000,0,806216,A,S,77300,700,
600051.SH,600051,20251209,93056050,0,806394,A,B,77100,100,
600051.SH,600051,20251209,93056920,0,380807,D,S,77800,5000,
600051.SH,600051,20251209,93057010,0,809710,A,S,77200,200,
600051.SH,600051,20251209,93057010,0,809711,A,S,77200,100,
600051.SH,600051,20251209,93057010,0,749412,D,B,77100,300,
600051.SH,600051,20251209,93057010,0,749427,D,B,77100,200,
600051.SH,600051,20251209,93057010,0,749144,D,B,77100,300,
600051.SH,600051,20251209,93057010,0,749152,D,B,77100,300,
600051.SH,600051,20251209,93057010,0,749131,D,B,77100,100,
600051.SH,600051,20251209,93057010,0,749451,D,B,77100,300,
600051.SH,600051,20251209,93057010,0,749163,D,B,77100,200,
600051.SH,600051,20251209,93057010,0,749138,D,B,77100,200,
600051.SH,600051,20251209,93057010,0,749436,D,B,77100,300,
600051.SH,600051,20251209,93057010,0,749390,D,B,77100,300,
600051.SH,600051,20251209,93057010,0,749429,D,B,77100,200,
600051.SH,600051,20251209,93057010,0,749620,D,B,77100,300,
600051.SH,600051,20251209,93057010,0,749628,D,B,77100,200,
600051.SH,600051,20251209,93057010,0,749616,D,B,77100,100,
600051.SH,600051,20251209,93057010,0,749365,D,B,77100,300,
600051.SH,600051,20251209,93057010,0,749366,D,B,77100,300,
600051.SH,600051,20251209,93057010,0,749407,D,B,77100,300,
600051.SH,600051,20251209,93057040,0,749259,D,B,77100,300,
600051.SH,600051,20251209,93057040,0,809810,A,B,77100,300,
600051.SH,600051,20251209,93057040,0,750365,D,B,77100,700,
600051.SH,600051,20251209,93057040,0,750372,D,B,77100,300,
600051.SH,600051,20251209,93057040,0,750397,D,B,77100,300,
600051.SH,600051,20251209,93057040,0,749254,D,B,77100,300,
600051.SH,600051,20251209,93057040,0,749307,D,B,77100,100,
600051.SH,600051,20251209,93057040,0,749641,D,B,77100,300,
600051.SH,600051,20251209,93057040,0,749584,D,B,77100,300,
600051.SH,600051,20251209,93057040,0,749823,D,B,77100,300,
600051.SH,600051,20251209,93057040,0,749825,D,B,77100,300,
600051.SH,600051,20251209,93058720,0,816039,A,B,77000,100,
600051.SH,600051,20251209,93100060,0,672701,D,B,76900,200,
600051.SH,600051,20251209,93100060,0,820901,A,B,77100,200,
600051.SH,600051,20251209,93100820,0,515384,D,S,77500,200,
600051.SH,600051,20251209,93102190,0,831309,A,B,77100,100,
600051.SH,600051,20251209,93103020,0,834669,A,S,77300,300,
600051.SH,600051,20251209,93103020,0,834675,A,S,77300,200,
600051.SH,600051,20251209,93103020,0,834677,A,B,77200,300,
600051.SH,600051,20251209,93103020,0,834679,A,B,77200,300,
600051.SH,600051,20251209,93103020,0,834680,A,B,77200,300,
600051.SH,600051,20251209,93103020,0,834683,A,B,77200,300,
600051.SH,600051,20251209,93103020,0,834684,A,B,77200,300,
600051.SH,600051,20251209,93103020,0,834685,A,B,77200,300,
600051.SH,600051,20251209,93103020,0,834686,A,B,77200,200,
600051.SH,600051,20251209,93103020,0,834687,A,B,77200,100,
600051.SH,600051,20251209,93103020,0,834689,A,B,77200,200,
600051.SH,600051,20251209,93103020,0,834696,A,B,77200,300,
600051.SH,600051,20251209,93103020,0,834697,A,B,77200,200,
600051.SH,600051,20251209,93103020,0,834703,A,B,77200,300,
600051.SH,600051,20251209,93103050,0,834731,A,B,77200,300,
600051.SH,600051,20251209,93103050,0,834735,A,B,77200,300,
600051.SH,600051,20251209,93103050,0,834739,A,B,77200,200,
600051.SH,600051,20251209,93103050,0,834779,A,B,77200,100,
600051.SH,600051,20251209,93103050,0,834783,A,B,77200,300,
600051.SH,600051,20251209,93103050,0,834801,A,B,77200,300,
600051.SH,600051,20251209,93103050,0,834840,A,B,77200,300,
600051.SH,600051,20251209,93103090,0,834877,A,B,77200,300,
600051.SH,600051,20251209,93103090,0,834880,A,B,77200,700,
600051.SH,600051,20251209,93103090,0,834882,A,B,77200,300,
600051.SH,600051,20251209,93103090,0,834916,A,B,77200,300,
600051.SH,600051,20251209,93103090,0,834975,A,B,77200,300,
600051.SH,600051,20251209,93103090,0,834977,A,B,77200,300,
600051.SH,600051,20251209,93103970,0,838837,A,B,74500,2000,
600051.SH,600051,20251209,93104720,0,735956,D,B,76900,100,
600051.SH,600051,20251209,93104720,0,735957,D,B,76900,100,
600051.SH,600051,20251209,93104770,0,841998,A,B,77200,2200,
600051.SH,600051,20251209,93104770,0,842000,A,B,77200,1700,
600051.SH,600051,20251209,93105720,0,846082,A,B,77200,100,
600051.SH,600051,20251209,93105720,0,846084,A,B,77200,100,
600051.SH,600051,20251209,93106300,0,750156,D,B,77000,3800,
600051.SH,600051,20251209,93106380,0,848869,A,B,77200,600,
600051.SH,600051,20251209,93106430,0,849135,A,B,77200,600,
600051.SH,600051,20251209,93108330,0,691377,D,B,77000,300,
600051.SH,600051,20251209,93108530,0,701867,D,B,77000,1200,
600051.SH,600051,20251209,93109030,0,859284,A,S,77300,1100,
600051.SH,600051,20251209,93109030,0,859287,A,S,77300,3800,
600051.SH,600051,20251209,93109030,0,859362,A,B,77200,200,
600051.SH,600051,20251209,93110840,0,866579,A,B,77200,200,
600051.SH,600051,20251209,93112010,0,834680,D,B,77200,200,
600051.SH,600051,20251209,93112210,0,871636,A,B,77100,3200,
600051.SH,600051,20251209,93112290,0,872047,A,B,77200,400,
600051.SH,600051,20251209,93113100,0,875379,A,B,77200,400,
600051.SH,600051,20251209,93114470,0,880323,A,S,77300,200,
600051.SH,600051,20251209,93115040,0,882015,A,S,77200,300,
600051.SH,600051,20251209,93115040,0,882018,A,S,77200,100,
600051.SH,600051,20251209,93115040,0,882019,A,S,77200,100,
600051.SH,600051,20251209,93115040,0,882021,A,S,77200,300,
600051.SH,600051,20251209,93115040,0,882023,A,S,77200,400,
600051.SH,600051,20251209,93115040,0,882026,A,S,77300,100,
600051.SH,600051,20251209,93115040,0,882029,A,S,77300,200,
600051.SH,600051,20251209,93115040,0,882033,A,S,77300,400,
600051.SH,600051,20251209,93115040,0,882066,A,S,77300,400,
600051.SH,600051,20251209,93115040,0,882085,A,S,77200,300,
600051.SH,600051,20251209,93119280,0,898164,A,S,77300,30000,
600051.SH,600051,20251209,93120760,0,903762,A,S,77300,6000,
600051.SH,600051,20251209,93121010,0,859287,D,S,77300,2500,
600051.SH,600051,20251209,93121270,0,905546,A,B,77200,500,
600051.SH,600051,20251209,93122250,0,909225,A,S,77600,2000,
600051.SH,600051,20251209,93123160,0,912599,A,S,77200,1200,
600051.SH,600051,20251209,93124040,0,915687,A,S,77200,1200,
600051.SH,600051,20251209,93124040,0,915691,A,S,77200,4300,
600051.SH,600051,20251209,93124530,0,917569,A,S,77200,300,
600051.SH,600051,20251209,93124550,0,917659,A,S,77200,800,
600051.SH,600051,20251209,93124870,0,918863,A,S,77200,100,
600051.SH,600051,20251209,93125200,0,920219,A,B,77100,900,
600051.SH,600051,20251209,93125230,0,920289,A,B,77100,1200,
600051.SH,600051,20251209,93125860,0,922442,A,S,77200,800,
600051.SH,600051,20251209,93126350,0,924348,A,B,77100,300,
600051.SH,600051,20251209,93127120,0,915687,D,S,77200,800,
600051.SH,600051,20251209,93127120,0,915691,D,S,77200,4300,
600051.SH,600051,20251209,93127270,0,927831,A,S,77200,800,
600051.SH,600051,20251209,93127880,0,929920,A,B,77100,1900,
600051.SH,600051,20251209,93128070,0,930635,A,B,77100,1800,
600051.SH,600051,20251209,93128070,0,930713,A,B,77100,300,
600051.SH,600051,20251209,93129250,0,934954,A,B,77100,1500,
600051.SH,600051,20251209,93130580,0,939658,A,B,77100,1100,
600051.SH,600051,20251209,93130580,0,880323,D,S,77300,200,
600051.SH,600051,20251209,93131010,0,941279,A,B,77100,1900,
600051.SH,600051,20251209,93131430,0,942727,A,S,77200,100,
600051.SH,600051,20251209,93131730,0,943789,A,B,77100,1000,
600051.SH,600051,20251209,93132310,0,945930,A,S,77200,100,
600051.SH,600051,20251209,93135790,0,957865,A,S,77200,200,
600051.SH,600051,20251209,93136040,0,759988,D,B,77100,400,
600051.SH,600051,20251209,93136040,0,763479,D,B,77100,400,
600051.SH,600051,20251209,93136520,0,273147,D,S,78600,1500,
600051.SH,600051,20251209,93137520,0,964198,A,S,85000,1000,
600051.SH,600051,20251209,93138110,0,966323,A,B,77200,800,
600051.SH,600051,20251209,93139030,0,760277,D,B,77100,400,
600051.SH,600051,20251209,93139060,0,970181,A,S,77200,100,
600051.SH,600051,20251209,93140680,0,977062,A,S,77200,800,
600051.SH,600051,20251209,93140760,0,977693,A,S,77200,100,
600051.SH,600051,20251209,93141140,0,979260,A,S,77200,200,
600051.SH,600051,20251209,93141310,0,980097,A,S,77400,1500,
600051.SH,600051,20251209,93141600,0,981162,A,B,77100,1200,
600051.SH,600051,20251209,93142000,0,982902,A,S,77200,1400,
600051.SH,600051,20251209,93142000,0,982904,A,S,77200,100,
600051.SH,600051,20251209,93142000,0,982909,A,S,77200,4300,
600051.SH,600051,20251209,93142030,0,982912,A,S,77200,200,
600051.SH,600051,20251209,93142030,0,982921,A,S,77200,200,
600051.SH,600051,20251209,93142030,0,982931,A,S,77200,400,
600051.SH,600051,20251209,93142030,0,982957,A,S,77200,500,
600051.SH,600051,20251209,93142780,0,986005,A,S,77200,1100,
600051.SH,600051,20251209,93142920,0,986599,A,S,77200,1000,
600051.SH,600051,20251209,93143930,0,990547,A,S,77200,100,
600051.SH,600051,20251209,93144130,0,991379,A,S,77100,10500,
600051.SH,600051,20251209,93144500,0,992980,A,S,76900,14100,
600051.SH,600051,20251209,93144500,0,992985,A,S,76900,15700,
600051.SH,600051,20251209,93144500,0,992986,A,S,76900,15700,
600051.SH,600051,20251209,93144590,0,993323,A,S,77100,300,
600051.SH,600051,20251209,93144670,0,993596,A,S,77100,300,
600051.SH,600051,20251209,93144720,0,993766,A,S,77100,300,
600051.SH,600051,20251209,93144720,0,993775,A,S,76900,13800,
600051.SH,600051,20251209,93144720,0,993779,A,S,76900,13200,
600051.SH,600051,20251209,93144720,0,993781,A,S,77100,800,
600051.SH,600051,20251209,93144720,0,993784,A,S,76900,13800,
600051.SH,600051,20251209,93144720,0,993799,A,S,76900,3800,
600051.SH,600051,20251209,93144720,0,993800,A,S,76900,800,
600051.SH,600051,20251209,93144720,0,993808,A,S,77100,6900,
600051.SH,600051,20251209,93144970,0,982902,D,S,77200,1400,
600051.SH,600051,20251209,93144970,0,982909,D,S,77200,4300,
600051.SH,600051,20251209,93145000,0,995085,A,B,76800,200,
600051.SH,600051,20251209,93145030,0,982912,D,S,77200,200,
600051.SH,600051,20251209,93145030,0,982921,D,S,77200,200,
600051.SH,600051,20251209,93145030,0,990547,D,S,77200,100,
600051.SH,600051,20251209,93145030,0,982931,D,S,77200,400,
600051.SH,600051,20251209,93145030,0,995103,A,B,76800,300,
600051.SH,600051,20251209,93145030,0,982904,D,S,77200,100,
600051.SH,600051,20251209,93145030,0,995209,A,B,76800,300,
600051.SH,600051,20251209,93145070,0,982957,D,S,77200,500,
600051.SH,600051,20251209,93145190,0,995735,A,B,76800,700,
600051.SH,600051,20251209,93145190,0,995761,A,B,76800,800,
600051.SH,600051,20251209,93145230,0,995766,A,B,76800,300,
600051.SH,600051,20251209,93145380,0,991379,D,S,77100,10200,
600051.SH,600051,20251209,93145670,0,977693,D,S,77200,100,
600051.SH,600051,20251209,93145670,0,977062,D,S,77200,500,
600051.SH,600051,20251209,93145770,0,993596,D,S,77100,300,
600051.SH,600051,20251209,93145830,0,998223,A,B,76800,100,
600051.SH,600051,20251209,93145830,0,998236,A,B,76800,100,
600051.SH,600051,20251209,93145830,0,998242,A,B,76800,100,
600051.SH,600051,20251209,93146040,0,993766,D,S,77100,300,
600051.SH,600051,20251209,93146080,0,993781,D,S,77100,800,
600051.SH,600051,20251209,93147510,0,992980,D,S,76900,11500,
600051.SH,600051,20251209,93147540,0,992985,D,S,76900,15700,
600051.SH,600051,20251209,93147540,0,992986,D,S,76900,15700,
600051.SH,600051,20251209,93147700,0,993779,D,S,76900,13200,
600051.SH,600051,20251209,93147700,0,993775,D,S,76900,13800,
600051.SH,600051,20251209,93147700,0,993784,D,S,76900,13800,
600051.SH,600051,20251209,93147700,0,993800,D,S,76900,800,
600051.SH,600051,20251209,93147700,0,993799,D,S,76900,3800,
600051.SH,600051,20251209,93147700,0,993808,D,S,77100,6900,
600051.SH,600051,20251209,93148110,0,1007345,A,B,76900,300,
600051.SH,600051,20251209,93148160,0,1007482,A,S,77300,700,
600051.SH,600051,20251209,93148190,0,1007601,A,S,77000,2300,
600051.SH,600051,20251209,93148190,0,1007714,A,S,77000,200,
600051.SH,600051,20251209,93148330,0,1008196,A,B,76800,800,
600051.SH,600051,20251209,93148330,0,1008201,A,B,76800,1300,
600051.SH,600051,20251209,93148330,0,1008233,A,B,76800,300,
600051.SH,600051,20251209,93148330,0,1008237,A,B,76800,1100,
600051.SH,600051,20251209,93148850,0,1010186,A,S,78400,2800,
600051.SH,600051,20251209,93150080,0,1014876,A,B,76600,200,
600051.SH,600051,20251209,93150740,0,986599,D,S,77200,1000,
600051.SH,600051,20251209,93154020,0,1007345,D,B,76900,300,
600051.SH,600051,20251209,93154040,0,1028685,A,S,80100,500,
600051.SH,600051,20251209,93154890,0,1031420,A,B,76900,10000,
600051.SH,600051,20251209,93155140,0,1032554,A,B,76900,3000,
600051.SH,600051,20251209,93155400,0,1007714,D,S,77000,200,
600051.SH,600051,20251209,93155790,0,1034815,A,B,76400,400,
600051.SH,600051,20251209,93156290,0,1036496,A,B,76800,600,
600051.SH,600051,20251209,93156740,0,979260,D,S,77200,200,
600051.SH,600051,20251209,93156870,0,1038465,A,S,77000,200,
600051.SH,600051,20251209,93200190,0,1007601,D,S,77000,1500,
600051.SH,600051,20251209,93200430,0,1049850,A,S,77000,200,
600051.SH,600051,20251209,93200720,0,1051109,A,B,77200,200,
600051.SH,600051,20251209,93200720,0,1051174,A,S,77000,1000,
600051.SH,600051,20251209,93200720,0,1051194,A,S,77000,4100,
600051.SH,600051,20251209,93200960,0,1052414,A,S,77200,1600,
600051.SH,600051,20251209,93200960,0,1052415,A,S,77200,1600,
600051.SH,600051,20251209,93200960,0,1052424,A,B,77000,100,
600051.SH,600051,20251209,93200960,0,1052425,A,S,77200,1600,
600051.SH,600051,20251209,93200960,0,1052438,A,B,77000,1400,
600051.SH,600051,20251209,93200960,0,1052456,A,S,77200,1200,
600051.SH,600051,20251209,93200960,0,995085,D,B,76800,200,
600051.SH,600051,20251209,93200960,0,1052492,A,B,77000,1600,
600051.SH,600051,20251209,93200960,0,1052503,A,B,77000,1400,
600051.SH,600051,20251209,93200960,0,998236,D,B,76800,100,
600051.SH,600051,20251209,93200960,0,998242,D,B,76800,100,
600051.SH,600051,20251209,93201220,0,1053424,A,B,76900,200,
600051.SH,600051,20251209,93201220,0,1053473,A,B,76900,100,
600051.SH,600051,20251209,93201310,0,1053827,A,B,77000,300,
600051.SH,600051,20251209,93201310,0,1053835,A,S,77100,1500,
600051.SH,600051,20251209,93201430,0,1054231,A,S,77100,700,
600051.SH,600051,20251209,93201430,0,1054258,A,S,77100,200,
600051.SH,600051,20251209,93201430,0,1054265,A,S,77100,600,
600051.SH,600051,20251209,93201430,0,1054292,A,S,77100,100,
600051.SH,600051,20251209,93201430,0,1054299,A,S,77600,100,
600051.SH,600051,20251209,93201430,0,1054354,A,S,77600,100,
600051.SH,600051,20251209,93201610,0,1054866,A,S,77100,900,
600051.SH,600051,20251209,93201720,0,1055293,A,S,77100,3700,
600051.SH,600051,20251209,93202150,0,1052424,D,B,77000,100,
600051.SH,600051,20251209,93202360,0,1057875,A,B,76900,300,
600051.SH,600051,20251209,93202970,0,1060051,A,B,77000,100,
600051.SH,600051,20251209,93203360,0,1061694,A,S,76800,3400,
600051.SH,600051,20251209,93203360,0,1061695,A,S,76800,3600,
600051.SH,600051,20251209,93203360,0,1061710,A,S,76800,3400,
600051.SH,600051,20251209,93203360,0,1061711,A,S,76800,4800,
600051.SH,600051,20251209,93203360,0,1061712,A,S,76800,25500,
600051.SH,600051,20251209,93203360,0,1061716,A,S,76800,25500,
600051.SH,600051,20251209,93203400,0,1055293,D,S,77100,3700,
600051.SH,600051,20251209,93203450,0,1061956,A,B,76700,300,
600051.SH,600051,20251209,93203720,0,1063034,A,B,76700,11300,
600051.SH,600051,20251209,93203720,0,1063068,A,B,76700,800,
600051.SH,600051,20251209,93203720,0,1063085,A,B,76700,100,
600051.SH,600051,20251209,93203720,0,1063098,A,B,76700,7000,
600051.SH,600051,20251209,93203720,0,1063102,A,B,76700,2600,
600051.SH,600051,20251209,93203720,0,1063108,A,B,76700,4400,
600051.SH,600051,20251209,93203720,0,1063109,A,B,76700,6900,
600051.SH,600051,20251209,93203750,0,1063379,A,S,77000,1400,
600051.SH,600051,20251209,93203800,0,1063068,D,B,76700,800,
600051.SH,600051,20251209,93203910,0,1063928,A,B,76700,7800,
600051.SH,600051,20251209,93203910,0,1063961,A,B,76700,1800,
600051.SH,600051,20251209,93203910,0,1063967,A,B,76700,6900,
600051.SH,600051,20251209,93203940,0,1064131,A,B,76700,300,
600051.SH,600051,20251209,93204280,0,1007482,D,S,77300,700,
600051.SH,600051,20251209,93204380,0,1065615,A,S,77100,700,
600051.SH,600051,20251209,93204380,0,1054231,D,S,77100,700,
600051.SH,600051,20251209,93204420,0,1054258,D,S,77100,200,
600051.SH,600051,20251209,93204420,0,1054265,D,S,77100,600,
600051.SH,600051,20251209,93204420,0,1065902,A,B,76800,2000,
600051.SH,600051,20251209,93204420,0,1054292,D,S,77100,100,
600051.SH,600051,20251209,93204890,0,1067611,A,B,77000,8600,
600051.SH,600051,20251209,93205120,0,1052414,D,S,77200,1600,
600051.SH,600051,20251209,93205120,0,1052456,D,S,77200,1200,
600051.SH,600051,20251209,93205120,0,1052425,D,S,77200,1600,
600051.SH,600051,20251209,93205120,0,1052415,D,S,77200,1600,
600051.SH,600051,20251209,93205120,0,1063928,D,B,76700,7800,
600051.SH,600051,20251209,93205160,0,1063098,D,B,76700,7000,
600051.SH,600051,20251209,93205160,0,1063109,D,B,76700,6900,
600051.SH,600051,20251209,93205240,0,1069088,A,S,77100,3300,
600051.SH,600051,20251209,93205370,0,1063034,D,B,76700,11300,
600051.SH,600051,20251209,93205370,0,1063085,D,B,76700,100,
600051.SH,600051,20251209,93205370,0,1063108,D,B,76700,4400,
600051.SH,600051,20251209,93205400,0,1069814,A,B,76900,100,
600051.SH,600051,20251209,93205400,0,1063961,D,B,76700,1800,
600051.SH,600051,20251209,93205400,0,1063967,D,B,76700,6900,
600051.SH,600051,20251209,93205460,0,1070083,A,S,76900,900,
600051.SH,600051,20251209,93205460,0,1070154,A,S,77000,100,
600051.SH,600051,20251209,93205750,0,1071222,A,B,76800,800,
600051.SH,600051,20251209,93206000,0,1072346,A,B,76800,100,
600051.SH,600051,20251209,93206040,0,1072413,A,B,76800,400,
600051.SH,600051,20251209,93206140,0,1071222,D,B,76800,800,
600051.SH,600051,20251209,93206180,0,1072977,A,S,76900,2600,
600051.SH,600051,20251209,93206220,0,1073181,A,S,77000,100,
600051.SH,600051,20251209,93206420,0,1074051,A,S,76900,800,
600051.SH,600051,20251209,93206630,0,1074706,A,S,76900,200,
600051.SH,600051,20251209,93206920,0,1053835,D,S,77100,1500,
600051.SH,600051,20251209,93209570,0,1085757,A,B,76800,100,
600051.SH,600051,20251209,93209570,0,1085758,A,B,76800,900,
600051.SH,600051,20251209,93210020,0,1087406,A,S,77000,100,
600051.SH,600051,20251209,93210960,0,1090918,A,B,76800,3000,
600051.SH,600051,20251209,93212020,0,1094618,A,B,76800,100,
600051.SH,600051,20251209,93212860,0,1098172,A,S,77000,500,
600051.SH,600051,20251209,93213160,0,1099722,A,S,77000,100,
600051.SH,600051,20251209,93213180,0,1099896,A,S,76900,1600,
600051.SH,600051,20251209,93213260,0,1100406,A,S,85000,500,
600051.SH,600051,20251209,93213710,0,1102491,A,S,77000,100,
600051.SH,600051,20251209,93213980,0,1104480,A,S,77000,100,
600051.SH,600051,20251209,93214000,0,1104725,A,S,76900,300,
600051.SH,600051,20251209,93214180,0,1105507,A,S,77800,1200,
600051.SH,600051,20251209,93214450,0,1107358,A,S,76900,300,
600051.SH,600051,20251209,93214590,0,1107965,A,B,76800,100,
600051.SH,600051,20251209,93214760,0,1108780,A,S,76900,600,
600051.SH,600051,20251209,93214900,0,1109558,A,B,76800,800,
600051.SH,600051,20251209,93215060,0,1072413,D,B,76800,400,
600051.SH,600051,20251209,93215830,0,1113931,A,S,78400,900,
600051.SH,600051,20251209,93216170,0,1115368,A,S,76900,200,
600051.SH,600051,20251209,93216400,0,1116173,A,S,76900,700,
600051.SH,600051,20251209,93216410,0,1116338,A,S,76900,200,
600051.SH,600051,20251209,93216410,0,1116345,A,S,76900,300,
600051.SH,600051,20251209,93216430,0,1116376,A,S,76900,200,
600051.SH,600051,20251209,93216430,0,1116385,A,S,76900,600,
600051.SH,600051,20251209,93216460,0,1116482,A,S,76900,100,
600051.SH,600051,20251209,93219880,0,1129063,A,B,76800,5000,
600051.SH,600051,20251209,93220140,0,1130011,A,S,76900,100,
600051.SH,600051,20251209,93221730,0,1065615,D,S,77100,700,
600051.SH,600051,20251209,93221830,0,1135888,A,S,76900,700,
600051.SH,600051,20251209,93232140,0,1168631,A,S,77000,4300,
600051.SH,600051,20251209,93232890,0,1171066,A,S,76900,4700,
600051.SH,600051,20251209,93233450,0,1172938,A,B,76700,500,
600051.SH,600051,20251209,93234550,0,38581,D,S,84900,300,
600051.SH,600051,20251209,93234760,0,1177116,A,S,76900,100,
600051.SH,600051,20251209,93236070,0,1181006,A,S,76900,100,
600051.SH,600051,20251209,93236530,0,1182437,A,B,76700,900,
600051.SH,600051,20251209,93236530,0,1182438,A,B,76700,500,
600051.SH,600051,20251209,93240150,0,1014876,D,B,76600,200,
600051.SH,600051,20251209,93243000,0,1202351,A,S,76900,100,
600051.SH,600051,20251209,93243150,0,1171066,D,S,76900,800,
600051.SH,600051,20251209,93243440,0,1064131,D,B,76700,300,
600051.SH,600051,20251209,93244120,0,1205726,A,B,76000,100,
600051.SH,600051,20251209,93245680,0,1210523,A,B,76000,100,
600051.SH,600051,20251209,93246210,0,1212123,A,S,76900,100,
600051.SH,600051,20251209,93246600,0,1213201,A,S,76900,200,
600051.SH,600051,20251209,93247540,0,1216359,A,S,76900,300,
600051.SH,600051,20251209,93249180,0,1221893,A,B,76600,8200,
600051.SH,600051,20251209,93255210,0,1240015,A,S,76900,100,
600051.SH,600051,20251209,93257900,0,1249036,A,S,77800,200,
600051.SH,600051,20251209,93259960,0,1255316,A,B,76900,200,
600051.SH,600051,20251209,93300080,0,1255771,A,S,77000,700,
600051.SH,600051,20251209,93300400,0,1256946,A,S,77000,4100,
600051.SH,600051,20251209,93301780,0,1261998,A,B,76900,1600,
600051.SH,600051,20251209,93302660,0,1182437,D,B,76700,900,
600051.SH,600051,20251209,93302750,0,1265192,A,B,76900,900,
600051.SH,600051,20251209,93303030,0,1266130,A,B,76900,300,
600051.SH,600051,20251209,93303190,0,1266669,A,S,77000,1600,
600051.SH,600051,20251209,93303290,0,1266938,A,B,75000,100,
600051.SH,600051,20251209,93303320,0,1267062,A,S,77000,100,
600051.SH,600051,20251209,93304990,0,1109558,D,B,76800,800,
600051.SH,600051,20251209,93305140,0,1272996,A,S,77000,100,
600051.SH,600051,20251209,93305160,0,1273031,A,S,77000,200,
600051.SH,600051,20251209,93305160,0,1273032,A,S,77000,100,
600051.SH,600051,20251209,93305160,0,1273075,A,B,76900,200,
600051.SH,600051,20251209,93306050,0,1266130,D,B,76900,300,
600051.SH,600051,20251209,93306200,0,1276439,A,S,77000,300,
600051.SH,600051,20251209,93306500,0,1277457,A,S,76900,300,
600051.SH,600051,20251209,93306540,0,1277596,A,S,76900,500,
600051.SH,600051,20251209,93306700,0,1278146,A,S,76900,700,
600051.SH,600051,20251209,93306730,0,1278198,A,S,76900,600,
600051.SH,600051,20251209,93306930,0,1278812,A,S,85000,1100,
600051.SH,600051,20251209,93306980,0,1279024,A,S,76900,100,
600051.SH,600051,20251209,93307150,0,1256946,D,S,77000,4100,
600051.SH,600051,20251209,93307230,0,1279789,A,S,76900,100,
600051.SH,600051,20251209,93307410,0,1280414,A,S,76900,4100,
600051.SH,600051,20251209,93307470,0,1280720,A,S,76900,2800,
600051.SH,600051,20251209,93312010,0,1295589,A,S,76900,100,
600051.SH,600051,20251209,93312010,0,1295592,A,S,76900,100,
600051.SH,600051,20251209,93314390,0,1302912,A,S,76900,500,
600051.SH,600051,20251209,93314390,0,1302916,A,S,76900,100,
600051.SH,600051,20251209,93314410,0,1303027,A,S,76900,100,
600051.SH,600051,20251209,93314910,0,1304514,A,B,76800,800,
600051.SH,600051,20251209,93316640,0,1309903,A,S,76900,100,
600051.SH,600051,20251209,93318230,0,1314661,A,B,76600,100,
600051.SH,600051,20251209,93318340,0,1315033,A,B,76600,100,
600051.SH,600051,20251209,93318480,0,1315417,A,B,76800,100,
600051.SH,600051,20251209,93318540,0,1315574,A,B,76600,100,
600051.SH,600051,20251209,93318630,0,1315819,A,B,76600,100,
600051.SH,600051,20251209,93320050,0,1320215,A,B,76600,100,
600051.SH,600051,20251209,93320050,0,1320265,A,B,76800,100,
600051.SH,600051,20251209,93320100,0,1320364,A,B,76600,100,
600051.SH,600051,20251209,93323660,0,1331187,A,S,77000,200,
600051.SH,600051,20251209,93323910,0,1331989,A,S,76900,100,
600051.SH,600051,20251209,93324020,0,1255771,D,S,77000,700,
600051.SH,600051,20251209,93328320,0,1345420,A,B,76500,1000,
600051.SH,600051,20251209,93328720,0,1280720,D,S,76900,2800,
600051.SH,600051,20251209,93329440,0,1348997,A,B,76800,10000,
600051.SH,600051,20251209,93329630,0,1280414,D,S,76900,4100,
600051.SH,600051,20251209,93330190,0,1351068,A,B,76800,200,
600051.SH,600051,20251209,93330190,0,1351092,A,B,76800,2200,
600051.SH,600051,20251209,93330890,0,1353046,A,S,76900,800,
600051.SH,600051,20251209,93331820,0,1355777,A,B,76800,100,
600051.SH,600051,20251209,93333040,0,1359294,A,S,76900,100,
600051.SH,600051,20251209,93333990,0,1361989,A,S,76900,100,
600051.SH,600051,20251209,93335120,0,1364973,A,B,76600,100,
600051.SH,600051,20251209,93335400,0,1107965,D,B,76800,100,
600051.SH,600051,20251209,93335650,0,1366490,A,B,76900,100,
600051.SH,600051,20251209,93335730,0,1366673,A,B,76800,100,
600051.SH,600051,20251209,93336020,0,1367564,A,B,76600,100,
600051.SH,600051,20251209,93336020,0,1367568,A,B,76600,100,
600051.SH,600051,20251209,93336020,0,1367617,A,B,76900,300,
600051.SH,600051,20251209,93336160,0,1368004,A,S,77000,100,
600051.SH,600051,20251209,93336190,0,1368067,A,S,77000,4600,
600051.SH,600051,20251209,93336190,0,1368079,A,S,77000,100,
600051.SH,600051,20251209,93336190,0,1368080,A,S,77000,100,
600051.SH,600051,20251209,93336220,0,1368243,A,S,77000,100,
600051.SH,600051,20251209,93337170,0,1331187,D,S,77000,200,
600051.SH,600051,20251209,93337410,0,1371783,A,S,77000,100,
600051.SH,600051,20251209,93339090,0,1367617,D,B,76900,300,
600051.SH,600051,20251209,93339320,0,1315819,D,B,76600,100,
600051.SH,600051,20251209,93339380,0,1368067,D,S,77000,4600,
600051.SH,600051,20251209,93339480,0,1378267,A,B,75900,200,
600051.SH,600051,20251209,93339960,0,1379656,A,S,77000,1100,
600051.SH,600051,20251209,93339980,0,1379681,A,S,76900,100,
600051.SH,600051,20251209,93339980,0,1379687,A,S,76900,100,
600051.SH,600051,20251209,93340950,0,1382532,A,B,76700,100,
600051.SH,600051,20251209,93340950,0,1382536,A,B,76700,100,
600051.SH,600051,20251209,93340950,0,1382553,A,B,76700,100,
600051.SH,600051,20251209,93340950,0,1382579,A,B,76700,100,
600051.SH,600051,20251209,93344080,0,1314661,D,B,76600,100,
600051.SH,600051,20251209,93345310,0,1395189,A,B,76800,100,
600051.SH,600051,20251209,93345630,0,1396139,A,B,76800,100,
600051.SH,600051,20251209,93346420,0,1398612,A,S,76900,1500,
600051.SH,600051,20251209,93347240,0,1364973,D,B,76600,100,
600051.SH,600051,20251209,93350050,0,1410013,A,S,76900,3500,
600051.SH,600051,20251209,93351030,0,1413184,A,S,77000,200,
600051.SH,600051,20251209,93352450,0,1417573,A,S,76900,1400,
600051.SH,600051,20251209,93352960,0,1379656,D,S,77000,1100,
600051.SH,600051,20251209,93353950,0,1422103,A,B,76800,4600,
600051.SH,600051,20251209,93354410,0,1423536,A,B,76800,200,
600051.SH,600051,20251209,93355510,0,1426675,A,B,76600,100,
600051.SH,600051,20251209,93357680,0,1432664,A,B,76900,200,
600051.SH,600051,20251209,93358250,0,1368004,D,S,77000,100,
600051.SH,600051,20251209,93358810,0,1435843,A,B,76900,100,
600051.SH,600051,20251209,93400030,0,1439275,A,B,76900,300,
600051.SH,600051,20251209,93400030,0,1439288,A,S,77000,100,
600051.SH,600051,20251209,93400180,0,1439686,A,B,76800,1000,
600051.SH,600051,20251209,93400380,0,1440353,A,S,76900,100,
600051.SH,600051,20251209,93400380,0,1440357,A,S,76900,100,
600051.SH,600051,20251209,93400380,0,1440360,A,S,76900,300,
600051.SH,600051,20251209,93400380,0,1440394,A,S,76900,200,
600051.SH,600051,20251209,93404210,0,1452760,A,S,76900,700,
600051.SH,600051,20251209,93409590,0,1469987,A,B,76800,100,
600051.SH,600051,20251209,93410890,0,1413184,D,S,77000,200,
600051.SH,600051,20251209,93410970,0,79420,D,S,84900,2000,
600051.SH,600051,20251209,93411470,0,1475966,A,S,78600,500,
600051.SH,600051,20251209,93411710,0,1476693,A,B,76800,100,
600051.SH,600051,20251209,93415060,0,1486161,A,B,76600,100,
600051.SH,600051,20251209,93418180,0,1494809,A,B,76900,2800,
600051.SH,600051,20251209,93421040,0,1503288,A,B,76900,200,
600051.SH,600051,20251209,93421910,0,1505729,A,B,76900,300,
600051.SH,600051,20251209,93424730,0,1513150,A,B,76800,400,
600051.SH,600051,20251209,93424890,0,1315417,D,B,76800,100,
600051.SH,600051,20251209,93424910,0,1320265,D,B,76800,100,
600051.SH,600051,20251209,93424980,0,1304514,D,B,76800,800,
600051.SH,600051,20251209,93425610,0,1515486,A,B,76900,100,
600051.SH,600051,20251209,93429900,0,1526584,A,B,76900,100,
600051.SH,600051,20251209,93430010,0,1526844,A,S,77000,100,
600051.SH,600051,20251209,93430150,0,276209,D,S,77900,1500,
600051.SH,600051,20251209,93433030,0,1535672,A,B,76700,4500,
600051.SH,600051,20251209,93434330,0,1526584,D,B,76900,100,
600051.SH,600051,20251209,93434650,0,1273032,D,S,77000,100,
600051.SH,600051,20251209,93434650,0,1368080,D,S,77000,100,
600051.SH,600051,20251209,93434650,0,1273031,D,S,77000,200,
600051.SH,600051,20251209,93434650,0,1368079,D,S,77000,100,
600051.SH,600051,20251209,93434680,0,1267062,D,S,77000,100,
600051.SH,600051,20251209,93434680,0,1272996,D,S,77000,100,
600051.SH,600051,20251209,93434910,0,1540722,A,B,76900,800,
600051.SH,600051,20251209,93442180,0,1368243,D,S,77000,100,
600051.SH,600051,20251209,93442180,0,1371783,D,S,77000,100,
600051.SH,600051,20251209,93443440,0,1562862,A,S,77000,1500,
600051.SH,600051,20251209,93445020,0,1566550,A,S,77000,200,
600051.SH,600051,20251209,93445230,0,1351068,D,B,76800,200,
600051.SH,600051,20251209,93446820,0,1571045,A,B,76900,1400,
600051.SH,600051,20251209,93447420,0,1572516,A,S,77000,800,
600051.SH,600051,20251209,93448020,0,1566550,D,S,77000,200,
600051.SH,600051,20251209,93448110,0,1574145,A,S,85000,500,
600051.SH,600051,20251209,93451050,0,1503288,D,B,76900,200,
600051.SH,600051,20251209,93453390,0,1587486,A,B,69600,500,
600051.SH,600051,20251209,93454120,0,1589364,A,B,76900,1000,
600051.SH,600051,20251209,93454730,0,1590886,A,B,76600,500,
600051.SH,600051,20251209,93459220,0,1602152,A,B,76900,2600,
600051.SH,600051,20251209,93459940,0,1182438,D,B,76700,500,
600051.SH,600051,20251209,93500000,0,1604311,A,B,76900,1200,
600051.SH,600051,20251209,93500150,0,1604867,A,B,77000,200,
600051.SH,600051,20251209,93500380,0,1605668,A,S,77100,200,
600051.SH,600051,20251209,93500410,0,1605746,A,S,77100,100,
600051.SH,600051,20251209,93500510,0,1069088,D,S,77100,3300,
600051.SH,600051,20251209,93500630,0,1606772,A,S,77100,4300,
600051.SH,600051,20251209,93501620,0,1610080,A,B,76900,800,
600051.SH,600051,20251209,93501700,0,1610422,A,B,76900,900,
600051.SH,600051,20251209,93501730,0,1610578,A,B,76800,800,
600051.SH,600051,20251209,93501890,0,1611097,A,S,77100,200,
600051.SH,600051,20251209,93501890,0,1611100,A,S,77100,400,
600051.SH,600051,20251209,93501990,0,1611383,A,S,77100,400,
600051.SH,600051,20251209,93503750,0,1355777,D,B,76800,100,
600051.SH,600051,20251209,93504370,0,1619285,A,S,85000,300,
600051.SH,600051,20251209,93505000,0,1540722,D,B,76900,800,
600051.SH,600051,20251209,93506450,0,1627239,A,B,77000,100,
600051.SH,600051,20251209,93508630,0,1422103,D,B,76800,4600,
600051.SH,600051,20251209,93508700,0,1382532,D,B,76700,100,
600051.SH,600051,20251209,93508730,0,1382536,D,B,76700,100,
600051.SH,600051,20251209,93509490,0,1637972,A,S,77200,3600,
600051.SH,600051,20251209,93510210,0,1382579,D,B,76700,100,
600051.SH,600051,20251209,93510260,0,1640683,A,B,77000,200,
600051.SH,600051,20251209,93510620,0,1641933,A,S,77100,4300,
600051.SH,600051,20251209,93511970,0,1382553,D,B,76700,100,
600051.SH,600051,20251209,93513490,0,1367568,D,B,76600,100,
600051.SH,600051,20251209,93513520,0,1652441,A,B,77000,4600,
600051.SH,600051,20251209,93514940,0,1658864,A,B,77000,800,
600051.SH,600051,20251209,93515070,0,1426675,D,B,76600,100,
600051.SH,600051,20251209,93515070,0,1315574,D,B,76600,100,
600051.SH,600051,20251209,93515070,0,1659599,A,B,77000,300,
600051.SH,600051,20251209,93516880,0,1320215,D,B,76600,100,
600051.SH,600051,20251209,93517160,0,1667283,A,S,77100,100,
600051.SH,600051,20251209,93517410,0,1668163,A,S,77100,100,
600051.SH,600051,20251209,93517410,0,1668259,A,B,76900,5000,
600051.SH,600051,20251209,93518330,0,1670617,A,S,85000,2000,
600051.SH,600051,20251209,93518350,0,1670693,A,B,76900,200,
600051.SH,600051,20251209,93518400,0,1315033,D,B,76600,100,
600051.SH,600051,20251209,93518430,0,1486161,D,B,76600,100,
600051.SH,600051,20251209,93518970,0,1672460,A,B,76900,500,
600051.SH,600051,20251209,93520100,0,1604867,D,B,77000,100,
600051.SH,600051,20251209,93520950,0,1610080,D,B,76900,800,
600051.SH,600051,20251209,93521020,0,1678174,A,S,77100,300,
600051.SH,600051,20251209,93521060,0,1351092,D,B,76800,2200,
600051.SH,600051,20251209,93521190,0,1678695,A,B,77000,2200,
600051.SH,600051,20251209,93521640,0,1367564,D,B,76600,100,
600051.SH,600051,20251209,93521820,0,1680640,A,B,77000,300,
600051.SH,600051,20251209,93522520,0,1682687,A,S,78200,1500,
600051.SH,600051,20251209,93522930,0,1610422,D,B,76900,900,
600051.SH,600051,20251209,93524420,0,1687862,A,B,77000,800,
600051.SH,600051,20251209,93524880,0,1320364,D,B,76600,100,
600051.SH,600051,20251209,93527170,0,1695214,A,S,77600,200,
600051.SH,600051,20251209,93527530,0,1610578,D,B,76800,800,
600051.SH,600051,20251209,93529630,0,1606772,D,S,77100,1300,
600051.SH,600051,20251209,93531620,0,1707418,A,B,77100,7700,
600051.SH,600051,20251209,93531880,0,1708099,A,B,77100,200,
600051.SH,600051,20251209,93531900,0,1708138,A,S,77200,3500,
600051.SH,600051,20251209,93532280,0,1709285,A,B,77000,900,
600051.SH,600051,20251209,93532280,0,1709315,A,B,76900,800,
600051.SH,600051,20251209,93532850,0,1604311,D,B,76900,1200,
600051.SH,600051,20251209,93532910,0,1711169,A,B,77100,1100,
600051.SH,600051,20251209,93534990,0,1658864,D,B,77000,800,
600051.SH,600051,20251209,93535170,0,1717783,A,S,77200,100,
600051.SH,600051,20251209,93535260,0,1718060,A,B,77100,200,
600051.SH,600051,20251209,93535470,0,1718667,A,B,76800,2000,
600051.SH,600051,20251209,93537630,0,1724790,A,S,77200,200,
600051.SH,600051,20251209,93537630,0,1724791,A,S,77200,100,
600051.SH,600051,20251209,93537630,0,1724792,A,S,77200,300,
600051.SH,600051,20251209,93537840,0,1571045,D,B,76900,1400,
600051.SH,600051,20251209,93537980,0,1725843,A,S,77200,1000,
600051.SH,600051,20251209,93541180,0,1687862,D,B,77000,800,
600051.SH,600051,20251209,93543460,0,1746207,A,B,77100,1400,
600051.SH,600051,20251209,93543650,0,1746694,A,S,77200,100,
600051.SH,600051,20251209,93543900,0,1747260,A,B,76900,1000,
600051.SH,600051,20251209,93544040,0,1747587,A,B,77100,800,
600051.SH,600051,20251209,93544930,0,1750299,A,B,77100,800,
600051.SH,600051,20251209,93545230,0,1751104,A,S,77200,4300,
600051.SH,600051,20251209,93545930,0,1753467,A,B,77100,1200,
600051.SH,600051,20251209,93547290,0,1589364,D,B,76900,1000,
600051.SH,600051,20251209,93551860,0,1345420,D,B,76500,1000,
600051.SH,600051,20251209,93551970,0,1772742,A,B,77100,4000,
600051.SH,600051,20251209,93553430,0,1602152,D,B,76900,2600,
600051.SH,600051,20251209,93553550,0,1709285,D,B,77000,900,
600051.SH,600051,20251209,93554070,0,1779197,A,S,77300,400,
600051.SH,600051,20251209,93554600,0,1780685,A,S,84600,6000,
600051.SH,600051,20251209,93554980,0,1751104,D,S,77200,4300,
600051.SH,600051,20251209,93554980,0,1782087,A,S,77200,1000,
600051.SH,600051,20251209,93556220,0,1709315,D,B,76900,800,
600051.SH,600051,20251209,93557640,0,1789320,A,B,77100,2000,
600051.SH,600051,20251209,93557780,0,1789721,A,B,77100,2600,
600051.SH,600051,20251209,93600080,0,1795905,A,S,77200,100,
600051.SH,600051,20251209,93600270,0,1796464,A,B,77100,200,
600051.SH,600051,20251209,93602360,0,1803862,A,B,77100,900,
600051.SH,600051,20251209,93602360,0,1803907,A,B,77000,800,
600051.SH,600051,20251209,93603430,0,1807515,A,B,77100,100,
600051.SH,600051,20251209,93603430,0,1807532,A,S,77200,10000,
600051.SH,600051,20251209,93603630,0,1807987,A,S,77200,100,
600051.SH,600051,20251209,93604080,0,1809319,A,B,77100,200,
600051.SH,600051,20251209,93604460,0,1810456,A,S,77200,1600,
600051.SH,600051,20251209,93606430,0,1816242,A,B,69600,500,
600051.SH,600051,20251209,93606550,0,1816504,A,S,84900,2000,
600051.SH,600051,20251209,93606650,0,1505729,D,B,76900,300,
600051.SH,600051,20251209,93609100,0,1823457,A,S,77200,100,
600051.SH,600051,20251209,93610310,0,1395189,D,B,76800,100,
600051.SH,600051,20251209,93610610,0,1396139,D,B,76800,100,
600051.SH,600051,20251209,93610840,0,1830357,A,B,77100,100,
600051.SH,600051,20251209,93611310,0,1832363,A,B,77100,100,
600051.SH,600051,20251209,93611610,0,1833396,A,B,77100,100,
600051.SH,600051,20251209,93612720,0,1366673,D,B,76800,100,
600051.SH,600051,20251209,93612770,0,1837325,A,S,78800,2000,
600051.SH,600051,20251209,93613050,0,1672460,D,B,76900,500,
600051.SH,600051,20251209,93613100,0,1838243,A,B,77100,600,
600051.SH,600051,20251209,93613310,0,1838900,A,B,76800,1000,
600051.SH,600051,20251209,93613730,0,1840012,A,B,77100,100,
600051.SH,600051,20251209,93614600,0,1469987,D,B,76800,100,
600051.SH,600051,20251209,93614700,0,1476693,D,B,76800,100,
600051.SH,600051,20251209,93615000,0,1515486,D,B,76900,100,
600051.SH,600051,20251209,93615220,0,1844883,A,B,77200,300,
600051.SH,600051,20251209,93615410,0,1423536,D,B,76800,200,
600051.SH,600051,20251209,93615580,0,1846064,A,B,77100,100,
600051.SH,600051,20251209,93615680,0,1846397,A,B,77100,100,
600051.SH,600051,20251209,93616430,0,1848722,A,B,77100,200,
600051.SH,600051,20251209,93617030,0,1850764,A,S,77300,1000,
600051.SH,600051,20251209,93618020,0,1853606,A,B,77200,300,
600051.SH,600051,20251209,93618020,0,1853607,A,B,77200,300,
600051.SH,600051,20251209,93618040,0,1853649,A,B,77200,300,
600051.SH,600051,20251209,93618120,0,1853865,A,B,77200,100,
600051.SH,600051,20251209,93618120,0,1853866,A,B,77200,100,
600051.SH,600051,20251209,93618120,0,1853881,A,B,77200,100,
600051.SH,600051,20251209,93618120,0,1853882,A,B,77200,100,
600051.SH,600051,20251209,93618140,0,1853901,A,B,77200,100,
600051.SH,600051,20251209,93618280,0,1854324,A,B,77200,400,
600051.SH,600051,20251209,93618280,0,1854328,A,B,77200,200,
600051.SH,600051,20251209,93618330,0,1854457,A,B,77200,100,
600051.SH,600051,20251209,93618490,0,1855059,A,B,77200,300,
600051.SH,600051,20251209,93618490,0,1855060,A,B,77200,200,
600051.SH,600051,20251209,93618510,0,1855089,A,B,77200,100,
600051.SH,600051,20251209,93618850,0,1855912,A,B,77200,1400,
600051.SH,600051,20251209,93619030,0,1094618,D,B,76800,100,
600051.SH,600051,20251209,93619070,0,1659599,D,B,77000,300,
600051.SH,600051,20251209,93620050,0,1859502,A,B,77200,100,
600051.SH,600051,20251209,93620060,0,1859572,A,B,77200,300,
600051.SH,600051,20251209,93621080,0,1779197,D,S,77300,400,
600051.SH,600051,20251209,93621670,0,1838243,D,B,77100,600,
600051.SH,600051,20251209,93621950,0,1652441,D,B,77000,2600,
600051.SH,600051,20251209,93622340,0,1866461,A,S,77400,400,
600051.SH,600051,20251209,93624060,0,1494809,D,B,76900,1700,
600051.SH,600051,20251209,93624190,0,1872097,A,B,77200,2800,
600051.SH,600051,20251209,93624580,0,1873229,A,B,76700,4700,
600051.SH,600051,20251209,93628550,0,1884504,A,B,77200,2600,
600051.SH,600051,20251209,93628590,0,1884592,A,B,77000,2200,
600051.SH,600051,20251209,93628690,0,1840012,D,B,77100,100,
600051.SH,600051,20251209,93633570,0,1803862,D,B,77100,900,
600051.SH,600051,20251209,93633800,0,1803907,D,B,77000,800,
600051.SH,600051,20251209,93634820,0,1884592,D,B,77000,2200,
600051.SH,600051,20251209,93635150,0,1902373,A,B,77000,100,
600051.SH,600051,20251209,93635380,0,215805,D,S,84900,1300,
600051.SH,600051,20251209,93635870,0,1904567,A,S,77300,100,
600051.SH,600051,20251209,93637100,0,1907668,A,B,77200,900,
600051.SH,600051,20251209,93637100,0,1907695,A,B,77100,800,
600051.SH,600051,20251209,93639870,0,1915645,A,B,77000,3700,
600051.SH,600051,20251209,93639990,0,1916087,A,B,77200,1000,
600051.SH,600051,20251209,93645270,0,1930420,A,B,76900,15000,
600051.SH,600051,20251209,93648030,0,1937410,A,B,77200,100,
600051.SH,600051,20251209,93648680,0,1915645,D,B,77000,3700,
600051.SH,600051,20251209,93651990,0,1947558,A,B,77200,800,
600051.SH,600051,20251209,93652050,0,1947735,A,B,77100,4000,
600051.SH,600051,20251209,93652440,0,1907695,D,B,77100,800,
600051.SH,600051,20251209,93654170,0,1953075,A,S,77300,1600,
600051.SH,600051,20251209,93654870,0,1954955,A,B,77100,4800,
600051.SH,600051,20251209,93655070,0,1955519,A,B,77200,800,
600051.SH,600051,20251209,93655480,0,1956700,A,S,81000,200,
600051.SH,600051,20251209,93658550,0,1965451,A,B,77200,16100,
600051.SH,600051,20251209,93658640,0,1904567,D,S,77300,100,
600051.SH,600051,20251209,93700060,0,1969453,A,B,77100,1200,
600051.SH,600051,20251209,93702480,0,1954955,D,B,77100,4800,
600051.SH,600051,20251209,93703080,0,1678695,D,B,77000,2200,
600051.SH,600051,20251209,93703210,0,1979684,A,B,77200,2200,
600051.SH,600051,20251209,93707500,0,1992995,A,B,77100,5400,
600051.SH,600051,20251209,93710720,0,43882,D,B,76000,1500,
600051.SH,600051,20251209,93712870,0,2007770,A,S,77300,100,
600051.SH,600051,20251209,93713130,0,2008618,A,S,77200,100,
600051.SH,600051,20251209,93713130,0,2008628,A,S,77200,100,
600051.SH,600051,20251209,93713650,0,2010154,A,S,77200,100,
600051.SH,600051,20251209,93713810,0,2010826,A,S,77200,100,
600051.SH,600051,20251209,93714090,0,2011628,A,S,77200,100,
600051.SH,600051,20251209,93714470,0,2012974,A,S,77200,200,
600051.SH,600051,20251209,93714600,0,2013305,A,S,77200,400,
600051.SH,600051,20251209,93715100,0,1866461,D,S,77400,400,
600051.SH,600051,20251209,93715260,0,2015305,A,S,77300,400,
600051.SH,600051,20251209,93715260,0,2015307,A,S,77200,3400,
600051.SH,600051,20251209,93715490,0,2016010,A,S,77200,1700,
600051.SH,600051,20251209,93716200,0,2017952,A,S,77200,2000,
600051.SH,600051,20251209,93716200,0,2017965,A,S,77200,100,
600051.SH,600051,20251209,93716660,0,2019057,A,S,77500,200,
600051.SH,600051,20251209,93716940,0,2019782,A,S,77200,1100,
600051.SH,600051,20251209,93717020,0,1850764,D,S,77300,1000,
600051.SH,600051,20251209,93717040,0,2020017,A,S,77600,900,
600051.SH,600051,20251209,93717130,0,2020332,A,S,77200,100,
600051.SH,600051,20251209,93720580,0,1992995,D,B,77100,5400,
600051.SH,600051,20251209,93720920,0,2029550,A,B,77100,100,
600051.SH,600051,20251209,93722360,0,2033115,A,S,78100,35300,
600051.SH,600051,20251209,93723490,0,2036130,A,S,77200,300,
600051.SH,600051,20251209,93723490,0,2036131,A,S,77200,400,
600051.SH,600051,20251209,93723510,0,2036137,A,S,77200,400,
600051.SH,600051,20251209,93723510,0,2036144,A,S,77200,300,
600051.SH,600051,20251209,93723650,0,2036470,A,S,77200,100,
600051.SH,600051,20251209,93723870,0,2037021,A,S,77200,100,
600051.SH,600051,20251209,93725990,0,2042494,A,B,77000,5400,
600051.SH,600051,20251209,93729660,0,2051703,A,S,77200,1000,
600051.SH,600051,20251209,93729830,0,2052123,A,B,77100,200,
600051.SH,600051,20251209,93731420,0,2056342,A,B,77100,700,
600051.SH,600051,20251209,93733730,0,2061674,A,S,77200,100,
600051.SH,600051,20251209,93737360,0,2070450,A,B,77100,200,
600051.SH,600051,20251209,93745430,0,2090773,A,S,77800,500,
600051.SH,600051,20251209,93752260,0,2107370,A,B,76800,800,
600051.SH,600051,20251209,93755880,0,2117124,A,B,77100,3200,
600051.SH,600051,20251209,93756440,0,2118648,A,S,77200,1300,
600051.SH,600051,20251209,93758060,0,2122525,A,B,77100,300,
600051.SH,600051,20251209,93800020,0,1680640,D,B,77000,300,
600051.SH,600051,20251209,93800400,0,2128576,A,S,77200,300,
600051.SH,600051,20251209,93801140,0,2131056,A,S,77200,200,
600051.SH,600051,20251209,93803020,0,2136509,A,S,77200,100,
600051.SH,600051,20251209,93803530,0,2138096,A,B,77100,100,
600051.SH,600051,20251209,93803530,0,2138097,A,B,77100,200,
600051.SH,600051,20251209,93805590,0,2143627,A,B,77100,100,
600051.SH,600051,20251209,93808900,0,2152215,A,S,78500,17100,
600051.SH,600051,20251209,93808920,0,2152279,A,S,77200,10000,
600051.SH,600051,20251209,93813530,0,2165054,A,S,77100,3300,
600051.SH,600051,20251209,93813530,0,2165061,A,S,77100,700,
600051.SH,600051,20251209,93813550,0,2165107,A,S,77100,4400,
600051.SH,600051,20251209,93813610,0,2165244,A,S,77100,300,
600051.SH,600051,20251209,93813620,0,2165364,A,S,77100,100,
600051.SH,600051,20251209,93813620,0,2165473,A,S,77100,100,
600051.SH,600051,20251209,93813640,0,2165599,A,S,77100,600,
600051.SH,600051,20251209,93813640,0,2165729,A,S,77100,1600,
600051.SH,600051,20251209,93813680,0,2165736,A,S,77100,1000,
600051.SH,600051,20251209,93813680,0,2165741,A,S,77100,800,
600051.SH,600051,20251209,93813680,0,2165751,A,S,77100,700,
600051.SH,600051,20251209,93813680,0,2165756,A,S,77100,100,
600051.SH,600051,20251209,93813680,0,2165758,A,S,77100,1000,
600051.SH,600051,20251209,93813680,0,2165769,A,S,77100,700,
600051.SH,600051,20251209,93813680,0,2165783,A,S,77100,800,
600051.SH,600051,20251209,93813680,0,2165797,A,S,77100,1800,
600051.SH,600051,20251209,93813710,0,2165835,A,S,77100,1300,
600051.SH,600051,20251209,93813710,0,2165848,A,S,77100,1500,
600051.SH,600051,20251209,93813780,0,2166026,A,S,77100,1700,
600051.SH,600051,20251209,93813780,0,2166057,A,S,77100,300,
600051.SH,600051,20251209,93813830,0,2166247,A,S,77100,400,
600051.SH,600051,20251209,93813830,0,2166341,A,S,77100,300,
600051.SH,600051,20251209,93813920,0,2166857,A,S,77100,400,
600051.SH,600051,20251209,93814010,0,2167175,A,S,77100,600,
600051.SH,600051,20251209,93814010,0,2019782,D,S,77200,1100,
600051.SH,600051,20251209,93814130,0,2167543,A,S,77100,100,
600051.SH,600051,20251209,93814130,0,2037021,D,S,77200,100,
600051.SH,600051,20251209,93814390,0,2168587,A,S,77100,800,
600051.SH,600051,20251209,93814470,0,2017965,D,S,77200,100,
600051.SH,600051,20251209,93814590,0,2169156,A,S,77100,100,
600051.SH,600051,20251209,93814930,0,2165244,D,S,77100,300,
600051.SH,600051,20251209,93815080,0,2170229,A,S,77200,400,
600051.SH,600051,20251209,93815300,0,2051703,D,S,77200,1000,
600051.SH,600051,20251209,93817300,0,2016010,D,S,77200,1700,
600051.SH,600051,20251209,93818030,0,2177882,A,S,77100,100,
600051.SH,600051,20251209,93818920,0,2180124,A,B,77000,500,
600051.SH,600051,20251209,93819670,0,2165756,D,S,77100,100,
600051.SH,600051,20251209,93819780,0,2182515,A,B,77000,100,
600051.SH,600051,20251209,93821060,0,2015305,D,S,77300,400,
600051.SH,600051,20251209,93821350,0,2186538,A,S,77100,1000,
600051.SH,600051,20251209,93822010,0,2017952,D,S,77200,2000,
600051.SH,600051,20251209,93822110,0,2188756,A,B,77000,1600,
600051.SH,600051,20251209,93822870,0,2191020,A,S,77100,400,
600051.SH,600051,20251209,93825060,0,2196825,A,S,77000,300,
600051.SH,600051,20251209,93825310,0,2197444,A,S,77000,100,
600051.SH,600051,20251209,93825430,0,2197906,A,S,77000,500,
600051.SH,600051,20251209,93825500,0,2036130,D,S,77200,300,
600051.SH,600051,20251209,93825500,0,2036131,D,S,77200,400,
600051.SH,600051,20251209,93825520,0,2198111,A,S,77000,500,
600051.SH,600051,20251209,93825520,0,2198112,A,S,77000,1400,
600051.SH,600051,20251209,93825520,0,2036137,D,S,77200,400,
600051.SH,600051,20251209,93825520,0,2198114,A,S,77000,800,
600051.SH,600051,20251209,93825520,0,2036144,D,S,77200,300,
600051.SH,600051,20251209,93825520,0,2198120,A,S,77000,700,
600051.SH,600051,20251209,93825610,0,2198359,A,S,77000,100,
600051.SH,600051,20251209,93825610,0,2198379,A,S,77000,100,
600051.SH,600051,20251209,93825640,0,2198528,A,S,77000,400,
600051.SH,600051,20251209,93825770,0,2198851,A,S,77000,800,
600051.SH,600051,20251209,93825920,0,2199209,A,S,77000,1100,
600051.SH,600051,20251209,93826480,0,2168587,D,S,77100,800,
600051.SH,600051,20251209,93826500,0,2169156,D,S,77100,100,
600051.SH,600051,20251209,93827020,0,2167175,D,S,77100,600,
600051.SH,600051,20251209,93828080,0,2204570,A,S,77000,1700,
600051.SH,600051,20251209,93828560,0,2205799,A,B,76900,900,
600051.SH,600051,20251209,93829440,0,2186538,D,S,77100,1000,
600051.SH,600051,20251209,93830020,0,2209167,A,S,77000,100,
600051.SH,600051,20251209,93830350,0,2210062,A,B,76900,200,
600051.SH,600051,20251209,93833020,0,2216670,A,S,77000,100,
600051.SH,600051,20251209,93833020,0,2216671,A,B,76900,100,
600051.SH,600051,20251209,93835850,0,2224497,A,B,76900,900,
600051.SH,600051,20251209,93843440,0,2242185,A,B,76900,900,
600051.SH,600051,20251209,93845020,0,2245734,A,S,77000,100,
600051.SH,600051,20251209,93845070,0,2170229,D,S,77200,400,
600051.SH,600051,20251209,93845100,0,2191020,D,S,77100,400,
600051.SH,600051,20251209,93848070,0,2252386,A,S,77000,500,
600051.SH,600051,20251209,93848780,0,2253863,A,S,77000,100,
600051.SH,600051,20251209,93849490,0,2255504,A,B,76900,100,
600051.SH,600051,20251209,93850910,0,2259072,A,B,76900,600,
600051.SH,600051,20251209,93852050,0,2261589,A,B,77000,1600,
600051.SH,600051,20251209,93852420,0,2262581,A,S,77000,600,
600051.SH,600051,20251209,93852450,0,2262620,A,S,77000,500,
600051.SH,600051,20251209,93852480,0,2262686,A,S,77000,800,
600051.SH,600051,20251209,93852480,0,2262711,A,S,77000,100,
600051.SH,600051,20251209,93852480,0,2262716,A,S,77000,2900,
600051.SH,600051,20251209,93852480,0,2262731,A,S,77000,500,
600051.SH,600051,20251209,93852510,0,2262757,A,S,77000,100,
600051.SH,600051,20251209,93852640,0,2036470,D,S,77200,100,
600051.SH,600051,20251209,93852720,0,2263241,A,S,77000,900,
600051.SH,600051,20251209,93853350,0,2107370,D,B,76800,800,
600051.SH,600051,20251209,93853460,0,2264871,A,S,77000,2000,
600051.SH,600051,20251209,93853550,0,2265014,A,S,77000,900,
600051.SH,600051,20251209,93853550,0,2265035,A,S,77000,100,
600051.SH,600051,20251209,93855330,0,2262620,D,S,77000,500,
600051.SH,600051,20251209,93856690,0,2272117,A,S,77000,1400,
600051.SH,600051,20251209,93857020,0,2272993,A,B,76900,1900,
600051.SH,600051,20251209,93858670,0,2276991,A,S,77000,1200,
600051.SH,600051,20251209,93859180,0,2278151,A,B,76900,1000,
600051.SH,600051,20251209,93859620,0,2279115,A,B,76900,300,
600051.SH,600051,20251209,93900350,0,2280851,A,B,76900,100,
600051.SH,600051,20251209,93901790,0,2284652,A,S,77000,1400,
600051.SH,600051,20251209,93903350,0,2288873,A,B,76900,100,
600051.SH,600051,20251209,93908460,0,2302690,A,S,77000,1300,
600051.SH,600051,20251209,93908640,0,2303161,A,S,77000,4300,
600051.SH,600051,20251209,93910640,0,2307807,A,S,77000,100,
600051.SH,600051,20251209,93912520,0,2312153,A,S,77000,400,
600051.SH,600051,20251209,93912520,0,2312154,A,S,77000,300,
600051.SH,600051,20251209,93912520,0,2312162,A,S,77000,400,
600051.SH,600051,20251209,93912540,0,2312196,A,S,77000,300,
600051.SH,600051,20251209,93913030,0,2313271,A,S,77000,2100,
600051.SH,600051,20251209,93913530,0,2165107,D,S,77100,4400,
600051.SH,600051,20251209,93913530,0,2165061,D,S,77100,700,
600051.SH,600051,20251209,93915060,0,2318540,A,B,76900,2200,
600051.SH,600051,20251209,93915520,0,2319726,A,S,77000,1000,
600051.SH,600051,20251209,93915670,0,2165797,D,S,77100,1800,
600051.SH,600051,20251209,93916510,0,2322140,A,S,77000,800,
600051.SH,600051,20251209,93916630,0,2165364,D,S,77100,100,
600051.SH,600051,20251209,93916630,0,2165473,D,S,77100,100,
600051.SH,600051,20251209,93916660,0,2165729,D,S,77100,1600,
600051.SH,600051,20251209,93916680,0,2165741,D,S,77100,800,
600051.SH,600051,20251209,93916780,0,2166026,D,S,77100,1700,
600051.SH,600051,20251209,93917020,0,2323423,A,S,76900,2400,
600051.SH,600051,20251209,93917040,0,2323448,A,S,76900,600,
600051.SH,600051,20251209,93917050,0,2323471,A,S,76900,500,
600051.SH,600051,20251209,93917050,0,2323472,A,S,76900,600,
600051.SH,600051,20251209,93917070,0,2323499,A,S,76900,2200,
600051.SH,600051,20251209,93917110,0,2323634,A,S,76900,500,
600051.SH,600051,20251209,93917140,0,2323671,A,S,76900,200,
600051.SH,600051,20251209,93917140,0,2303161,D,S,77000,4300,
600051.SH,600051,20251209,93917430,0,2324397,A,S,76900,600,
600051.SH,600051,20251209,93917460,0,2264871,D,S,77000,2000,
600051.SH,600051,20251209,93917520,0,2324550,A,S,76900,700,
600051.SH,600051,20251209,93917580,0,2265014,D,S,77000,900,
600051.SH,600051,20251209,93917580,0,2265035,D,S,77000,100,
600051.SH,600051,20251209,93917660,0,2324905,A,S,77000,800,
600051.SH,600051,20251209,93917660,0,2324906,A,S,77000,1700,
600051.SH,600051,20251209,93917770,0,2325157,A,S,77000,1800,
600051.SH,600051,20251209,93918520,0,2165054,D,S,77100,3100,
600051.SH,600051,20251209,93918550,0,2319726,D,S,77000,1000,
600051.SH,600051,20251209,93920480,0,2322140,D,S,77000,800,
600051.SH,600051,20251209,93920530,0,2330980,A,S,76900,500,
600051.SH,600051,20251209,93921430,0,2118648,D,S,77200,1300,
600051.SH,600051,20251209,93923570,0,2323634,D,S,76900,500,
600051.SH,600051,20251209,93926380,0,2343993,A,S,76900,500,
600051.SH,600051,20251209,93926430,0,2344114,A,S,76900,800,
600051.SH,600051,20251209,93930160,0,2351365,A,B,76800,400,
600051.SH,600051,20251209,93933890,0,2360478,A,S,76900,500,
600051.SH,600051,20251209,93934040,0,2360777,A,S,76900,100,
600051.SH,600051,20251209,93934150,0,2361030,A,S,76900,4200,
600051.SH,600051,20251209,93935040,0,2362984,A,B,76800,700,
600051.SH,600051,20251209,93935460,0,2364181,A,S,76900,2000,
600051.SH,600051,20251209,93935960,0,2365126,A,S,76900,100,
600051.SH,600051,20251209,93936040,0,2365279,A,S,76900,1100,
600051.SH,600051,20251209,93936150,0,2365518,A,S,76900,100,
600051.SH,600051,20251209,93936150,0,2365519,A,S,76900,100,
600051.SH,600051,20251209,93936810,0,2367088,A,S,85000,500,
600051.SH,600051,20251209,93937050,0,2367638,A,B,76800,400,
600051.SH,600051,20251209,93937460,0,2368581,A,S,76900,1500,
600051.SH,600051,20251209,93937610,0,2368825,A,B,76800,400,
600051.SH,600051,20251209,93940710,0,2375698,A,S,76900,1000,
600051.SH,600051,20251209,93945000,0,2384426,A,B,76800,400,
600051.SH,600051,20251209,93952540,0,2401682,A,B,76800,200,
600051.SH,600051,20251209,93953420,0,2403879,A,S,77500,2500,
600051.SH,600051,20251209,93954950,0,2407232,A,B,76800,4000,
600051.SH,600051,20251209,94000040,0,2417784,A,B,76800,700,
600051.SH,600051,20251209,94000620,0,2419557,A,B,76800,600,
600051.SH,600051,20251209,94001640,0,2422183,A,B,76800,1200,
600051.SH,600051,20251209,94003520,0,2426705,A,B,76800,300,
600051.SH,600051,20251209,94003520,0,2426707,A,B,76800,200,
600051.SH,600051,20251209,94003520,0,2426708,A,B,76800,300,
600051.SH,600051,20251209,94003520,0,2426709,A,B,76800,300,
600051.SH,600051,20251209,94003520,0,2426715,A,B,76800,100,
600051.SH,600051,20251209,94003630,0,2426909,A,S,76900,1400,
600051.SH,600051,20251209,94003780,0,2427308,A,B,76800,300,
600051.SH,600051,20251209,94004260,0,2428577,A,B,76800,200,
600051.SH,600051,20251209,94004670,0,2429670,A,B,76800,200,
600051.SH,600051,20251209,94005670,0,2432741,A,B,76800,100,
600051.SH,600051,20251209,94005690,0,2432787,A,B,76800,200,
600051.SH,600051,20251209,94005880,0,2433236,A,S,76900,300,
600051.SH,600051,20251209,94007120,0,2436766,A,S,76900,100,
600051.SH,600051,20251209,94007540,0,2437956,A,B,76800,600,
600051.SH,600051,20251209,94009530,0,2442786,A,S,76900,3000,
600051.SH,600051,20251209,94010440,0,2444770,A,B,76800,100,
600051.SH,600051,20251209,94012010,0,2448416,A,B,76800,200,
600051.SH,600051,20251209,94012660,0,2324906,D,S,77000,1700,
600051.SH,600051,20251209,94012660,0,2276991,D,S,77000,1200,
600051.SH,600051,20251209,94012660,0,2324905,D,S,77000,800,
600051.SH,600051,20251209,94012780,0,2325157,D,S,77000,1800,
600051.SH,600051,20251209,94012810,0,2284652,D,S,77000,1400,
600051.SH,600051,20251209,94015030,0,2455588,A,S,76900,100,
600051.SH,600051,20251209,94015280,0,2444770,D,B,76800,100,
600051.SH,600051,20251209,94015790,0,2458027,A,S,76900,3200,
600051.SH,600051,20251209,94017810,0,2466453,A,B,76800,100,
600051.SH,600051,20251209,94021010,0,2475776,A,S,76900,300,
600051.SH,600051,20251209,94023650,0,2482673,A,S,76900,100,
600051.SH,600051,20251209,94025080,0,2466453,D,B,76800,100,
600051.SH,600051,20251209,94026060,0,2488153,A,B,76800,700,
600051.SH,600051,20251209,94026730,0,2489624,A,B,76800,100,
600051.SH,600051,20251209,94027310,0,2491030,A,B,76800,100,
600051.SH,600051,20251209,94028690,0,2494874,A,B,76800,800,
600051.SH,600051,20251209,94028830,0,2495218,A,B,76800,1100,
600051.SH,600051,20251209,94029050,0,1535672,D,B,76700,4500,
600051.SH,600051,20251209,94029890,0,2497799,A,B,76800,6600,
600051.SH,600051,20251209,94030530,0,2499226,A,S,76900,500,
600051.SH,600051,20251209,94030680,0,2499562,A,S,76900,2800,
600051.SH,600051,20251209,94030680,0,2499572,A,S,76900,800,
600051.SH,600051,20251209,94030760,0,2499761,A,B,76400,300,
600051.SH,600051,20251209,94031370,0,2501188,A,B,76800,800,
600051.SH,600051,20251209,94034740,0,2491030,D,B,76800,100,
600051.SH,600051,20251209,94035960,0,2512326,A,B,76800,2000,
600051.SH,600051,20251209,94036430,0,2513537,A,B,76800,300,
600051.SH,600051,20251209,94039370,0,2436766,D,S,76900,100,
600051.SH,600051,20251209,94041420,0,2524890,A,S,76900,1300,
600051.SH,600051,20251209,94041530,0,2494874,D,B,76800,800,
600051.SH,600051,20251209,94041580,0,2525188,A,B,76800,300,
600051.SH,600051,20251209,94042330,0,2526826,A,B,76800,100,
600051.SH,600051,20251209,94057720,0,2560591,A,B,76800,200,
600051.SH,600051,20251209,94100220,0,2566098,A,S,76800,2600,
600051.SH,600051,20251209,94100380,0,2566492,A,S,76800,400,
600051.SH,600051,20251209,94100380,0,2566504,A,S,76900,100,
600051.SH,600051,20251209,94100380,0,2566505,A,S,76900,100,
600051.SH,600051,20251209,94100410,0,2566633,A,S,76900,100,
600051.SH,600051,20251209,94100560,0,2567070,A,S,76800,100,
600051.SH,600051,20251209,94100650,0,2567331,A,B,76700,100,
600051.SH,600051,20251209,94101120,0,2568299,A,S,76800,2600,
600051.SH,600051,20251209,94101120,0,2568361,A,S,76700,100,
600051.SH,600051,20251209,94101120,0,2568362,A,S,76700,100,
600051.SH,600051,20251209,94101120,0,2568363,A,S,76700,300,
600051.SH,600051,20251209,94101120,0,2568364,A,S,76700,100,
600051.SH,600051,20251209,94101120,0,2568365,A,S,76700,100,
600051.SH,600051,20251209,94101120,0,2568367,A,S,76700,100,
600051.SH,600051,20251209,94101120,0,2568368,A,S,76700,100,
600051.SH,600051,20251209,94101120,0,2568370,A,S,76700,100,
600051.SH,600051,20251209,94101120,0,2568371,A,S,76700,100,
600051.SH,600051,20251209,94101120,0,2568372,A,S,76700,100,
600051.SH,600051,20251209,94101120,0,2568373,A,S,76700,100,
600051.SH,600051,20251209,94101120,0,2568374,A,S,76700,100,
600051.SH,600051,20251209,94101120,0,2568375,A,S,76700,100,
600051.SH,600051,20251209,94101120,0,2568376,A,S,76700,100,
600051.SH,600051,20251209,94101120,0,2568377,A,S,76700,100,
600051.SH,600051,20251209,94101120,0,2568378,A,S,76700,100,
600051.SH,600051,20251209,94101120,0,2568380,A,S,76700,100,
600051.SH,600051,20251209,94101120,0,2568382,A,S,76700,100,
600051.SH,600051,20251209,94101120,0,2568386,A,S,76700,100,
600051.SH,600051,20251209,94101120,0,2568392,A,S,76700,100,
600051.SH,600051,20251209,94101120,0,2568393,A,S,76700,100,
600051.SH,600051,20251209,94101120,0,2568394,A,S,76700,100,
600051.SH,600051,20251209,94101140,0,2568423,A,S,76700,100,
600051.SH,600051,20251209,94101140,0,2568433,A,S,76700,100,
600051.SH,600051,20251209,94101140,0,2568434,A,S,76700,100,
600051.SH,600051,20251209,94101140,0,2568435,A,S,76700,100,
600051.SH,600051,20251209,94101140,0,2568446,A,S,76700,200,
600051.SH,600051,20251209,94101140,0,2568447,A,S,76700,100,
600051.SH,600051,20251209,94101140,0,2568451,A,S,76700,200,
600051.SH,600051,20251209,94101140,0,2568453,A,S,76700,100,
600051.SH,600051,20251209,94101140,0,2568455,A,S,76700,100,
600051.SH,600051,20251209,94101140,0,2568456,A,S,76700,100,
600051.SH,600051,20251209,94101140,0,2568458,A,S,76700,100,
600051.SH,600051,20251209,94101400,0,2569083,A,S,76700,300,
600051.SH,600051,20251209,94101400,0,2426909,D,S,76900,1400,
600051.SH,600051,20251209,94101400,0,2361030,D,S,76900,800,
600051.SH,600051,20251209,94101620,0,2566492,D,S,76800,400,
600051.SH,600051,20251209,94101620,0,2365279,D,S,76900,1100,
600051.SH,600051,20251209,94101640,0,2569752,A,S,76800,100,
600051.SH,600051,20251209,94101660,0,2569840,A,S,76900,700,
600051.SH,600051,20251209,94101780,0,2570069,A,B,76700,1500,
600051.SH,600051,20251209,94101900,0,2570410,A,B,76700,300,
600051.SH,600051,20251209,94103150,0,2570410,D,B,76700,300,
600051.SH,600051,20251209,94103190,0,2573489,A,B,76700,400,
600051.SH,600051,20251209,94103530,0,2574259,A,B,76700,200,
600051.SH,600051,20251209,94103530,0,2574264,A,B,76700,100,
600051.SH,600051,20251209,94103530,0,2574265,A,B,76700,200,
600051.SH,600051,20251209,94103570,0,2574327,A,B,76700,200,
600051.SH,600051,20251209,94103690,0,2272117,D,S,77000,1400,
600051.SH,600051,20251209,94104250,0,2576004,A,B,76700,200,
600051.SH,600051,20251209,94104380,0,2568299,D,S,76800,1000,
600051.SH,600051,20251209,94104910,0,2577386,A,B,76700,800,
600051.SH,600051,20251209,94105070,0,2577653,A,S,76800,500,
600051.SH,600051,20251209,94105110,0,2577760,A,B,76700,800,
600051.SH,600051,20251209,94105670,0,2579138,A,B,76700,100,
600051.SH,600051,20251209,94105690,0,2579183,A,B,76700,200,
600051.SH,600051,20251209,94105780,0,2579366,A,B,76700,100,
600051.SH,600051,20251209,94105950,0,2579656,A,B,76800,200,
600051.SH,600051,20251209,94106000,0,2579793,A,B,75800,100,
600051.SH,600051,20251209,94106110,0,2580071,A,S,76900,100,
600051.SH,600051,20251209,94106140,0,2580094,A,S,76900,400,
600051.SH,600051,20251209,94106710,0,2581426,A,S,76800,300,
600051.SH,600051,20251209,94107810,0,2570069,D,B,76700,1400,
600051.SH,600051,20251209,94108050,0,2584280,A,S,85000,2000,
600051.SH,600051,20251209,94108830,0,2585896,A,B,76800,500,
600051.SH,600051,20251209,94109060,0,2586301,A,B,76700,100,
600051.SH,600051,20251209,94109130,0,2586419,A,S,76800,3400,
600051.SH,600051,20251209,94109170,0,2586488,A,S,76800,1100,
600051.SH,600051,20251209,94109190,0,2586553,A,S,76800,700,
600051.SH,600051,20251209,94109990,0,2588211,A,B,76700,300,
600051.SH,600051,20251209,94110450,0,2524890,D,S,76900,1300,
600051.SH,600051,20251209,94110480,0,2364181,D,S,76900,2000,
600051.SH,600051,20251209,94111040,0,2590479,A,S,76900,400,
600051.SH,600051,20251209,94112170,0,2375698,D,S,76900,1000,
600051.SH,600051,20251209,94112280,0,2015307,D,S,77200,2600,
600051.SH,600051,20251209,94112300,0,2593094,A,S,76800,2600,
600051.SH,600051,20251209,94113440,0,2302690,D,S,77000,1300,
600051.SH,600051,20251209,94114650,0,2597888,A,B,76600,1000,
600051.SH,600051,20251209,94114930,0,2598580,A,S,76800,4400,
600051.SH,600051,20251209,94115020,0,2598717,A,S,76800,700,
600051.SH,600051,20251209,94117000,0,2603047,A,B,76700,800,
600051.SH,600051,20251209,94118030,0,2605169,A,S,76800,100,
600051.SH,600051,20251209,94121350,0,2612682,A,B,76700,1400,
600051.SH,600051,20251209,94121400,0,2612803,A,B,76700,700,
600051.SH,600051,20251209,94121800,0,2613793,A,B,76700,800,
600051.SH,600051,20251209,94122020,0,2614324,A,B,76700,800,
600051.SH,600051,20251209,94122050,0,2614383,A,B,76700,800,
600051.SH,600051,20251209,94122260,0,2614801,A,B,76600,500,
600051.SH,600051,20251209,94122260,0,2614802,A,B,76600,800,
600051.SH,600051,20251209,94122370,0,2615021,A,B,76700,100,
600051.SH,600051,20251209,94122510,0,2615330,A,B,76700,100,
600051.SH,600051,20251209,94123680,0,2618052,A,B,76700,100,
600051.SH,600051,20251209,94124030,0,2618629,A,B,76700,700,
600051.SH,600051,20251209,94124460,0,2619591,A,B,76700,800,
600051.SH,600051,20251209,94126450,0,2623334,A,S,76800,2200,
600051.SH,600051,20251209,94127090,0,2566505,D,S,76900,100,
600051.SH,600051,20251209,94127090,0,2566504,D,S,76900,100,
600051.SH,600051,20251209,94127110,0,2566633,D,S,76900,100,
600051.SH,600051,20251209,94127750,0,2625943,A,B,76700,800,
600051.SH,600051,20251209,94128200,0,2626841,A,B,76700,100,
600051.SH,600051,20251209,94128440,0,2627376,A,B,76700,400,
600051.SH,600051,20251209,94128460,0,2627449,A,B,76700,100,
600051.SH,600051,20251209,94129760,0,2630285,A,B,76800,100,
600051.SH,600051,20251209,94129880,0,2630469,A,S,76900,1200,
600051.SH,600051,20251209,94129880,0,2630480,A,S,76900,100,
600051.SH,600051,20251209,94129880,0,2630485,A,S,76900,100,
600051.SH,600051,20251209,94129900,0,2630535,A,S,76900,100,
600051.SH,600051,20251209,94130020,0,2630712,A,S,76900,200,
600051.SH,600051,20251209,94130020,0,2630715,A,S,76900,300,
600051.SH,600051,20251209,94130020,0,2630717,A,S,76900,400,
600051.SH,600051,20251209,94130070,0,2630839,A,B,76800,2800,
600051.SH,600051,20251209,94131610,0,2634260,A,B,76800,100,
600051.SH,600051,20251209,94131830,0,2634740,A,B,76400,25000,
600051.SH,600051,20251209,94132330,0,2635825,A,B,76800,800,
600051.SH,600051,20251209,94135800,0,2643732,A,B,76800,400,
600051.SH,600051,20251209,94137860,0,2630480,D,S,76900,100,
600051.SH,600051,20251209,94137860,0,2630485,D,S,76900,100,
600051.SH,600051,20251209,94137880,0,2630535,D,S,76900,100,
600051.SH,600051,20251209,94139990,0,2651997,A,B,76800,100,
600051.SH,600051,20251209,94142000,0,2656056,A,B,76800,300,
600051.SH,600051,20251209,94143320,0,2658957,A,B,76800,400,
600051.SH,600051,20251209,94146520,0,2665531,A,B,76800,300,
600051.SH,600051,20251209,94150940,0,2674511,A,B,76800,400,
600051.SH,600051,20251209,94152220,0,2677628,A,S,76900,1300,
600051.SH,600051,20251209,94152260,0,2677797,A,S,76900,600,
600051.SH,600051,20251209,94152390,0,2678307,A,S,76900,100,
600051.SH,600051,20251209,94152390,0,2678309,A,S,76900,200,
600051.SH,600051,20251209,94157430,0,1953075,D,S,77300,1600,
600051.SH,600051,20251209,94157730,0,2689348,A,B,76800,700,
600051.SH,600051,20251209,94207020,0,2709398,A,S,76900,700,
600051.SH,600051,20251209,94208680,0,2712662,A,S,77400,10000,
600051.SH,600051,20251209,94208890,0,2713062,A,S,76900,100,
600051.SH,600051,20251209,94208890,0,2713067,A,S,76900,100,
600051.SH,600051,20251209,94209230,0,2713810,A,S,76900,300,
600051.SH,600051,20251209,94209380,0,2714197,A,S,76900,3900,
600051.SH,600051,20251209,94209400,0,2714230,A,S,76900,100,
600051.SH,600051,20251209,94212060,0,2656056,D,B,76800,300,
600051.SH,600051,20251209,94212060,0,2719807,A,S,76900,100,
600051.SH,600051,20251209,94212110,0,2719939,A,B,76600,1000,
600051.SH,600051,20251209,94217200,0,2020332,D,S,77200,100,
600051.SH,600051,20251209,94218080,0,2732491,A,S,76900,100,
600051.SH,600051,20251209,94218240,0,2732803,A,S,76900,1400,
600051.SH,600051,20251209,94218380,0,2733102,A,S,76900,1200,
600051.SH,600051,20251209,94220150,0,2736899,A,S,76900,100,
600051.SH,600051,20251209,94222910,0,2742663,A,S,76900,100,
600051.SH,600051,20251209,94229090,0,2754808,A,B,76800,100,
600051.SH,600051,20251209,94229370,0,2755378,A,S,76900,100,
600051.SH,600051,20251209,94230120,0,2756724,A,B,76800,900,
600051.SH,600051,20251209,94230510,0,2757844,A,S,76900,100,
600051.SH,600051,20251209,94232430,0,2761386,A,B,76400,2500,
600051.SH,600051,20251209,94232530,0,2761561,A,S,76900,1300,
600051.SH,600051,20251209,94232530,0,2761567,A,S,76900,100,
600051.SH,600051,20251209,94232530,0,2761568,A,B,76800,100,
600051.SH,600051,20251209,94233170,0,2762771,A,S,76900,3700,
600051.SH,600051,20251209,94236170,0,2768660,A,S,76900,100,
600051.SH,600051,20251209,94237660,0,2771337,A,B,76800,500,
600051.SH,600051,20251209,94238450,0,2772738,A,S,76900,1600,
600051.SH,600051,20251209,94238570,0,2772894,A,B,76700,6600,
600051.SH,600051,20251209,94246510,0,2789108,A,S,76900,2000,
600051.SH,600051,20251209,94247630,0,2614802,D,B,76600,800,
600051.SH,600051,20251209,94247710,0,2791778,A,B,76800,800,
600051.SH,600051,20251209,94249360,0,2795570,A,S,76900,1100,
600051.SH,600051,20251209,94254820,0,2805525,A,S,77300,1500,
600051.SH,600051,20251209,94258670,0,2812271,A,B,76800,900,
600051.SH,600051,20251209,94259120,0,2813260,A,B,76700,700,
600051.SH,600051,20251209,94300170,0,2815061,A,S,76900,2000,
600051.SH,600051,20251209,94300390,0,2815615,A,S,76900,100,
600051.SH,600051,20251209,94300470,0,2128576,D,S,77200,300,
600051.SH,600051,20251209,94300990,0,2816993,A,S,76900,100,
600051.SH,600051,20251209,94301140,0,2817292,A,S,76900,300,
600051.SH,600051,20251209,94301200,0,2131056,D,S,77200,200,
600051.SH,600051,20251209,94302900,0,2820927,A,S,76900,200,
600051.SH,600051,20251209,94303910,0,2822871,A,S,76900,500,
600051.SH,600051,20251209,94306160,0,269256,D,S,77800,3000,
600051.SH,600051,20251209,94309030,0,2618629,D,B,76700,700,
600051.SH,600051,20251209,94309700,0,2579183,D,B,76700,200,
600051.SH,600051,20251209,94309780,0,2579366,D,B,76700,100,
600051.SH,600051,20251209,94315380,0,2845283,A,S,76900,1100,
600051.SH,600051,20251209,94321420,0,2857250,A,B,76900,200,
600051.SH,600051,20251209,94321620,0,2857604,A,S,77000,1400,
600051.SH,600051,20251209,94321620,0,2857609,A,S,77000,100,
600051.SH,600051,20251209,94321640,0,2857635,A,S,76900,100,
600051.SH,600051,20251209,94321640,0,2857648,A,S,77000,100,
600051.SH,600051,20251209,94321760,0,2857855,A,S,76900,1200,
600051.SH,600051,20251209,94324310,0,2862948,A,B,76900,300,
600051.SH,600051,20251209,94324600,0,2863515,A,S,76900,300,
600051.SH,600051,20251209,94325180,0,2864559,A,B,76900,500,
600051.SH,600051,20251209,94325390,0,2791778,D,B,76800,800,
600051.SH,600051,20251209,94325390,0,2614801,D,B,76600,500,
600051.SH,600051,20251209,94325390,0,2813260,D,B,76700,700,
600051.SH,600051,20251209,94325600,0,2865189,A,S,76900,100,
600051.SH,600051,20251209,94326370,0,2262731,D,S,77000,500,
600051.SH,600051,20251209,94326650,0,2867076,A,B,76900,700,
600051.SH,600051,20251209,94327010,0,2867644,A,B,76800,300,
600051.SH,600051,20251209,94327030,0,2867668,A,B,76800,300,
600051.SH,600051,20251209,94327030,0,2867674,A,B,76800,200,
600051.SH,600051,20251209,94327540,0,2868465,A,S,76900,4400,
600051.SH,600051,20251209,94328000,0,2869358,A,B,76800,100,
600051.SH,600051,20251209,94330120,0,2872965,A,B,76800,2200,
