万得代码,交易所代码,自然日,时间,委托编号,交易所委托号,委托类型,委托代码,委托价格,委托数量,
000042.SZ,000042,20251209,91500070,0,6714,0,S,90000,12500,
000042.SZ,000042,20251209,91500070,0,7599,0,S,83800,600,
000042.SZ,000042,20251209,91500070,0,8181,0,B,82100,2000,
000042.SZ,000042,20251209,91500070,0,8182,0,B,82000,2500,
000042.SZ,000042,20251209,91500070,0,8183,0,B,81900,3000,
000042.SZ,000042,20251209,91500070,0,8438,0,S,85100,3000,
000042.SZ,000042,20251209,91500070,0,8440,0,S,86200,3500,
000042.SZ,000042,20251209,91500070,0,8520,0,S,86700,3500,
000042.SZ,000042,20251209,91500070,0,8521,0,S,87300,4000,
000042.SZ,000042,20251209,91500070,0,8630,0,S,90200,25000,
000042.SZ,000042,20251209,91500080,0,9100,0,S,86100,500,
000042.SZ,000042,20251209,91500080,0,9101,0,B,77900,500,
000042.SZ,000042,20251209,91500080,0,9134,0,B,80300,500,
000042.SZ,000042,20251209,91500080,0,11239,0,S,90000,12400,
000042.SZ,000042,20251209,91500090,0,14573,0,S,85700,400,
000042.SZ,000042,20251209,91500090,0,16658,0,S,86800,5800,
000042.SZ,000042,20251209,91500100,0,19150,0,S,90200,2000,
000042.SZ,000042,20251209,91500100,0,19481,0,S,89700,600,
000042.SZ,000042,20251209,91500110,0,19824,0,S,87300,400,
000042.SZ,000042,20251209,91500110,0,19826,0,S,87800,400,
000042.SZ,000042,20251209,91500110,0,19827,0,S,88300,400,
000042.SZ,000042,20251209,91500110,0,20364,0,S,86800,400,
000042.SZ,000042,20251209,91500110,0,20367,0,S,88800,400,
000042.SZ,000042,20251209,91500110,0,20368,0,S,89300,400,
000042.SZ,000042,20251209,91500120,0,22932,0,S,84500,8000,
000042.SZ,000042,20251209,91500130,0,25956,0,S,90200,50500,
000042.SZ,000042,20251209,91500130,0,26474,0,S,87300,5200,
000042.SZ,000042,20251209,91500130,0,27713,0,S,86500,500,
000042.SZ,000042,20251209,91500130,0,28734,0,S,86600,400,
000042.SZ,000042,20251209,91500130,0,28735,0,S,88600,400,
000042.SZ,000042,20251209,91500130,0,28736,0,S,89800,400,
000042.SZ,000042,20251209,91500130,0,28737,0,S,85800,500,
000042.SZ,000042,20251209,91500130,0,28738,0,S,86800,500,
000042.SZ,000042,20251209,91500130,0,28739,0,S,87300,500,
000042.SZ,000042,20251209,91500130,0,28740,0,S,87800,700,
000042.SZ,000042,20251209,91500130,0,28741,0,S,88300,800,
000042.SZ,000042,20251209,91500130,0,28742,0,S,89300,900,
000042.SZ,000042,20251209,91500140,0,31610,0,S,87600,400,
000042.SZ,000042,20251209,91500140,0,31611,0,S,89300,400,
000042.SZ,000042,20251209,91500140,0,31612,0,S,90200,500,
000042.SZ,000042,20251209,91500140,0,31669,0,S,85300,500,
000042.SZ,000042,20251209,91500140,0,31670,0,S,86300,500,
000042.SZ,000042,20251209,91500140,0,31672,0,S,88800,800,
000042.SZ,000042,20251209,91500140,0,31673,0,S,89800,900,
000042.SZ,000042,20251209,91500140,0,31674,0,S,90100,1000,
000042.SZ,000042,20251209,91500140,0,31675,0,S,90200,1000,
000042.SZ,000042,20251209,91500140,0,31688,0,S,85600,500,
000042.SZ,000042,20251209,91500150,0,35148,0,S,90200,13700,
000042.SZ,000042,20251209,91500150,0,35477,0,S,90200,500,
000042.SZ,000042,20251209,91500160,0,37063,0,S,88700,4000,
000042.SZ,000042,20251209,91500160,0,38027,0,S,83500,9400,
000042.SZ,000042,20251209,91500160,0,38360,0,S,89800,400,
000042.SZ,000042,20251209,91500160,0,38574,0,B,82200,800,
000042.SZ,000042,20251209,91500170,0,40195,0,S,90200,6500,
000042.SZ,000042,20251209,91500180,0,45194,0,S,86300,500,
000042.SZ,000042,20251209,91500180,0,45208,0,S,87800,500,
000042.SZ,000042,20251209,91500180,0,45211,0,S,89300,500,
000042.SZ,000042,20251209,91500180,0,45212,0,S,90100,500,
000042.SZ,000042,20251209,91500200,0,49022,0,S,86800,500,
000042.SZ,000042,20251209,91500200,0,49023,0,S,87300,500,
000042.SZ,000042,20251209,91500200,0,49024,0,S,88300,500,
000042.SZ,000042,20251209,91500200,0,49025,0,S,88800,500,
000042.SZ,000042,20251209,91500200,0,49026,0,S,89800,500,
000042.SZ,000042,20251209,91500200,0,49027,0,S,90200,500,
000042.SZ,000042,20251209,91500220,0,53854,0,B,81300,2500,
000042.SZ,000042,20251209,91500220,0,53855,0,B,80700,3000,
000042.SZ,000042,20251209,91500220,0,53856,0,B,80100,3000,
000042.SZ,000042,20251209,91500220,0,53884,0,B,79300,4000,
000042.SZ,000042,20251209,91500220,0,53885,0,B,78400,4000,
000042.SZ,000042,20251209,91500220,0,53886,0,B,77100,5000,
000042.SZ,000042,20251209,91500230,0,55775,0,B,80500,4700,
000042.SZ,000042,20251209,91500230,0,55835,0,B,81800,1000,
000042.SZ,000042,20251209,91500230,0,56166,0,S,87000,4000,
000042.SZ,000042,20251209,91500270,0,62998,0,B,81000,600,
000042.SZ,000042,20251209,91500280,0,64244,0,B,81200,5000,
000042.SZ,000042,20251209,91500310,0,69447,0,S,90200,13400,
000042.SZ,000042,20251209,91500330,0,72447,0,S,86600,100,
000042.SZ,000042,20251209,91500330,0,72529,0,B,82100,300,
000042.SZ,000042,20251209,91500340,0,74225,0,S,90200,20000,
000042.SZ,000042,20251209,91500350,0,75859,0,S,82000,100,
000042.SZ,000042,20251209,91500390,0,79872,0,S,90200,10100,
000042.SZ,000042,20251209,91500420,0,83325,0,S,87200,100,
000042.SZ,000042,20251209,91500420,0,83408,0,B,81400,6300,
000042.SZ,000042,20251209,91500420,0,83568,0,S,87700,3000,
000042.SZ,000042,20251209,91500420,0,83569,0,S,86600,2000,
000042.SZ,000042,20251209,91500420,0,83570,0,S,90000,5000,
000042.SZ,000042,20251209,91500480,0,90877,0,S,90200,1000,
000042.SZ,000042,20251209,91500490,0,92189,0,S,89900,7200,
000042.SZ,000042,20251209,91500490,0,92190,0,S,90200,9600,
000042.SZ,000042,20251209,91500500,0,93147,0,S,85700,2000,
000042.SZ,000042,20251209,91500510,0,94356,0,S,82700,5000,
000042.SZ,000042,20251209,91500510,0,94835,0,S,84100,1000,
000042.SZ,000042,20251209,91500570,0,100577,0,S,90200,8200,
000042.SZ,000042,20251209,91500580,0,101790,0,S,90200,8900,
000042.SZ,000042,20251209,91500590,0,102518,0,B,80700,200,
000042.SZ,000042,20251209,91500590,0,102530,0,B,81000,200,
000042.SZ,000042,20251209,91500600,0,103718,0,S,88800,1300,
000042.SZ,000042,20251209,91500630,0,106709,0,S,88700,38900,
000042.SZ,000042,20251209,91500630,0,106710,0,S,86800,30000,
000042.SZ,000042,20251209,91500660,0,109293,0,S,83800,1000,
000042.SZ,000042,20251209,91500660,0,109294,0,S,87800,1000,
000042.SZ,000042,20251209,91500660,0,109296,0,S,90200,1000,
000042.SZ,000042,20251209,91500720,0,115270,0,S,85600,2000,
000042.SZ,000042,20251209,91500840,0,124307,0,B,81200,21200,
000042.SZ,000042,20251209,91500970,0,132519,0,S,89700,12400,
000042.SZ,000042,20251209,91501030,0,137565,0,S,82900,3000,
000042.SZ,000042,20251209,91501030,0,137567,0,S,83400,4000,
000042.SZ,000042,20251209,91501030,0,137577,0,S,83900,5000,
000042.SZ,000042,20251209,91501030,0,137592,0,S,84400,4500,
000042.SZ,000042,20251209,91501030,0,137593,0,S,84900,6000,
000042.SZ,000042,20251209,91501030,0,137594,0,S,85500,5000,
000042.SZ,000042,20251209,91501030,0,137596,0,S,86400,5500,
000042.SZ,000042,20251209,91501030,0,137600,0,S,86900,5000,
000042.SZ,000042,20251209,91501030,0,137610,0,S,87700,5500,
000042.SZ,000042,20251209,91501030,0,137612,0,S,88800,5000,
000042.SZ,000042,20251209,91501030,0,137628,0,S,89900,6000,
000042.SZ,000042,20251209,91501120,0,143603,0,S,85900,3000,
000042.SZ,000042,20251209,91501170,0,146829,0,S,84800,700,
000042.SZ,000042,20251209,91501190,0,148631,0,S,90100,12100,
000042.SZ,000042,20251209,91501270,0,153118,0,S,89900,20000,
000042.SZ,000042,20251209,91501270,0,153125,0,S,87400,10000,
000042.SZ,000042,20251209,91501340,0,156900,0,S,86000,1000,
000042.SZ,000042,20251209,91501340,0,156912,0,B,80500,1000,
000042.SZ,000042,20251209,91501360,0,157776,0,S,82500,5000,
000042.SZ,000042,20251209,91501400,0,159879,0,S,86500,8300,
000042.SZ,000042,20251209,91501470,0,164397,0,B,80900,1000,
000042.SZ,000042,20251209,91501490,0,166237,0,S,85900,2000,
000042.SZ,000042,20251209,91501540,0,169800,0,S,84800,2500,
000042.SZ,000042,20251209,91501540,0,169850,0,S,90200,5100,
000042.SZ,000042,20251209,91501550,0,170780,0,S,90200,100,
000042.SZ,000042,20251209,91501610,0,174515,0,S,84800,1000,
000042.SZ,000042,20251209,91501610,0,174516,0,S,85800,1000,
000042.SZ,000042,20251209,91501610,0,174517,0,S,83800,1000,
000042.SZ,000042,20251209,91501680,0,179011,0,S,88200,6000,
000042.SZ,000042,20251209,91501680,0,179012,0,S,88000,6000,
000042.SZ,000042,20251209,91501680,0,179013,0,S,87800,6000,
000042.SZ,000042,20251209,91501680,0,179014,0,S,87600,6000,
000042.SZ,000042,20251209,91501680,0,179015,0,S,87400,6000,
000042.SZ,000042,20251209,91501680,0,179016,0,S,87200,6000,
000042.SZ,000042,20251209,91501680,0,179017,0,S,87000,6000,
000042.SZ,000042,20251209,91501680,0,179018,0,S,86800,6000,
000042.SZ,000042,20251209,91501680,0,179019,0,S,86600,6000,
000042.SZ,000042,20251209,91501680,0,179020,0,S,86400,6000,
000042.SZ,000042,20251209,91501680,0,179021,0,S,86200,6000,
000042.SZ,000042,20251209,91501680,0,179022,0,S,86000,6000,
000042.SZ,000042,20251209,91501680,0,179023,0,S,85800,6000,
000042.SZ,000042,20251209,91501680,0,179024,0,S,85600,6000,
000042.SZ,000042,20251209,91501680,0,179025,0,S,85400,6000,
000042.SZ,000042,20251209,91501680,0,179026,0,S,85200,6000,
000042.SZ,000042,20251209,91501680,0,179027,0,S,85000,6000,
000042.SZ,000042,20251209,91501680,0,179028,0,S,84800,6000,
000042.SZ,000042,20251209,91501680,0,179029,0,S,84600,6000,
000042.SZ,000042,20251209,91501680,0,179030,0,S,84400,6000,
000042.SZ,000042,20251209,91501680,0,179031,0,S,84200,6000,
000042.SZ,000042,20251209,91501680,0,179032,0,S,84000,6000,
000042.SZ,000042,20251209,91501680,0,179033,0,S,83800,6000,
000042.SZ,000042,20251209,91501680,0,179034,0,S,83600,6000,
000042.SZ,000042,20251209,91501680,0,179035,0,S,83400,6000,
000042.SZ,000042,20251209,91501680,0,179036,0,S,83200,6000,
000042.SZ,000042,20251209,91501680,0,179037,0,S,83000,6000,
000042.SZ,000042,20251209,91501680,0,179038,0,S,82800,6000,
000042.SZ,000042,20251209,91501680,0,179039,0,S,82600,6000,
000042.SZ,000042,20251209,91501680,0,179040,0,B,81800,5500,
000042.SZ,000042,20251209,91501680,0,179052,0,B,81600,5500,
000042.SZ,000042,20251209,91501680,0,179053,0,B,81400,5500,
000042.SZ,000042,20251209,91501680,0,179054,0,B,81200,5500,
000042.SZ,000042,20251209,91501680,0,179055,0,B,81000,5500,
000042.SZ,000042,20251209,91501680,0,179056,0,B,80800,5500,
000042.SZ,000042,20251209,91501680,0,179057,0,B,80600,5500,
000042.SZ,000042,20251209,91501680,0,179058,0,B,80400,5500,
000042.SZ,000042,20251209,91501690,0,179734,0,S,88300,6000,
000042.SZ,000042,20251209,91501690,0,179735,0,S,88100,6000,
000042.SZ,000042,20251209,91501690,0,179736,0,S,87900,6000,
000042.SZ,000042,20251209,91501690,0,179737,0,S,87700,6000,
000042.SZ,000042,20251209,91501690,0,179738,0,S,87500,6000,
000042.SZ,000042,20251209,91501690,0,179739,0,S,87300,6000,
000042.SZ,000042,20251209,91501690,0,179740,0,S,87100,6000,
000042.SZ,000042,20251209,91501690,0,179741,0,S,86900,6000,
000042.SZ,000042,20251209,91501690,0,179742,0,S,86700,6000,
000042.SZ,000042,20251209,91501690,0,179743,0,S,86500,6000,
000042.SZ,000042,20251209,91501690,0,179744,0,S,86300,6000,
000042.SZ,000042,20251209,91501690,0,179745,0,S,86100,6000,
000042.SZ,000042,20251209,91501690,0,179746,0,S,85900,6000,
000042.SZ,000042,20251209,91501690,0,179747,0,S,85700,6000,
000042.SZ,000042,20251209,91501690,0,179748,0,S,85500,6000,
000042.SZ,000042,20251209,91501690,0,179749,0,S,85300,6000,
000042.SZ,000042,20251209,91501690,0,179750,0,S,85100,6000,
000042.SZ,000042,20251209,91501690,0,179751,0,S,84900,6000,
000042.SZ,000042,20251209,91501690,0,179752,0,S,84700,6000,
000042.SZ,000042,20251209,91501690,0,179753,0,S,84500,6000,
000042.SZ,000042,20251209,91501690,0,179754,0,S,84300,6000,
000042.SZ,000042,20251209,91501690,0,179755,0,S,84100,6000,
000042.SZ,000042,20251209,91501690,0,179756,0,S,83900,6000,
000042.SZ,000042,20251209,91501690,0,179757,0,S,83700,6000,
000042.SZ,000042,20251209,91501690,0,179758,0,S,83500,6000,
000042.SZ,000042,20251209,91501690,0,179759,0,S,83300,6000,
000042.SZ,000042,20251209,91501690,0,179760,0,S,83100,6000,
000042.SZ,000042,20251209,91501690,0,179761,0,S,82900,6000,
000042.SZ,000042,20251209,91501690,0,179762,0,S,82700,6000,
000042.SZ,000042,20251209,91501690,0,179763,0,B,81900,5500,
000042.SZ,000042,20251209,91501690,0,179764,0,B,81700,5500,
000042.SZ,000042,20251209,91501690,0,179765,0,B,81500,5500,
000042.SZ,000042,20251209,91501690,0,179766,0,B,81300,5500,
000042.SZ,000042,20251209,91501690,0,179767,0,B,81100,5500,
000042.SZ,000042,20251209,91501690,0,179768,0,B,80900,5500,
000042.SZ,000042,20251209,91501690,0,179769,0,B,80700,5500,
000042.SZ,000042,20251209,91501690,0,179770,0,B,80500,5500,
000042.SZ,000042,20251209,91501700,0,179936,0,B,79300,3100,
000042.SZ,000042,20251209,91501700,0,179943,0,B,77000,3200,
000042.SZ,000042,20251209,91501700,0,179944,0,B,74800,3300,
000042.SZ,000042,20251209,91501730,0,181395,0,B,79500,1000,
000042.SZ,000042,20251209,91501730,0,181396,0,S,85600,1000,
000042.SZ,000042,20251209,91501780,0,183278,0,S,90200,200,
000042.SZ,000042,20251209,91502090,0,197549,0,S,86800,2500,
000042.SZ,000042,20251209,91502110,0,198322,0,S,86900,3000,
000042.SZ,000042,20251209,91502110,0,198323,0,S,87900,3000,
000042.SZ,000042,20251209,91502150,0,199397,0,S,90000,1300,
000042.SZ,000042,20251209,91502280,0,205207,0,B,78500,600,
000042.SZ,000042,20251209,91502480,0,212597,0,B,81600,5600,
000042.SZ,000042,20251209,91502520,0,214382,0,S,87400,700,
000042.SZ,000042,20251209,91502530,0,214731,0,S,86900,10000,
000042.SZ,000042,20251209,91502670,0,221314,0,S,84200,3400,
000042.SZ,000042,20251209,91502670,0,221318,0,S,86700,3300,
000042.SZ,000042,20251209,91502670,0,221322,0,S,89300,3200,
000042.SZ,000042,20251209,91502670,0,221366,0,B,76500,3600,
000042.SZ,000042,20251209,91502670,0,221368,0,B,76000,3600,
000042.SZ,000042,20251209,91502670,0,221376,0,B,75500,3600,
000042.SZ,000042,20251209,91502680,0,221414,0,B,74000,3700,
000042.SZ,000042,20251209,91502820,0,225057,0,S,82700,300,
000042.SZ,000042,20251209,91503000,0,229742,0,S,82000,200,
000042.SZ,000042,20251209,91503170,0,234862,0,S,86000,3400,
000042.SZ,000042,20251209,91503370,0,238685,0,B,81200,5100,
000042.SZ,000042,20251209,91503370,0,238689,0,B,81000,4800,
000042.SZ,000042,20251209,91503410,0,239870,0,S,84600,1100,
000042.SZ,000042,20251209,91503560,0,244416,0,S,83800,2000,
000042.SZ,000042,20251209,91503570,0,244812,0,S,90100,15000,
000042.SZ,000042,20251209,91503600,0,245496,0,B,81000,1000,
000042.SZ,000042,20251209,91503600,0,245497,0,B,80800,1000,
000042.SZ,000042,20251209,91503630,0,246346,0,B,81000,2000,
000042.SZ,000042,20251209,91503930,0,251672,0,S,90000,1200,
000042.SZ,000042,20251209,91504110,0,254239,0,S,90100,3000,
000042.SZ,000042,20251209,91504110,0,254271,0,B,77300,3000,
000042.SZ,000042,20251209,91504420,0,258103,0,S,83800,20000,
000042.SZ,000042,20251209,91504630,0,261726,0,S,83400,33600,
000042.SZ,000042,20251209,91505300,0,266571,0,B,80900,300,
000042.SZ,000042,20251209,91505300,0,266575,0,B,81000,300,
000042.SZ,000042,20251209,91505300,0,266577,0,B,81100,300,
000042.SZ,000042,20251209,91505410,0,267068,0,B,81300,1000,
000042.SZ,000042,20251209,91505510,0,267975,0,B,81600,33500,
000042.SZ,000042,20251209,91505570,0,269085,0,B,81500,40000,
000042.SZ,000042,20251209,91505650,0,270199,0,B,81300,600,
000042.SZ,000042,20251209,91505660,0,270285,0,B,80800,300,
000042.SZ,000042,20251209,91506290,0,273388,0,B,80700,300,
000042.SZ,000042,20251209,91507090,0,277314,0,S,83000,500,
000042.SZ,000042,20251209,91507090,0,277315,0,S,84000,1000,
000042.SZ,000042,20251209,91507090,0,277316,0,S,84000,1000,
000042.SZ,000042,20251209,91511550,0,286662,0,B,81000,600,
000042.SZ,000042,20251209,91546380,0,295450,0,B,77100,200,
000042.SZ,000042,20251209,91604040,0,300128,0,S,89000,500,
000042.SZ,000042,20251209,91604040,0,300129,0,B,77000,500,
000042.SZ,000042,20251209,91605630,0,300652,0,S,86000,500,
000042.SZ,000042,20251209,91632730,0,308068,0,S,87500,2000,
000042.SZ,000042,20251209,91706230,0,317350,0,B,75000,100,
000042.SZ,000042,20251209,91715530,0,320064,0,B,80000,1800,
000042.SZ,000042,20251209,91717710,0,320692,0,S,84000,200,
000042.SZ,000042,20251209,91807380,0,336573,0,B,80600,500,
000042.SZ,000042,20251209,91814680,0,338917,0,B,76500,1000,
000042.SZ,000042,20251209,91822470,0,341556,0,B,80000,4000,
000042.SZ,000042,20251209,91846150,0,349723,0,B,81800,2000,
000042.SZ,000042,20251209,91919510,0,361974,0,S,86800,2000,
000042.SZ,000042,20251209,91930180,0,365980,0,S,89800,3000,
000042.SZ,000042,20251209,91943040,0,370651,0,S,83400,1000,
000042.SZ,000042,20251209,91947880,0,372437,0,S,80000,100,
000042.SZ,000042,20251209,91952920,0,374361,0,B,83600,100,
000042.SZ,000042,20251209,91957890,0,376396,0,S,83200,1000,
000042.SZ,000042,20251209,92039070,0,390896,0,S,81500,4200,
000042.SZ,000042,20251209,92048270,0,394146,0,S,85000,1400,
000042.SZ,000042,20251209,92054940,0,396573,0,S,90000,1500,
000042.SZ,000042,20251209,92101510,0,398991,0,B,80000,20000,
000042.SZ,000042,20251209,92107100,0,401142,0,S,88900,5000,
000042.SZ,000042,20251209,92114310,0,403909,0,S,84300,14300,
000042.SZ,000042,20251209,92116850,0,404892,0,S,87000,1000,
000042.SZ,000042,20251209,92129500,0,409891,0,S,82100,1000,
000042.SZ,000042,20251209,92203890,0,424572,0,S,90200,5100,
000042.SZ,000042,20251209,92216600,0,430099,0,B,81400,10000,
000042.SZ,000042,20251209,92221340,0,432226,0,B,78800,400,
000042.SZ,000042,20251209,92226080,0,434423,0,S,90200,100,
000042.SZ,000042,20251209,92228880,0,435768,0,S,86700,1000,
000042.SZ,000042,20251209,92230330,0,436480,0,B,81700,2000,
000042.SZ,000042,20251209,92251600,0,446523,0,S,82900,200,
000042.SZ,000042,20251209,92255570,0,448368,0,B,81500,3000,
000042.SZ,000042,20251209,92300610,0,450714,0,B,84400,100,
000042.SZ,000042,20251209,92302750,0,451780,0,B,84400,300,
000042.SZ,000042,20251209,92308230,0,454447,0,B,81300,2000,
000042.SZ,000042,20251209,92318710,0,459765,0,B,81100,5000,
000042.SZ,000042,20251209,92320260,0,460600,0,B,81600,500,
000042.SZ,000042,20251209,92321940,0,461538,0,B,80800,100,
000042.SZ,000042,20251209,92324960,0,463166,0,S,85100,1000,
000042.SZ,000042,20251209,92332860,0,467549,0,B,82600,10000,
000042.SZ,000042,20251209,92348280,0,476520,0,B,81200,8600,
000042.SZ,000042,20251209,92350220,0,477649,0,S,78700,200,
000042.SZ,000042,20251209,92353540,0,479575,0,B,82100,2000,
000042.SZ,000042,20251209,92407460,0,488642,0,S,83500,2000,
000042.SZ,000042,20251209,92408630,0,489455,0,B,81200,2000,
000042.SZ,000042,20251209,92414590,0,493925,0,B,82600,2000,
000042.SZ,000042,20251209,92415330,0,494477,0,B,82600,5300,
000042.SZ,000042,20251209,92415800,0,494861,0,S,82900,10000,
000042.SZ,000042,20251209,92417630,0,496336,0,S,84000,2000,
000042.SZ,000042,20251209,92418040,0,496656,0,S,89900,5000,
000042.SZ,000042,20251209,92420700,0,498919,0,S,90000,500,
000042.SZ,000042,20251209,92423470,0,501339,0,B,83600,300,
000042.SZ,000042,20251209,92426750,0,504245,0,S,83000,5000,
000042.SZ,000042,20251209,92427730,0,505095,0,S,84500,2000,
000042.SZ,000042,20251209,92431660,0,508852,0,B,83400,7000,
000042.SZ,000042,20251209,92439320,0,516485,0,S,88500,5000,
000042.SZ,000042,20251209,92443320,0,520490,0,B,83200,14000,
000042.SZ,000042,20251209,92443550,0,520735,0,S,84000,10000,
000042.SZ,000042,20251209,92445030,0,522234,0,S,82600,600,
000042.SZ,000042,20251209,92446570,0,523775,0,S,85500,10000,
000042.SZ,000042,20251209,92447120,0,524346,0,B,82600,5000,
000042.SZ,000042,20251209,92448750,0,526214,0,S,83000,700,
000042.SZ,000042,20251209,92450330,0,528797,0,S,81400,300,
000042.SZ,000042,20251209,92457800,0,543616,0,S,80400,100,
000042.SZ,000042,20251209,92457890,0,543838,0,S,82500,1000,
000042.SZ,000042,20251209,92458340,0,545526,0,B,82000,3000,
000042.SZ,000042,20251209,92458350,0,545591,0,S,80600,100,
000042.SZ,000042,20251209,92458380,0,545753,0,S,80600,1100,
000042.SZ,000042,20251209,92458860,0,547570,0,S,80200,2400,
000042.SZ,000042,20251209,92459600,0,550623,0,S,82500,4300,
000042.SZ,000042,20251209,92459820,0,551595,0,B,86900,11500,
000042.SZ,000042,20251209,93000000,0,641935,0,S,82100,100,
000042.SZ,000042,20251209,93000000,0,642138,0,S,82100,100,
000042.SZ,000042,20251209,93000000,0,642447,0,S,82100,100,
000042.SZ,000042,20251209,93000040,0,644785,0,S,82100,100,
000042.SZ,000042,20251209,93000040,0,645280,0,S,82100,200,
000042.SZ,000042,20251209,93000040,0,646837,0,S,82100,200,
000042.SZ,000042,20251209,93000050,0,647436,0,S,82100,100,
000042.SZ,000042,20251209,93000050,0,648458,0,S,82100,100,
000042.SZ,000042,20251209,93000050,0,648921,0,B,83300,300,
000042.SZ,000042,20251209,93000050,0,649251,0,B,83300,2700,
000042.SZ,000042,20251209,93000050,0,649505,0,S,82100,100,
000042.SZ,000042,20251209,93000050,0,649807,0,S,85000,10000,
000042.SZ,000042,20251209,93000050,0,650598,0,S,82100,100,
000042.SZ,000042,20251209,93000050,0,650646,0,S,82100,100,
000042.SZ,000042,20251209,93000050,0,650649,0,S,82100,100,
000042.SZ,000042,20251209,93000050,0,650675,0,S,82100,200,
000042.SZ,000042,20251209,93000050,0,650759,0,S,83900,1000,
000042.SZ,000042,20251209,93000050,0,651483,0,S,82100,100,
000042.SZ,000042,20251209,93000050,0,653908,0,S,83100,2000,
000042.SZ,000042,20251209,93000060,0,654685,0,S,82100,200,
000042.SZ,000042,20251209,93000060,0,655576,0,S,82100,200,
000042.SZ,000042,20251209,93000060,0,655917,0,S,82100,200,
000042.SZ,000042,20251209,93000060,0,656034,0,S,82100,200,
000042.SZ,000042,20251209,93000060,0,658500,0,S,82100,200,
000042.SZ,000042,20251209,93000060,0,660912,0,S,82100,200,
000042.SZ,000042,20251209,93000070,0,662165,0,S,88800,3000,
000042.SZ,000042,20251209,93000070,0,665981,0,S,82100,100,
000042.SZ,000042,20251209,93000080,0,671164,0,S,82700,600,
000042.SZ,000042,20251209,93000080,0,673298,0,S,82900,2000,
000042.SZ,000042,20251209,93000090,0,674855,0,S,82600,2000,
000042.SZ,000042,20251209,93000100,0,681777,0,B,81900,3000,
000042.SZ,000042,20251209,93000100,0,681845,0,S,83200,1000,
000042.SZ,000042,20251209,93000100,0,683400,0,S,90100,20000,
000042.SZ,000042,20251209,93000120,0,692429,0,S,82600,2100,
000042.SZ,000042,20251209,93000120,0,693326,0,S,82800,5000,
000042.SZ,000042,20251209,93000120,0,694939,0,S,82700,400,
000042.SZ,000042,20251209,93000160,0,714604,0,S,84700,3000,
000042.SZ,000042,20251209,93000160,0,715017,0,S,83700,21000,
000042.SZ,000042,20251209,93000170,0,719896,0,S,89900,5000,
000042.SZ,000042,20251209,93000170,0,722750,0,S,82600,200,
000042.SZ,000042,20251209,93000170,0,723044,0,S,82600,200,
000042.SZ,000042,20251209,93000170,0,723229,0,S,82600,200,
000042.SZ,000042,20251209,93000180,0,724121,0,S,82700,1200,
000042.SZ,000042,20251209,93000180,0,724454,0,S,82600,6500,
000042.SZ,000042,20251209,93000180,0,725457,0,B,81700,10000,
000042.SZ,000042,20251209,93000180,0,727411,0,S,82600,300,
000042.SZ,000042,20251209,93000190,0,728242,0,S,82600,100,
000042.SZ,000042,20251209,93000190,0,728267,0,B,82100,5500,
000042.SZ,000042,20251209,93000190,0,729346,0,S,87500,2000,
000042.SZ,000042,20251209,93000190,0,731169,0,S,82600,100,
000042.SZ,000042,20251209,93000190,0,731333,0,S,82600,400,
000042.SZ,000042,20251209,93000200,0,734649,0,S,85000,5000,
000042.SZ,000042,20251209,93000220,0,740438,0,S,83300,5000,
000042.SZ,000042,20251209,93000220,0,741222,0,S,82700,100,
000042.SZ,000042,20251209,93000220,0,742055,0,B,81700,3000,
000042.SZ,000042,20251209,93000220,0,742703,0,S,82600,3000,
000042.SZ,000042,20251209,93000230,0,744602,0,S,85800,2000,
000042.SZ,000042,20251209,93000230,0,745182,0,B,82700,100,
000042.SZ,000042,20251209,93000270,0,759660,0,S,87400,3000,
000042.SZ,000042,20251209,93000280,0,762551,0,S,87500,900,
000042.SZ,000042,20251209,93000290,0,766171,0,S,82700,100,
000042.SZ,000042,20251209,93000300,0,769198,0,S,82600,20000,
000042.SZ,000042,20251209,93000310,0,771326,0,S,82700,100,
000042.SZ,000042,20251209,93000310,0,773372,0,S,82700,100,
000042.SZ,000042,20251209,93000310,0,773396,0,S,83800,2800,
000042.SZ,000042,20251209,93000310,0,773674,0,S,82700,100,
000042.SZ,000042,20251209,93000320,0,775546,0,B,83000,500,
000042.SZ,000042,20251209,93000340,0,780147,0,S,83000,7800,
000042.SZ,000042,20251209,93000340,0,781664,0,S,82500,100,
000042.SZ,000042,20251209,93000340,0,781728,0,S,82600,100,
000042.SZ,000042,20251209,93000350,0,781785,0,S,82600,100,
000042.SZ,000042,20251209,93000350,0,781835,0,S,82600,700,
000042.SZ,000042,20251209,93000350,0,781839,0,S,82600,200,
000042.SZ,000042,20251209,93000350,0,781840,0,S,82600,200,
000042.SZ,000042,20251209,93000350,0,781842,0,S,82600,100,
000042.SZ,000042,20251209,93000350,0,781843,0,S,82600,100,
000042.SZ,000042,20251209,93000350,0,781844,0,S,82600,200,
000042.SZ,000042,20251209,93000350,0,781845,0,S,82600,200,
000042.SZ,000042,20251209,93000350,0,781847,0,S,82600,400,
000042.SZ,000042,20251209,93000350,0,781848,0,S,82600,100,
000042.SZ,000042,20251209,93000350,0,781857,0,S,82600,300,
000042.SZ,000042,20251209,93000350,0,781858,0,S,82600,300,
000042.SZ,000042,20251209,93000350,0,781859,0,S,82600,200,
000042.SZ,000042,20251209,93000350,0,781860,0,S,82600,200,
000042.SZ,000042,20251209,93000350,0,781873,0,S,82600,500,
000042.SZ,000042,20251209,93000350,0,781874,0,S,82600,200,
000042.SZ,000042,20251209,93000350,0,781875,0,S,82600,200,
000042.SZ,000042,20251209,93000350,0,781880,0,S,82600,400,
000042.SZ,000042,20251209,93000350,0,781891,0,S,82600,200,
000042.SZ,000042,20251209,93000350,0,781892,0,S,82600,200,
000042.SZ,000042,20251209,93000350,0,781893,0,S,82600,100,
000042.SZ,000042,20251209,93000350,0,781897,0,S,82600,100,
000042.SZ,000042,20251209,93000350,0,781914,0,S,82600,300,
000042.SZ,000042,20251209,93000350,0,781918,0,S,82600,200,
000042.SZ,000042,20251209,93000350,0,781924,0,S,82600,400,
000042.SZ,000042,20251209,93000350,0,781926,0,S,82600,200,
000042.SZ,000042,20251209,93000350,0,781930,0,S,82600,200,
000042.SZ,000042,20251209,93000350,0,781932,0,S,82400,400,
000042.SZ,000042,20251209,93000350,0,781946,0,S,82600,300,
000042.SZ,000042,20251209,93000350,0,781947,0,S,82600,300,
000042.SZ,000042,20251209,93000350,0,781948,0,S,82600,200,
000042.SZ,000042,20251209,93000350,0,781949,0,S,82600,200,
000042.SZ,000042,20251209,93000350,0,781961,0,S,82600,300,
000042.SZ,000042,20251209,93000350,0,781963,0,S,82600,100,
000042.SZ,000042,20251209,93000350,0,781970,0,S,82600,300,
000042.SZ,000042,20251209,93000350,0,782022,0,S,82600,300,
000042.SZ,000042,20251209,93000350,0,782040,0,S,82600,100,
000042.SZ,000042,20251209,93000350,0,782042,0,S,82600,100,
000042.SZ,000042,20251209,93000350,0,782048,0,S,82600,500,
000042.SZ,000042,20251209,93000350,0,782056,0,S,82600,100,
000042.SZ,000042,20251209,93000350,0,782062,0,S,82600,100,
000042.SZ,000042,20251209,93000350,0,782085,0,S,82600,200,
000042.SZ,000042,20251209,93000350,0,782088,0,S,82600,100,
000042.SZ,000042,20251209,93000350,0,782094,0,S,82600,100,
000042.SZ,000042,20251209,93000350,0,782098,0,S,82600,200,
000042.SZ,000042,20251209,93000350,0,782099,0,S,82600,700,
000042.SZ,000042,20251209,93000350,0,782135,0,S,82600,100,
000042.SZ,000042,20251209,93000350,0,782137,0,S,82600,100,
000042.SZ,000042,20251209,93000350,0,782148,0,S,82600,200,
000042.SZ,000042,20251209,93000350,0,782176,0,S,82600,100,
000042.SZ,000042,20251209,93000350,0,782177,0,S,82600,100,
000042.SZ,000042,20251209,93000350,0,782182,0,S,82600,100,
000042.SZ,000042,20251209,93000350,0,782191,0,S,82600,100,
000042.SZ,000042,20251209,93000350,0,782250,0,S,82600,200,
000042.SZ,000042,20251209,93000350,0,782394,0,S,82600,200,
000042.SZ,000042,20251209,93000350,0,782450,0,S,82600,100,
000042.SZ,000042,20251209,93000350,0,782453,0,S,82600,200,
000042.SZ,000042,20251209,93000350,0,782512,0,S,82600,300,
000042.SZ,000042,20251209,93000350,0,782513,0,S,82600,300,
000042.SZ,000042,20251209,93000350,0,782514,0,S,82600,300,
000042.SZ,000042,20251209,93000350,0,782532,0,S,82600,300,
000042.SZ,000042,20251209,93000350,0,782533,0,S,82600,300,
000042.SZ,000042,20251209,93000350,0,782534,0,S,82600,300,
000042.SZ,000042,20251209,93000350,0,782566,0,S,82400,400,
000042.SZ,000042,20251209,93000350,0,782596,0,S,82500,200,
000042.SZ,000042,20251209,93000350,0,782794,0,S,82600,100,
000042.SZ,000042,20251209,93000350,0,783263,0,S,82600,100,
000042.SZ,000042,20251209,93000350,0,783995,0,S,82600,500,
000042.SZ,000042,20251209,93000350,0,784073,0,S,82600,200,
000042.SZ,000042,20251209,93000350,0,784080,0,S,82600,300,
000042.SZ,000042,20251209,93000350,0,784081,0,S,82600,300,
000042.SZ,000042,20251209,93000350,0,784084,0,S,82600,300,
000042.SZ,000042,20251209,93000350,0,784085,0,S,82600,200,
000042.SZ,000042,20251209,93000350,0,784086,0,S,82600,400,
000042.SZ,000042,20251209,93000350,0,784087,0,S,82600,900,
000042.SZ,000042,20251209,93000350,0,784088,0,S,82600,100,
000042.SZ,000042,20251209,93000350,0,784100,0,S,82600,400,
000042.SZ,000042,20251209,93000350,0,784129,0,S,82600,300,
000042.SZ,000042,20251209,93000350,0,784153,0,S,82600,8200,
000042.SZ,000042,20251209,93000350,0,784188,0,S,82600,200,
000042.SZ,000042,20251209,93000350,0,784218,0,S,82600,300,
000042.SZ,000042,20251209,93000350,0,784219,0,S,82600,400,
000042.SZ,000042,20251209,93000350,0,784277,0,S,82600,200,
000042.SZ,000042,20251209,93000350,0,784332,0,S,82600,200,
000042.SZ,000042,20251209,93000360,0,786998,0,S,83000,10000,
000042.SZ,000042,20251209,93000400,0,794337,0,S,83800,2500,
000042.SZ,000042,20251209,93000420,0,796852,0,S,83800,100,
000042.SZ,000042,20251209,93000440,0,800023,0,S,82600,300,
000042.SZ,000042,20251209,93000440,0,800740,0,S,82600,900,
000042.SZ,000042,20251209,93000450,0,801689,0,S,85800,2500,
000042.SZ,000042,20251209,93000460,0,804243,0,S,83500,300,
000042.SZ,000042,20251209,93000480,0,807342,0,S,82600,2200,
000042.SZ,000042,20251209,93000510,0,811699,0,B,82800,8600,
000042.SZ,000042,20251209,93000520,0,812151,0,S,83700,1500,
000042.SZ,000042,20251209,93000540,0,816151,0,S,84700,2900,
000042.SZ,000042,20251209,93000550,0,817439,0,S,84500,3000,
000042.SZ,000042,20251209,93000560,0,819248,0,S,82600,1500,
000042.SZ,000042,20251209,93000590,0,824409,0,S,82900,500,
000042.SZ,000042,20251209,93000590,0,824845,0,S,83700,1000,
000042.SZ,000042,20251209,93000620,0,828565,0,S,82700,2000,
000042.SZ,000042,20251209,93000620,0,829046,0,S,87500,10000,
000042.SZ,000042,20251209,93000640,0,831169,0,S,84000,6400,
000042.SZ,000042,20251209,93000650,0,834692,0,S,83400,1300,
000042.SZ,000042,20251209,93000680,0,840009,0,B,81100,1300,
000042.SZ,000042,20251209,93000720,0,844834,0,B,82000,5500,
000042.SZ,000042,20251209,93000720,0,844848,0,S,83400,3900,
000042.SZ,000042,20251209,93000720,0,845410,0,S,82700,3700,
000042.SZ,000042,20251209,93000730,0,846626,0,S,82600,100,
000042.SZ,000042,20251209,93000730,0,846931,0,S,87000,5200,
000042.SZ,000042,20251209,93000730,0,847102,0,B,81000,300,
000042.SZ,000042,20251209,93000750,0,850434,0,S,82900,9400,
000042.SZ,000042,20251209,93000810,0,858677,0,B,82700,20000,
000042.SZ,000042,20251209,93000820,0,860011,0,S,83600,500,
000042.SZ,000042,20251209,93000820,0,860463,0,S,86100,10000,
000042.SZ,000042,20251209,93000850,0,865866,0,S,86800,400,
000042.SZ,000042,20251209,93000920,0,875420,0,S,82800,2700,
000042.SZ,000042,20251209,93000950,0,880166,0,S,83400,1900,
000042.SZ,000042,20251209,93000970,0,882813,0,S,82700,500,
000042.SZ,000042,20251209,93000980,0,884063,0,S,89900,5000,
000042.SZ,000042,20251209,93001070,0,896756,0,B,80800,1600,
000042.SZ,000042,20251209,93001090,0,899111,0,S,85000,2000,
000042.SZ,000042,20251209,93001100,0,901230,0,B,82200,100,
000042.SZ,000042,20251209,93001110,0,901420,0,S,82800,10000,
000042.SZ,000042,20251209,93001110,0,901602,0,B,82600,400,
000042.SZ,000042,20251209,93001120,0,903362,0,B,82700,200,
000042.SZ,000042,20251209,93001130,0,904116,0,S,84900,100,
000042.SZ,000042,20251209,93001130,0,904168,0,S,87900,100,
000042.SZ,000042,20251209,93001160,0,907944,0,S,90100,3000,
000042.SZ,000042,20251209,93001210,0,912242,0,S,84700,500,
000042.SZ,000042,20251209,93001210,0,912669,0,B,81200,4000,
000042.SZ,000042,20251209,93001220,0,913284,0,S,85800,500,
000042.SZ,000042,20251209,93001240,0,915622,0,S,82600,100,
000042.SZ,000042,20251209,93001280,0,918843,0,S,82600,200,
000042.SZ,000042,20251209,93001350,0,923098,0,S,83500,5000,
000042.SZ,000042,20251209,93001490,0,935924,0,B,82900,10000,
000042.SZ,000042,20251209,93001510,0,936938,0,S,82600,16000,
000042.SZ,000042,20251209,93001570,0,941993,0,B,82700,5000,
000042.SZ,000042,20251209,93001630,0,948774,0,S,87500,2300,
000042.SZ,000042,20251209,93001670,0,952153,0,S,88000,10000,
000042.SZ,000042,20251209,93001680,0,953368,0,B,81800,3700,
000042.SZ,000042,20251209,93001840,0,966909,0,S,87500,500,
000042.SZ,000042,20251209,93001850,0,967105,0,S,88500,500,
000042.SZ,000042,20251209,93001880,0,970017,0,S,84900,5000,
000042.SZ,000042,20251209,93001890,0,970334,0,S,82600,1500,
000042.SZ,000042,20251209,93001890,0,970428,0,S,82600,200,
000042.SZ,000042,20251209,93001890,0,970442,0,S,82600,200,
000042.SZ,000042,20251209,93001890,0,970457,0,S,82600,200,
000042.SZ,000042,20251209,93001890,0,970528,0,S,82600,300,
000042.SZ,000042,20251209,93001890,0,970546,0,S,82600,1500,
000042.SZ,000042,20251209,93001890,0,970547,0,S,82600,700,
000042.SZ,000042,20251209,93001900,0,971165,0,S,82500,100,
000042.SZ,000042,20251209,93001900,0,971410,0,S,82600,1500,
000042.SZ,000042,20251209,93001900,0,971714,0,S,82600,1500,
000042.SZ,000042,20251209,93001900,0,971875,0,S,82600,1500,
000042.SZ,000042,20251209,93001900,0,972271,0,S,82600,1800,
000042.SZ,000042,20251209,93001910,0,972305,0,S,82600,2300,
000042.SZ,000042,20251209,93001910,0,972609,0,S,82600,3900,
000042.SZ,000042,20251209,93001910,0,973202,0,S,83800,9100,
000042.SZ,000042,20251209,93001950,0,976910,0,S,82600,200,
000042.SZ,000042,20251209,93001960,0,978294,0,S,83600,1000,
000042.SZ,000042,20251209,93001970,0,978939,0,S,84800,9100,
000042.SZ,000042,20251209,93001980,0,979986,0,S,82600,15200,
000042.SZ,000042,20251209,93001980,0,980506,0,S,83500,5000,
000042.SZ,000042,20251209,93002040,0,985751,0,S,83000,500,
000042.SZ,000042,20251209,93002040,0,985869,0,S,84000,500,
000042.SZ,000042,20251209,93002060,0,988221,0,B,82600,100,
000042.SZ,000042,20251209,93002190,0,996550,0,S,83800,7400,
000042.SZ,000042,20251209,93002230,0,999232,0,S,84800,500,
000042.SZ,000042,20251209,93002380,0,1007033,0,S,82700,200,
000042.SZ,000042,20251209,93002390,0,1007775,0,S,83600,5000,
000042.SZ,000042,20251209,93002390,0,1007795,0,S,86600,1000,
000042.SZ,000042,20251209,93002410,0,1008454,0,S,86800,1000,
000042.SZ,000042,20251209,93002540,0,1016057,0,B,82500,100,
000042.SZ,000042,20251209,93002540,0,1016513,0,S,82600,9000,
000042.SZ,000042,20251209,93002620,0,1021782,0,S,83600,5000,
000042.SZ,000042,20251209,93002660,0,1025083,0,S,84500,2000,
000042.SZ,000042,20251209,93002670,0,1025700,0,S,85000,700,
000042.SZ,000042,20251209,93002690,0,1026815,0,B,82700,200,
000042.SZ,000042,20251209,93002720,0,1028353,0,S,88000,1500,
000042.SZ,000042,20251209,93002820,0,1033608,0,S,82900,500,
000042.SZ,000042,20251209,93002860,0,1036294,0,S,83200,1000,
000042.SZ,000042,20251209,93002880,0,1037471,0,S,82600,1100,
000042.SZ,000042,20251209,93002890,0,1038151,0,S,89900,5000,
000042.SZ,000042,20251209,93002940,0,1040956,0,S,82600,1000,
000042.SZ,000042,20251209,93003050,0,1049187,0,S,82600,100,
000042.SZ,000042,20251209,93003070,0,1050153,0,S,82600,200,
000042.SZ,000042,20251209,93003080,0,1050927,0,S,82600,2900,
000042.SZ,000042,20251209,93003090,0,1051094,0,S,82600,500,
000042.SZ,000042,20251209,93003090,0,1051139,0,S,82600,1000,
000042.SZ,000042,20251209,93003090,0,1051208,0,S,82600,700,
000042.SZ,000042,20251209,93003090,0,1051238,0,S,82600,1000,
000042.SZ,000042,20251209,93003120,0,1053232,0,S,82600,100,
000042.SZ,000042,20251209,93003120,0,1053336,0,S,82600,100,
000042.SZ,000042,20251209,93003130,0,1053891,0,S,82600,8100,
000042.SZ,000042,20251209,93003140,0,1054316,0,S,82600,100,
000042.SZ,000042,20251209,93003140,0,1054438,0,S,82600,100,
000042.SZ,000042,20251209,93003140,0,1054687,0,S,82600,200,
000042.SZ,000042,20251209,93003150,0,1054964,0,S,82500,100,
000042.SZ,000042,20251209,93003150,0,1054988,0,S,87400,500,
000042.SZ,000042,20251209,93003150,0,1055026,0,S,82300,200,
000042.SZ,000042,20251209,93003150,0,1055035,0,S,82400,100,
000042.SZ,000042,20251209,93003150,0,1055037,0,S,82300,100,
000042.SZ,000042,20251209,93003150,0,1055096,0,S,82300,200,
000042.SZ,000042,20251209,93003150,0,1055272,0,S,82500,100,
000042.SZ,000042,20251209,93003180,0,1057029,0,S,82500,100,
000042.SZ,000042,20251209,93003190,0,1057510,0,S,90000,500,
000042.SZ,000042,20251209,93003190,0,1057668,0,S,82700,100,
000042.SZ,000042,20251209,93003250,0,1060343,0,S,82500,200,
000042.SZ,000042,20251209,93003260,0,1060709,0,S,82600,4500,
000042.SZ,000042,20251209,93003260,0,1060773,0,S,82500,100,
000042.SZ,000042,20251209,93003370,0,1065254,0,S,82500,1200,
000042.SZ,000042,20251209,93003400,0,1067076,0,S,83100,3000,
000042.SZ,000042,20251209,93003410,0,1067256,0,S,82500,100,
000042.SZ,000042,20251209,93003410,0,1067288,0,S,82500,600,
000042.SZ,000042,20251209,93003410,0,1067413,0,S,82500,100,
000042.SZ,000042,20251209,93003450,0,1069636,0,S,85000,43900,
000042.SZ,000042,20251209,93003550,0,1073424,0,B,82600,600,
000042.SZ,000042,20251209,93003630,0,1077176,0,S,87500,4700,
000042.SZ,000042,20251209,93003800,0,1087237,0,S,82500,100,
000042.SZ,000042,20251209,93003800,0,1087302,0,B,82600,800,
000042.SZ,000042,20251209,93003870,0,1090722,0,S,87400,1500,
000042.SZ,000042,20251209,93003870,0,1091033,0,S,82500,800,
000042.SZ,000042,20251209,93003930,0,1092997,0,S,85100,300,
000042.SZ,000042,20251209,93004120,0,1103552,0,S,87000,5000,
000042.SZ,000042,20251209,93004190,0,1106118,0,S,85000,5000,
000042.SZ,000042,20251209,93004270,0,1109586,0,S,82500,800,
000042.SZ,000042,20251209,93004370,0,1112870,0,B,82000,400,
000042.SZ,000042,20251209,93004660,0,1125618,0,S,84100,2000,
000042.SZ,000042,20251209,93004740,0,1128201,0,B,82100,400,
000042.SZ,000042,20251209,93004790,0,1130411,0,S,82500,3700,
000042.SZ,000042,20251209,93004800,0,1131100,0,S,82600,100,
000042.SZ,000042,20251209,93004910,0,1135089,0,S,90200,500,
000042.SZ,000042,20251209,93004990,0,1137994,0,S,83900,1000,
000042.SZ,000042,20251209,93005010,0,1139204,0,S,84900,2000,
000042.SZ,000042,20251209,93005120,0,1144964,0,S,82500,100,
000042.SZ,000042,20251209,93005200,0,1147436,0,S,82400,3700,
000042.SZ,000042,20251209,93005510,0,1153937,0,B,82200,400,
000042.SZ,000042,20251209,93005550,0,1154947,0,S,82500,100,
000042.SZ,000042,20251209,93005580,0,1155799,0,B,82600,1700,
000042.SZ,000042,20251209,93005600,0,1156074,0,S,82500,1000,
000042.SZ,000042,20251209,93005820,0,1162181,0,B,82200,1800,
000042.SZ,000042,20251209,93005820,0,1162268,0,S,83700,2000,
000042.SZ,000042,20251209,93005920,0,1164884,0,S,87600,1000,
000042.SZ,000042,20251209,93005920,0,1164985,0,B,82400,1100,
000042.SZ,000042,20251209,93005980,0,1166663,0,B,82500,200,
000042.SZ,000042,20251209,93005990,0,1166949,0,B,80900,500,
000042.SZ,000042,20251209,93006090,0,1171438,0,S,82600,300,
000042.SZ,000042,20251209,93006170,0,1173496,0,B,82300,300,
000042.SZ,000042,20251209,93006240,0,1175391,0,B,82600,400,
000042.SZ,000042,20251209,93006550,0,1184774,0,S,83800,200,
000042.SZ,000042,20251209,93006600,0,1186521,0,S,82300,900,
000042.SZ,000042,20251209,93006770,0,1191520,0,S,82400,100,
000042.SZ,000042,20251209,93006870,0,1194343,0,S,87400,700,
000042.SZ,000042,20251209,93006950,0,1196479,0,S,90000,1000,
000042.SZ,000042,20251209,93007060,0,1200519,0,B,82200,4000,
000042.SZ,000042,20251209,93007470,0,1209461,0,S,83800,1000,
000042.SZ,000042,20251209,93007570,0,1212132,0,S,82200,2900,
000042.SZ,000042,20251209,93007570,0,1212145,0,S,82200,200,
000042.SZ,000042,20251209,93007590,0,1212725,0,S,82400,100,
000042.SZ,000042,20251209,93007680,0,1214888,0,S,87500,100,
000042.SZ,000042,20251209,93007760,0,1217105,0,S,82400,100,
000042.SZ,000042,20251209,93007780,0,1217354,0,S,82400,100,
000042.SZ,000042,20251209,93007840,0,1218450,0,B,82400,700,
000042.SZ,000042,20251209,93007860,0,1218879,0,B,82400,600,
000042.SZ,000042,20251209,93007980,0,1221420,0,S,82200,1300,
000042.SZ,000042,20251209,93008040,0,1223258,0,S,84000,7300,
000042.SZ,000042,20251209,93008100,0,1224716,0,S,82200,2400,
000042.SZ,000042,20251209,93008110,0,1224985,0,B,80600,1000,
000042.SZ,000042,20251209,93008870,0,1235519,0,B,82600,100,
000042.SZ,000042,20251209,93008880,0,1235612,0,B,82600,300,
000042.SZ,000042,20251209,93009030,0,1238525,0,B,82600,100,
000042.SZ,000042,20251209,93009030,0,1238667,0,B,82100,5500,
000042.SZ,000042,20251209,93009200,0,1241035,0,B,82200,300,
000042.SZ,000042,20251209,93009210,0,1241178,0,B,83200,700,
000042.SZ,000042,20251209,93009340,0,1243657,0,S,82500,400,
000042.SZ,000042,20251209,93011440,0,1280075,0,B,81700,700,
000042.SZ,000042,20251209,93011440,0,1280076,0,B,81500,700,
000042.SZ,000042,20251209,93013170,0,1305702,0,S,90200,3000,
000042.SZ,000042,20251209,93013650,0,1314520,0,S,87000,2000,
000042.SZ,000042,20251209,93013930,0,1317817,0,B,82300,1700,
000042.SZ,000042,20251209,93014160,0,1320553,0,S,82500,100,
000042.SZ,000042,20251209,93014440,0,1323655,0,S,82500,100,
000042.SZ,000042,20251209,93014510,0,1324373,0,B,82300,500,
000042.SZ,000042,20251209,93015260,0,1333203,0,S,82500,400,
000042.SZ,000042,20251209,93015260,0,1333236,0,S,82500,200,
000042.SZ,000042,20251209,93015280,0,1333479,0,S,82500,100,
000042.SZ,000042,20251209,93015630,0,1344418,0,S,82400,600,
000042.SZ,000042,20251209,93015690,0,1345479,0,S,82400,2100,
000042.SZ,000042,20251209,93015800,0,1346891,0,S,82300,600,
000042.SZ,000042,20251209,93017070,0,1367774,0,B,82300,100,
000042.SZ,000042,20251209,93017250,0,1370097,0,B,82400,1600,
000042.SZ,000042,20251209,93018170,0,1379882,0,S,82300,1700,
000042.SZ,000042,20251209,93018240,0,1381354,0,B,82600,100,
000042.SZ,000042,20251209,93018470,0,1386579,0,S,82400,300,
000042.SZ,000042,20251209,93019200,0,1398086,0,B,82300,1000,
000042.SZ,000042,20251209,93020510,0,1416516,0,S,82300,200,
000042.SZ,000042,20251209,93021060,0,1422338,0,B,82300,700,
000042.SZ,000042,20251209,93021190,0,1423735,0,S,82300,500,
000042.SZ,000042,20251209,93021190,0,1423741,0,S,82300,500,
000042.SZ,000042,20251209,93021190,0,1423744,0,S,82300,100,
000042.SZ,000042,20251209,93021190,0,1423746,0,S,82300,100,
000042.SZ,000042,20251209,93021350,0,1427299,0,S,82400,200,
000042.SZ,000042,20251209,93023480,0,1460606,0,S,82500,10000,
000042.SZ,000042,20251209,93024150,0,1467344,0,S,82200,400,
000042.SZ,000042,20251209,93024150,0,1467348,0,S,82200,100,
000042.SZ,000042,20251209,93024150,0,1467352,0,S,82200,200,
000042.SZ,000042,20251209,93024150,0,1467354,0,S,82200,400,
000042.SZ,000042,20251209,93024460,0,1473163,0,S,82400,600,
000042.SZ,000042,20251209,93024590,0,1475892,0,B,82300,1800,
000042.SZ,000042,20251209,93024870,0,1481072,0,S,82300,800,
000042.SZ,000042,20251209,93025500,0,1490361,0,S,82400,100,
000042.SZ,000042,20251209,93025560,0,1491976,0,B,82300,1600,
000042.SZ,000042,20251209,93025910,0,1496829,0,S,82500,4000,
000042.SZ,000042,20251209,93027150,0,1509256,0,S,82300,400,
000042.SZ,000042,20251209,93027150,0,1509347,0,S,82300,400,
000042.SZ,000042,20251209,93027160,0,1509570,0,S,82300,900,
000042.SZ,000042,20251209,93027870,0,1522201,0,S,82300,1500,
000042.SZ,000042,20251209,93028920,0,1537429,0,S,82500,1000,
000042.SZ,000042,20251209,93029230,0,1541851,0,B,82300,1100,
000042.SZ,000042,20251209,93029580,0,1546680,0,B,80000,300,
000042.SZ,000042,20251209,93030150,0,1553931,0,S,82100,3200,
000042.SZ,000042,20251209,93030150,0,1553936,0,S,82100,10700,
000042.SZ,000042,20251209,93030150,0,1553940,0,S,82100,10700,
000042.SZ,000042,20251209,93030360,0,1558183,0,B,82300,1300,
000042.SZ,000042,20251209,93030600,0,1563850,0,S,82800,500,
000042.SZ,000042,20251209,93031320,0,1574669,0,S,84800,3000,
000042.SZ,000042,20251209,93031530,0,1578895,0,S,82300,300,
000042.SZ,000042,20251209,93031610,0,1580347,0,S,82300,100,
000042.SZ,000042,20251209,93032100,0,1586768,0,S,82000,50000,
000042.SZ,000042,20251209,93032120,0,1587065,0,S,82300,1500,
000042.SZ,000042,20251209,93032560,0,1591789,0,S,82300,2000,
000042.SZ,000042,20251209,93032660,0,1592705,0,S,86300,2000,
000042.SZ,000042,20251209,93032940,0,1595691,0,B,82200,900,
000042.SZ,000042,20251209,93033190,0,1599619,0,B,82000,100,
000042.SZ,000042,20251209,93033190,0,1599623,0,B,82000,2800,
000042.SZ,000042,20251209,93033220,0,1600834,0,B,82000,1500,
000042.SZ,000042,20251209,93033260,0,1601476,0,S,81900,100,
000042.SZ,000042,20251209,93033290,0,1601865,0,S,82000,100,
000042.SZ,000042,20251209,93033290,0,1601866,0,S,82000,400,
000042.SZ,000042,20251209,93033290,0,1601907,0,S,81900,200,
000042.SZ,000042,20251209,93033290,0,1601912,0,S,82000,400,
000042.SZ,000042,20251209,93033290,0,1601926,0,S,81900,100,
000042.SZ,000042,20251209,93033290,0,1601929,0,S,82000,400,
000042.SZ,000042,20251209,93033300,0,1602070,0,S,81900,100,
000042.SZ,000042,20251209,93033320,0,1602400,0,S,82000,100,
000042.SZ,000042,20251209,93033420,0,1604464,0,S,81900,100,
000042.SZ,000042,20251209,93033420,0,1604473,0,S,82000,100,
000042.SZ,000042,20251209,93034030,0,1613908,0,S,90100,100,
000042.SZ,000042,20251209,93035030,0,1630094,0,S,90200,100,
000042.SZ,000042,20251209,93035240,0,1633003,0,S,81900,100,
000042.SZ,000042,20251209,93035270,0,1633420,0,B,82100,200,
000042.SZ,000042,20251209,93036170,0,1644852,0,B,81900,1400,
000042.SZ,000042,20251209,93036170,0,1644866,0,B,82000,500,
000042.SZ,000042,20251209,93036180,0,1645066,0,B,81900,800,
000042.SZ,000042,20251209,93036230,0,1647473,0,S,82000,1100,
000042.SZ,000042,20251209,93037520,0,1672961,0,S,82300,100,
000042.SZ,000042,20251209,93038680,0,1688757,0,S,83200,5000,
000042.SZ,000042,20251209,93038980,0,1692727,0,B,81700,600,
000042.SZ,000042,20251209,93039110,0,1695234,0,B,81900,1600,
000042.SZ,000042,20251209,93039190,0,1696746,0,B,82000,100,
000042.SZ,000042,20251209,93039190,0,1696755,0,B,82000,3200,
000042.SZ,000042,20251209,93039250,0,1698291,0,S,82000,200,
000042.SZ,000042,20251209,93039670,0,1706844,0,B,81900,100,
000042.SZ,000042,20251209,93040560,0,1724062,0,S,86800,100,
000042.SZ,000042,20251209,93040610,0,1724810,0,S,84700,500,
000042.SZ,000042,20251209,93041360,0,1736913,0,B,81900,100,
000042.SZ,000042,20251209,93042320,0,1753763,0,S,82300,100,
000042.SZ,000042,20251209,93043000,0,1767796,0,B,81900,100,
000042.SZ,000042,20251209,93045030,0,1803076,0,B,81900,1300,
000042.SZ,000042,20251209,93045190,0,1806053,0,B,82000,800,
000042.SZ,000042,20251209,93045220,0,1806630,0,B,82000,100,
000042.SZ,000042,20251209,93045220,0,1806717,0,B,82000,4600,
000042.SZ,000042,20251209,93045230,0,1806768,0,B,82000,200,
000042.SZ,000042,20251209,93045240,0,1807040,0,B,82000,5500,
000042.SZ,000042,20251209,93045260,0,1807274,0,B,82000,26200,
000042.SZ,000042,20251209,93045270,0,1807432,0,S,82000,100,
000042.SZ,000042,20251209,93047180,0,1837066,0,B,82000,2300,
000042.SZ,000042,20251209,93047270,0,1838151,0,S,82300,300,
000042.SZ,000042,20251209,93047270,0,1838152,0,S,82600,200,
000042.SZ,000042,20251209,93047460,0,1840627,0,S,86800,100,
000042.SZ,000042,20251209,93047770,0,1844482,0,B,82000,500,
000042.SZ,000042,20251209,93048200,0,1849680,0,S,82300,100,
000042.SZ,000042,20251209,93048660,0,1857295,0,S,82200,600,
000042.SZ,000042,20251209,93048840,0,1860005,0,S,82200,1500,
000042.SZ,000042,20251209,93048870,0,1860472,0,S,82200,100,
000042.SZ,000042,20251209,93049060,0,1863225,0,S,82200,100,
000042.SZ,000042,20251209,93049920,0,1875776,0,S,82200,200,
000042.SZ,000042,20251209,93050120,0,1878222,0,S,84100,1000,
000042.SZ,000042,20251209,93050160,0,1878827,0,S,82600,10000,
000042.SZ,000042,20251209,93050200,0,1879480,0,B,82100,1400,
000042.SZ,000042,20251209,93051150,0,1890586,0,S,82100,400,
000042.SZ,000042,20251209,93051150,0,1890588,0,S,82100,400,
000042.SZ,000042,20251209,93051150,0,1890590,0,S,82100,100,
000042.SZ,000042,20251209,93052260,0,1906617,0,B,82100,15000,
000042.SZ,000042,20251209,93053150,0,1918928,0,S,82200,1000,
000042.SZ,000042,20251209,93053680,0,1925466,0,B,81500,19000,
000042.SZ,000042,20251209,93054650,0,1938829,0,B,82100,700,
000042.SZ,000042,20251209,93055040,0,1944052,0,S,90200,1000,
000042.SZ,000042,20251209,93057670,0,1979139,0,B,82100,100,
000042.SZ,000042,20251209,93058600,0,1992904,0,B,81500,1700,
000042.SZ,000042,20251209,93058920,0,1997206,0,B,82100,1700,
000042.SZ,000042,20251209,93059090,0,1999670,0,S,82100,100,
000042.SZ,000042,20251209,93059260,0,2002179,0,B,82000,1000,
000042.SZ,000042,20251209,93059420,0,2004324,0,B,82000,1000,
000042.SZ,000042,20251209,93059500,0,2005309,0,B,82100,2300,
000042.SZ,000042,20251209,93100050,0,2012311,0,S,82100,100,
000042.SZ,000042,20251209,93100070,0,2012505,0,S,82100,700,
000042.SZ,000042,20251209,93100080,0,2012703,0,S,82100,100,
000042.SZ,000042,20251209,93101030,0,2031167,0,S,82300,200,
000042.SZ,000042,20251209,93101580,0,2042042,0,B,82000,900,
000042.SZ,000042,20251209,93103150,0,2065458,0,S,82200,100,
000042.SZ,000042,20251209,93104670,0,2093447,0,S,82700,500,
000042.SZ,000042,20251209,93105360,0,2103275,0,S,82000,50000,
000042.SZ,000042,20251209,93106140,0,2114985,0,B,82000,100,
000042.SZ,000042,20251209,93106730,0,2126319,0,B,82000,3000,
000042.SZ,000042,20251209,93106760,0,2127131,0,B,82000,5200,
000042.SZ,000042,20251209,93106820,0,2128488,0,B,82000,100,
000042.SZ,000042,20251209,93106840,0,2128792,0,B,82000,13700,
000042.SZ,000042,20251209,93106860,0,2129043,0,B,82000,600,
000042.SZ,000042,20251209,93106860,0,2129109,0,B,82300,200,
000042.SZ,000042,20251209,93106870,0,2129298,0,B,82000,3400,
000042.SZ,000042,20251209,93106920,0,2130149,0,B,82000,200,
000042.SZ,000042,20251209,93107050,0,2132139,0,S,82100,100,
000042.SZ,000042,20251209,93107640,0,2142430,0,B,81900,1500,
000042.SZ,000042,20251209,93107970,0,2147766,0,S,82100,300,
000042.SZ,000042,20251209,93108310,0,2153407,0,B,81900,700,
000042.SZ,000042,20251209,93109230,0,2165095,0,S,82100,100,
000042.SZ,000042,20251209,93109860,0,2174973,0,B,82100,200,
000042.SZ,000042,20251209,93111000,0,2191568,0,B,82000,1500,
000042.SZ,000042,20251209,93112870,0,2216518,0,B,82200,100,
000042.SZ,000042,20251209,93113120,0,2220054,0,B,82100,500,
000042.SZ,000042,20251209,93113130,0,2220288,0,S,82200,100,
000042.SZ,000042,20251209,93113130,0,2220297,0,S,82200,100,
000042.SZ,000042,20251209,93113130,0,2220298,0,S,82200,100,
000042.SZ,000042,20251209,93113140,0,2220341,0,S,82200,300,
000042.SZ,000042,20251209,93113700,0,2228917,0,B,81000,1300,
000042.SZ,000042,20251209,93114190,0,2234857,0,B,81900,5000,
000042.SZ,000042,20251209,93114240,0,2235366,0,S,82100,200,
000042.SZ,000042,20251209,93115000,0,2244076,0,B,82000,900,
000042.SZ,000042,20251209,93115960,0,2257415,0,B,82000,10000,
000042.SZ,000042,20251209,93116000,0,2257895,0,B,82300,200,
000042.SZ,000042,20251209,93116500,0,2264975,0,B,82100,100,
000042.SZ,000042,20251209,93118260,0,2285940,0,B,82100,1500,
000042.SZ,000042,20251209,93120090,0,2309646,0,S,82200,100,
000042.SZ,000042,20251209,93120200,0,2310841,0,B,82100,100,
000042.SZ,000042,20251209,93122050,0,2333551,0,B,82300,200,
000042.SZ,000042,20251209,93123600,0,2351515,0,B,82100,400,
000042.SZ,000042,20251209,93123970,0,2354875,0,S,82700,2000,
000042.SZ,000042,20251209,93124240,0,2358021,0,B,82000,2000,
000042.SZ,000042,20251209,93125050,0,2367997,0,B,82300,200,
000042.SZ,000042,20251209,93125060,0,2368134,0,S,82200,100,
000042.SZ,000042,20251209,93125510,0,2374136,0,S,82600,20000,
000042.SZ,000042,20251209,93125580,0,2375015,0,S,82200,600,
000042.SZ,000042,20251209,93125960,0,2379246,0,S,82200,400,
000042.SZ,000042,20251209,93125970,0,2379268,0,S,82200,500,
000042.SZ,000042,20251209,93127360,0,2394962,0,B,81800,1000,
000042.SZ,000042,20251209,93127740,0,2399379,0,B,82100,500,
000042.SZ,000042,20251209,93127900,0,2401178,0,B,82100,4500,
000042.SZ,000042,20251209,93128730,0,2411671,0,S,84700,20000,
000042.SZ,000042,20251209,93130970,0,2438455,0,S,82200,400,
000042.SZ,000042,20251209,93130970,0,2438463,0,S,82200,1100,
000042.SZ,000042,20251209,93133150,0,2464037,0,S,82200,100,
000042.SZ,000042,20251209,93133170,0,2464389,0,S,82200,400,
000042.SZ,000042,20251209,93133170,0,2464390,0,S,82200,100,
000042.SZ,000042,20251209,93134350,0,2479124,0,S,90200,2000,
000042.SZ,000042,20251209,93134960,0,2486181,0,B,80600,3000,
000042.SZ,000042,20251209,93139230,0,2536725,0,S,82200,100,
000042.SZ,000042,20251209,93139260,0,2537383,0,B,81900,700,
000042.SZ,000042,20251209,93139260,0,2537389,0,B,82000,800,
000042.SZ,000042,20251209,93139510,0,2540511,0,S,84200,16200,
000042.SZ,000042,20251209,93140620,0,2554378,0,B,82200,400,
000042.SZ,000042,20251209,93142160,0,2570813,0,S,81800,2700,
000042.SZ,000042,20251209,93142530,0,2576138,0,B,82100,2100,
000042.SZ,000042,20251209,93144470,0,2600709,0,B,81900,5000,
000042.SZ,000042,20251209,93144470,0,2600775,0,S,82200,100,
000042.SZ,000042,20251209,93145170,0,2607696,0,B,82100,200,
000042.SZ,000042,20251209,93145310,0,2609530,0,B,82100,2000,
000042.SZ,000042,20251209,93145970,0,2618147,0,S,82500,20000,
000042.SZ,000042,20251209,93147240,0,2633967,0,S,82000,50000,
000042.SZ,000042,20251209,93147240,0,2634055,0,B,82000,25800,
000042.SZ,000042,20251209,93147880,0,2640495,0,B,82200,1000,
000042.SZ,000042,20251209,93148020,0,2641860,0,S,90000,500,
000042.SZ,000042,20251209,93148030,0,2642004,0,S,82100,100,
000042.SZ,000042,20251209,93148030,0,2642072,0,S,82100,500,
000042.SZ,000042,20251209,93148160,0,2643380,0,B,82000,2000,
000042.SZ,000042,20251209,93148250,0,2644639,0,B,82400,1900,
000042.SZ,000042,20251209,93149590,0,2660322,0,S,82000,600,
000042.SZ,000042,20251209,93149600,0,2660478,0,S,82100,200,
000042.SZ,000042,20251209,93149600,0,2660483,0,S,82100,300,
000042.SZ,000042,20251209,93149970,0,2664770,0,S,82000,800,
000042.SZ,000042,20251209,93149970,0,2664788,0,S,82000,1600,
000042.SZ,000042,20251209,93151180,0,2677724,0,B,81900,1300,
000042.SZ,000042,20251209,93151970,0,2687301,0,B,82000,200,
000042.SZ,000042,20251209,93152000,0,2687672,0,B,82000,300,
000042.SZ,000042,20251209,93152470,0,2694018,0,S,82100,100,
000042.SZ,000042,20251209,93152630,0,2696073,0,S,82100,100,
000042.SZ,000042,20251209,93154150,0,2711586,0,S,81900,100,
000042.SZ,000042,20251209,93157800,0,2756886,0,B,81900,100,
000042.SZ,000042,20251209,93159900,0,2778869,0,B,82000,1000,
000042.SZ,000042,20251209,93159920,0,2778955,0,S,82100,1000,
000042.SZ,000042,20251209,93200050,0,2780651,0,S,81900,200,
000042.SZ,000042,20251209,93200060,0,2780826,0,S,81900,300,
000042.SZ,000042,20251209,93200060,0,2780829,0,S,81900,100,
000042.SZ,000042,20251209,93200070,0,2780936,0,S,82000,400,
000042.SZ,000042,20251209,93200080,0,2781150,0,S,81900,1600,
000042.SZ,000042,20251209,93200110,0,2781606,0,B,82000,2300,
000042.SZ,000042,20251209,93200250,0,2783552,0,S,82100,100,
000042.SZ,000042,20251209,93202020,0,2808194,0,B,82000,1200,
000042.SZ,000042,20251209,93203970,0,2831245,0,S,82600,6000,
000042.SZ,000042,20251209,93207330,0,2870507,0,S,82300,7800,
000042.SZ,000042,20251209,93207770,0,2876007,0,S,82700,6000,
000042.SZ,000042,20251209,93209950,0,2899429,0,B,82000,10000,
000042.SZ,000042,20251209,93212010,0,2920155,0,S,85800,500,
000042.SZ,000042,20251209,93212410,0,2925300,0,B,82000,800,
000042.SZ,000042,20251209,93214870,0,2959185,0,S,82200,200,
000042.SZ,000042,20251209,93214880,0,2959264,0,S,82100,300,
000042.SZ,000042,20251209,93216160,0,2976220,0,S,82100,1400,
000042.SZ,000042,20251209,93216680,0,2982965,0,B,82000,100,
000042.SZ,000042,20251209,93217410,0,2991659,0,B,82000,100,
000042.SZ,000042,20251209,93220740,0,3029467,0,B,82100,1500,
000042.SZ,000042,20251209,93222180,0,3043786,0,B,82400,300,
000042.SZ,000042,20251209,93222350,0,3045748,0,S,82100,200,
000042.SZ,000042,20251209,93223750,0,3058864,0,B,82000,1000,
000042.SZ,000042,20251209,93224080,0,3061820,0,B,81000,3000,
000042.SZ,000042,20251209,93226340,0,3084217,0,B,81500,1400,
000042.SZ,000042,20251209,93228320,0,3102446,0,S,82100,200,
000042.SZ,000042,20251209,93228370,0,3103203,0,S,82400,3200,
000042.SZ,000042,20251209,93231150,0,3128843,0,B,82300,100,
000042.SZ,000042,20251209,93231300,0,3130678,0,B,82000,2000,
000042.SZ,000042,20251209,93233300,0,3150299,0,B,81800,1000,
000042.SZ,000042,20251209,93233620,0,3153530,0,B,82000,100,
000042.SZ,000042,20251209,93236960,0,3184574,0,S,90200,29600,
000042.SZ,000042,20251209,93239940,0,3213995,0,B,81300,100,
000042.SZ,000042,20251209,93242610,0,3240559,0,B,82100,2000,
000042.SZ,000042,20251209,93245450,0,3265946,0,S,82200,100,
000042.SZ,000042,20251209,93245530,0,3266589,0,S,82200,300,
000042.SZ,000042,20251209,93246050,0,3272422,0,S,82200,100,
000042.SZ,000042,20251209,93246050,0,3272466,0,S,82200,100,
000042.SZ,000042,20251209,93246620,0,3277881,0,S,82200,100,
000042.SZ,000042,20251209,93247600,0,3285954,0,S,82200,2400,
000042.SZ,000042,20251209,93248080,0,3290018,0,B,82000,1500,
000042.SZ,000042,20251209,93250400,0,3312582,0,S,83000,3000,
000042.SZ,000042,20251209,93255880,0,3363452,0,S,82000,50000,
000042.SZ,000042,20251209,93255890,0,3363555,0,B,81900,3100,
000042.SZ,000042,20251209,93255970,0,3364117,0,B,82000,200,
000042.SZ,000042,20251209,93256000,0,3364370,0,B,82000,300,
000042.SZ,000042,20251209,93256030,0,3364578,0,S,82200,2200,
000042.SZ,000042,20251209,93256050,0,3364728,0,S,81900,2200,
000042.SZ,000042,20251209,93256490,0,3368840,0,B,82000,100,
000042.SZ,000042,20251209,93256990,0,3372806,0,S,82400,7800,
000042.SZ,000042,20251209,93257250,0,3374908,0,B,82300,2500,
000042.SZ,000042,20251209,93300080,0,3400545,0,S,82000,200,
000042.SZ,000042,20251209,93300080,0,3400589,0,S,82000,100,
000042.SZ,000042,20251209,93300620,0,3406769,0,S,82800,5000,
000042.SZ,000042,20251209,93302120,0,3422729,0,S,82400,700,
000042.SZ,000042,20251209,93306340,0,3463487,0,S,82000,200,
000042.SZ,000042,20251209,93306830,0,3468921,0,S,82000,500,
000042.SZ,000042,20251209,93311250,0,3513641,0,B,81500,2000,
000042.SZ,000042,20251209,93313990,0,3541733,0,S,83800,1200,
000042.SZ,000042,20251209,93318500,0,3583435,0,S,81900,100,
000042.SZ,000042,20251209,93319030,0,3589004,0,S,82600,6000,
000042.SZ,000042,20251209,93319290,0,3591759,0,B,81900,100,
000042.SZ,000042,20251209,93324070,0,3634795,0,B,82200,1300,
000042.SZ,000042,20251209,93326420,0,3655120,0,B,81900,100,
000042.SZ,000042,20251209,93329480,0,3680705,0,S,81900,1300,
000042.SZ,000042,20251209,93334790,0,3726450,0,B,81800,100,
000042.SZ,000042,20251209,93335390,0,3731175,0,S,82000,200,
000042.SZ,000042,20251209,93335980,0,3735505,0,S,82000,2200,
000042.SZ,000042,20251209,93340070,0,3771290,0,S,82500,6000,
000042.SZ,000042,20251209,93341160,0,3782608,0,B,81900,1300,
000042.SZ,000042,20251209,93342710,0,3797166,0,B,81900,600,
000042.SZ,000042,20251209,93343280,0,3802729,0,S,82600,5000,
000042.SZ,000042,20251209,93343320,0,3803395,0,B,81200,400,
000042.SZ,000042,20251209,93345430,0,3822183,0,B,81900,4000,
000042.SZ,000042,20251209,93345480,0,3822742,0,S,81900,300,
000042.SZ,000042,20251209,93345500,0,3822937,0,B,81500,2100,
000042.SZ,000042,20251209,93346070,0,3828506,0,S,82000,100,
000042.SZ,000042,20251209,93346130,0,3829049,0,B,81900,100,
000042.SZ,000042,20251209,93350140,0,3865912,0,B,81600,1400,
000042.SZ,000042,20251209,93351140,0,3874077,0,S,81600,1600,
000042.SZ,000042,20251209,93352050,0,3882605,0,S,81900,2700,
000042.SZ,000042,20251209,93353810,0,3897142,0,B,82000,500,
000042.SZ,000042,20251209,93400070,0,3951406,0,S,82000,100,
000042.SZ,000042,20251209,93400070,0,3951445,0,S,82000,100,
000042.SZ,000042,20251209,93400680,0,3958891,0,B,82200,100,
000042.SZ,000042,20251209,93405840,0,4007326,0,B,81900,1000,
000042.SZ,000042,20251209,93406900,0,4015869,0,B,81900,1000,
000042.SZ,000042,20251209,93408390,0,4029318,0,B,81900,600,
000042.SZ,000042,20251209,93408490,0,4030198,0,B,81700,4800,
000042.SZ,000042,20251209,93410070,0,4044455,0,B,82000,100,
000042.SZ,000042,20251209,93414180,0,4080575,0,B,81500,1700,
000042.SZ,000042,20251209,93414670,0,4084064,0,S,82000,300,
000042.SZ,000042,20251209,93414980,0,4086209,0,S,83000,3000,
000042.SZ,000042,20251209,93431140,0,4211171,0,B,81500,100,
000042.SZ,000042,20251209,93433410,0,4229048,0,B,82000,17100,
000042.SZ,000042,20251209,93433980,0,4233511,0,B,82000,300,
000042.SZ,000042,20251209,93434010,0,4233755,0,B,82000,500,
000042.SZ,000042,20251209,93435010,0,4241969,0,B,82200,1900,
000042.SZ,000042,20251209,93435090,0,4242540,0,S,82000,300,
000042.SZ,000042,20251209,93435470,0,4245170,0,S,81900,800,
000042.SZ,000042,20251209,93435740,0,4246979,0,B,81000,2500,
000042.SZ,000042,20251209,93436150,0,4249972,0,B,81900,3100,
000042.SZ,000042,20251209,93436160,0,4250057,0,B,82000,900,
000042.SZ,000042,20251209,93438010,0,4263874,0,B,82000,100,
000042.SZ,000042,20251209,93441070,0,4286595,0,B,82000,800,
000042.SZ,000042,20251209,93444790,0,4313004,0,S,81600,1600,
000042.SZ,000042,20251209,93446120,0,4323188,0,S,82000,1200,
000042.SZ,000042,20251209,93446680,0,4327546,0,B,81900,100,
000042.SZ,000042,20251209,93447480,0,4332859,0,B,81900,500,
000042.SZ,000042,20251209,93449580,0,4348629,0,B,82000,600,
000042.SZ,000042,20251209,93455110,0,4387702,0,S,81900,3000,
000042.SZ,000042,20251209,93457110,0,4401299,0,B,79400,400,
000042.SZ,000042,20251209,93457910,0,4407261,0,B,82300,100,
000042.SZ,000042,20251209,93458630,0,4413262,0,B,81900,100,
000042.SZ,000042,20251209,93459580,0,4420962,0,B,81900,200,
000042.SZ,000042,20251209,93500050,0,4424256,0,S,81900,100,
000042.SZ,000042,20251209,93500050,0,4424330,0,S,81900,100,
000042.SZ,000042,20251209,93500060,0,4424437,0,S,82000,200,
000042.SZ,000042,20251209,93500070,0,4424547,0,B,81900,600,
000042.SZ,000042,20251209,93500080,0,4424570,0,B,81900,2600,
000042.SZ,000042,20251209,93500320,0,4427106,0,S,82000,100,
000042.SZ,000042,20251209,93505590,0,4479696,0,B,81000,2000,
000042.SZ,000042,20251209,93506440,0,4487901,0,S,82000,100,
000042.SZ,000042,20251209,93507200,0,4495338,0,B,82300,100,
000042.SZ,000042,20251209,93515900,0,4585610,0,S,82000,1200,
000042.SZ,000042,20251209,93515910,0,4585697,0,S,82000,100,
000042.SZ,000042,20251209,93527360,0,4673899,0,B,81400,8100,
000042.SZ,000042,20251209,93530000,0,4694411,0,B,82000,21200,
000042.SZ,000042,20251209,93530000,0,4694454,0,S,82000,1600,
000042.SZ,000042,20251209,93530020,0,4694563,0,S,82200,3500,
000042.SZ,000042,20251209,93530100,0,4695073,0,S,82200,200,
000042.SZ,000042,20251209,93530150,0,4695473,0,S,82000,10100,
000042.SZ,000042,20251209,93530150,0,4695506,0,S,82200,100,
000042.SZ,000042,20251209,93530860,0,4701586,0,S,82400,3900,
000042.SZ,000042,20251209,93530860,0,4701591,0,S,82400,4000,
000042.SZ,000042,20251209,93530980,0,4702481,0,B,82000,100,
000042.SZ,000042,20251209,93530990,0,4702567,0,B,82100,100,
000042.SZ,000042,20251209,93531000,0,4702668,0,S,82100,100,
000042.SZ,000042,20251209,93531000,0,4702670,0,S,82100,100,
000042.SZ,000042,20251209,93531000,0,4702671,0,S,82100,100,
000042.SZ,000042,20251209,93531000,0,4702672,0,S,82100,100,
000042.SZ,000042,20251209,93531000,0,4702673,0,S,82100,100,
000042.SZ,000042,20251209,93531000,0,4702674,0,S,82100,100,
000042.SZ,000042,20251209,93531000,0,4702677,0,S,82100,100,
000042.SZ,000042,20251209,93531000,0,4702678,0,S,82100,100,
000042.SZ,000042,20251209,93531010,0,4702696,0,B,82000,100,
000042.SZ,000042,20251209,93531020,0,4702894,0,B,82000,1100,
000042.SZ,000042,20251209,93531020,0,4702899,0,S,82100,3500,
000042.SZ,000042,20251209,93531840,0,4709918,0,S,82000,7000,
000042.SZ,000042,20251209,93531850,0,4709958,0,S,82000,100,
000042.SZ,000042,20251209,93535520,0,4739862,0,S,86000,4000,
000042.SZ,000042,20251209,93536130,0,4744664,0,B,82200,500,
000042.SZ,000042,20251209,93538170,0,4762275,0,B,82000,800,
000042.SZ,000042,20251209,93538860,0,4767951,0,S,82300,8400,
000042.SZ,000042,20251209,93539150,0,4770346,0,B,82000,100,
000042.SZ,000042,20251209,93539230,0,4771563,0,B,81700,700,
000042.SZ,000042,20251209,93539770,0,4778294,0,B,81700,600,
000042.SZ,000042,20251209,93540250,0,4782757,0,S,82000,300,
000042.SZ,000042,20251209,93540270,0,4783113,0,S,82000,200,
000042.SZ,000042,20251209,93541860,0,4799673,0,S,82200,8300,
000042.SZ,000042,20251209,93542130,0,4801836,0,S,82000,1700,
000042.SZ,000042,20251209,93543920,0,4819298,0,B,81000,9000,
000042.SZ,000042,20251209,93550260,0,4880924,0,S,81900,1800,
000042.SZ,000042,20251209,93550840,0,4885434,0,B,81600,2200,
000042.SZ,000042,20251209,93556330,0,4933769,0,B,82300,100,
000042.SZ,000042,20251209,93556930,0,4938495,0,B,81600,300,
000042.SZ,000042,20251209,93600050,0,4963060,0,S,82000,100,
000042.SZ,000042,20251209,93600060,0,4963114,0,S,82000,200,
000042.SZ,000042,20251209,93600110,0,4963497,0,S,82000,100,
000042.SZ,000042,20251209,93600110,0,4963508,0,S,82000,100,
000042.SZ,000042,20251209,93600230,0,4965062,0,S,82000,300,
000042.SZ,000042,20251209,93601970,0,4989215,0,S,82500,1000,
000042.SZ,000042,20251209,93601990,0,4989341,0,S,81900,900,
000042.SZ,000042,20251209,93610020,0,5067007,0,B,81000,1000,
000042.SZ,000042,20251209,93610320,0,5070229,0,B,81500,300,
000042.SZ,000042,20251209,93610390,0,5071079,0,B,81800,3000,
000042.SZ,000042,20251209,93611240,0,5080130,0,B,81600,1000,
000042.SZ,000042,20251209,93612150,0,5087870,0,S,81900,100,
000042.SZ,000042,20251209,93612380,0,5090031,0,S,82500,500,
000042.SZ,000042,20251209,93612570,0,5091418,0,B,82000,24200,
000042.SZ,000042,20251209,93612580,0,5091481,0,S,82000,12500,
000042.SZ,000042,20251209,93612580,0,5091485,0,S,82000,16800,
000042.SZ,000042,20251209,93612580,0,5091507,0,S,82000,500,
000042.SZ,000042,20251209,93612580,0,5091510,0,S,82000,100,
000042.SZ,000042,20251209,93612580,0,5091512,0,S,82000,4300,
000042.SZ,000042,20251209,93612590,0,5091515,0,S,81800,4900,
000042.SZ,000042,20251209,93612590,0,5091604,0,S,81800,1400,
000042.SZ,000042,20251209,93612600,0,5091681,0,B,81900,600,
000042.SZ,000042,20251209,93612620,0,5091788,0,B,81900,2600,
000042.SZ,000042,20251209,93615140,0,5114644,0,B,81900,600,
000042.SZ,000042,20251209,93618070,0,5139537,0,B,81800,1300,
000042.SZ,000042,20251209,93618290,0,5141529,0,S,82000,200,
000042.SZ,000042,20251209,93618500,0,5143214,0,S,82000,200,
000042.SZ,000042,20251209,93621160,0,5165603,0,B,81900,100,
000042.SZ,000042,20251209,93623340,0,5187536,0,S,82000,300,
000042.SZ,000042,20251209,93624350,0,5195965,0,S,82100,200,
000042.SZ,000042,20251209,93628370,0,5228691,0,B,79700,200,
000042.SZ,000042,20251209,93628390,0,5228914,0,B,81900,100,
000042.SZ,000042,20251209,93630860,0,5248556,0,S,82100,9300,
000042.SZ,000042,20251209,93631000,0,5249485,0,B,81900,100,
000042.SZ,000042,20251209,93631480,0,5254454,0,S,82000,700,
000042.SZ,000042,20251209,93633060,0,5265951,0,S,82000,1600,
000042.SZ,000042,20251209,93634520,0,5278182,0,B,81000,300,
000042.SZ,000042,20251209,93634540,0,5278284,0,S,82000,300,
000042.SZ,000042,20251209,93635060,0,5281983,0,S,82000,100,
000042.SZ,000042,20251209,93635070,0,5282009,0,S,82000,100,
000042.SZ,000042,20251209,93637270,0,5300136,0,B,81900,100,
000042.SZ,000042,20251209,93641400,0,5328679,0,B,81400,2000,
000042.SZ,000042,20251209,93650260,0,5393496,0,B,82300,100,
000042.SZ,000042,20251209,93651440,0,5401456,0,B,81900,600,
000042.SZ,000042,20251209,93655680,0,5433162,0,B,82200,100,
000042.SZ,000042,20251209,93657150,0,5443200,0,S,82000,100,
000042.SZ,000042,20251209,93700050,0,5467680,0,S,82000,100,
000042.SZ,000042,20251209,93700060,0,5467766,0,S,82000,100,
000042.SZ,000042,20251209,93700060,0,5467767,0,S,82000,200,
000042.SZ,000042,20251209,93700260,0,5469765,0,S,82000,300,
000042.SZ,000042,20251209,93702040,0,5488886,0,S,81900,100,
000042.SZ,000042,20251209,93702050,0,5488925,0,S,81900,1300,
000042.SZ,000042,20251209,93702050,0,5488929,0,S,81900,5500,
000042.SZ,000042,20251209,93702050,0,5488951,0,S,81900,500,
000042.SZ,000042,20251209,93702050,0,5488959,0,S,81900,4300,
000042.SZ,000042,20251209,93702050,0,5488973,0,S,81900,4300,
000042.SZ,000042,20251209,93702060,0,5488983,0,S,81900,4300,
000042.SZ,000042,20251209,93702100,0,5489516,0,S,81800,3800,
000042.SZ,000042,20251209,93702120,0,5489759,0,S,81800,2000,
000042.SZ,000042,20251209,93702360,0,5492856,0,B,81300,10400,
000042.SZ,000042,20251209,93702960,0,5497641,0,B,81900,100,
000042.SZ,000042,20251209,93705300,0,5519972,0,B,81800,100,
000042.SZ,000042,20251209,93705980,0,5524826,0,B,82200,500,
000042.SZ,000042,20251209,93706000,0,5524993,0,B,81800,600,
000042.SZ,000042,20251209,93706010,0,5525037,0,B,81800,2600,
000042.SZ,000042,20251209,93706130,0,5526249,0,B,81900,1300,
000042.SZ,000042,20251209,93706140,0,5526322,0,S,81900,1300,
000042.SZ,000042,20251209,93709250,0,5550152,0,B,81700,2000,
000042.SZ,000042,20251209,93709290,0,5550715,0,S,82200,300,
000042.SZ,000042,20251209,93709780,0,5554558,0,S,82000,1000,
000042.SZ,000042,20251209,93714010,0,5589706,0,B,81300,600,
000042.SZ,000042,20251209,93714060,0,5590160,0,B,80000,2000,
000042.SZ,000042,20251209,93715150,0,5599213,0,S,81900,100,
000042.SZ,000042,20251209,93715210,0,5599770,0,S,81900,100,
000042.SZ,000042,20251209,93715670,0,5604070,0,S,81500,100000,
000042.SZ,000042,20251209,93715700,0,5604267,0,S,81900,100,
000042.SZ,000042,20251209,93715760,0,5604695,0,S,81900,100,
000042.SZ,000042,20251209,93715780,0,5604855,0,B,80500,600,
000042.SZ,000042,20251209,93715860,0,5605593,0,B,81500,10500,
000042.SZ,000042,20251209,93715860,0,5605594,0,S,81900,10400,
000042.SZ,000042,20251209,93715860,0,5605596,0,S,82100,10600,
000042.SZ,000042,20251209,93716470,0,5610593,0,S,81900,100,
000042.SZ,000042,20251209,93716500,0,5610759,0,B,81600,100,
000042.SZ,000042,20251209,93716500,0,5610806,0,S,81600,100,
000042.SZ,000042,20251209,93716890,0,5613456,0,S,81800,2200,
000042.SZ,000042,20251209,93716890,0,5613458,0,S,81800,2400,
000042.SZ,000042,20251209,93716890,0,5613473,0,S,81800,5200,
000042.SZ,000042,20251209,93717040,0,5614588,0,S,81700,900,
000042.SZ,000042,20251209,93717360,0,5617529,0,B,81100,10800,
000042.SZ,000042,20251209,93718190,0,5622830,0,S,81700,200,
000042.SZ,000042,20251209,93718240,0,5623431,0,S,81900,500,
000042.SZ,000042,20251209,93718280,0,5623739,0,S,81700,100,
000042.SZ,000042,20251209,93718280,0,5623780,0,B,82000,2700,
000042.SZ,000042,20251209,93718290,0,5623816,0,S,81700,100,
000042.SZ,000042,20251209,93718290,0,5623818,0,S,81700,100,
000042.SZ,000042,20251209,93718290,0,5623819,0,S,81700,500,
000042.SZ,000042,20251209,93718380,0,5624447,0,S,81700,100,
000042.SZ,000042,20251209,93718380,0,5624451,0,S,81700,400,
000042.SZ,000042,20251209,93718480,0,5625165,0,S,81700,100,
000042.SZ,000042,20251209,93718500,0,5625318,0,S,81700,100,
000042.SZ,000042,20251209,93718580,0,5625920,0,S,82000,100,
000042.SZ,000042,20251209,93718650,0,5626462,0,S,81700,100,
000042.SZ,000042,20251209,93718830,0,5627823,0,S,81700,100,
000042.SZ,000042,20251209,93719000,0,5628742,0,S,81700,400,
000042.SZ,000042,20251209,93719000,0,5628743,0,S,81700,100,
000042.SZ,000042,20251209,93719000,0,5628748,0,S,81700,600,
000042.SZ,000042,20251209,93719000,0,5628755,0,S,81700,300,
000042.SZ,000042,20251209,93719000,0,5628757,0,S,81700,100,
000042.SZ,000042,20251209,93719040,0,5629106,0,S,81700,100,
000042.SZ,000042,20251209,93719140,0,5629851,0,S,81500,100,
000042.SZ,000042,20251209,93719520,0,5632930,0,B,81600,1500,
000042.SZ,000042,20251209,93719520,0,5632938,0,S,81600,100,
000042.SZ,000042,20251209,93719520,0,5632940,0,S,81600,300,
000042.SZ,000042,20251209,93719520,0,5632942,0,S,81600,800,
000042.SZ,000042,20251209,93719520,0,5632967,0,S,81600,100,
000042.SZ,000042,20251209,93719520,0,5632969,0,S,81600,100,
000042.SZ,000042,20251209,93719520,0,5632971,0,S,81600,300,
000042.SZ,000042,20251209,93719520,0,5632973,0,S,81600,200,
000042.SZ,000042,20251209,93719520,0,5632974,0,S,81600,200,
000042.SZ,000042,20251209,93719520,0,5632975,0,S,81600,300,
000042.SZ,000042,20251209,93719520,0,5632976,0,S,81600,200,
000042.SZ,000042,20251209,93719520,0,5632977,0,S,81600,100,
000042.SZ,000042,20251209,93719520,0,5632978,0,S,81600,100,
000042.SZ,000042,20251209,93719520,0,5632980,0,S,81600,300,
000042.SZ,000042,20251209,93719520,0,5632981,0,S,81600,100,
000042.SZ,000042,20251209,93719520,0,5632982,0,S,81600,100,
000042.SZ,000042,20251209,93719520,0,5632983,0,S,81600,200,
000042.SZ,000042,20251209,93719520,0,5632984,0,S,81600,100,
000042.SZ,000042,20251209,93719520,0,5632986,0,S,81600,300,
000042.SZ,000042,20251209,93719520,0,5632987,0,S,81600,300,
000042.SZ,000042,20251209,93719520,0,5632988,0,S,81600,100,
000042.SZ,000042,20251209,93719530,0,5633009,0,S,81600,100,
000042.SZ,000042,20251209,93719530,0,5633013,0,S,81600,100,
000042.SZ,000042,20251209,93719530,0,5633014,0,S,81600,100,
000042.SZ,000042,20251209,93719530,0,5633015,0,S,81600,100,
000042.SZ,000042,20251209,93719530,0,5633017,0,S,81600,200,
000042.SZ,000042,20251209,93719530,0,5633018,0,S,81600,200,
000042.SZ,000042,20251209,93719530,0,5633019,0,S,81600,200,
000042.SZ,000042,20251209,93719530,0,5633021,0,S,81600,200,
000042.SZ,000042,20251209,93719530,0,5633022,0,S,81600,200,
000042.SZ,000042,20251209,93719530,0,5633023,0,S,81600,200,
000042.SZ,000042,20251209,93719530,0,5633024,0,S,81600,100,
000042.SZ,000042,20251209,93719530,0,5633025,0,S,81500,100,
000042.SZ,000042,20251209,93719530,0,5633029,0,S,81600,200,
000042.SZ,000042,20251209,93719530,0,5633060,0,S,81600,100,
000042.SZ,000042,20251209,93719540,0,5633148,0,S,81600,100,
000042.SZ,000042,20251209,93719540,0,5633149,0,S,81600,100,
000042.SZ,000042,20251209,93719540,0,5633154,0,S,81700,300,
000042.SZ,000042,20251209,93720050,0,5636735,0,S,81700,200,
000042.SZ,000042,20251209,93720050,0,5636739,0,S,81700,300,
000042.SZ,000042,20251209,93720070,0,5636833,0,S,81700,100,
000042.SZ,000042,20251209,93720070,0,5636846,0,S,81700,100,
000042.SZ,000042,20251209,93720150,0,5637368,0,B,81500,300,
000042.SZ,000042,20251209,93721370,0,5645875,0,B,81900,300,
000042.SZ,000042,20251209,93721930,0,5649901,0,S,81500,800,
000042.SZ,000042,20251209,93725820,0,5677257,0,B,81600,500,
000042.SZ,000042,20251209,93726010,0,5678448,0,B,81600,700,
000042.SZ,000042,20251209,93726020,0,5678489,0,B,81600,1100,
000042.SZ,000042,20251209,93726790,0,5683847,0,B,81500,800,
000042.SZ,000042,20251209,93726970,0,5684949,0,B,81600,200,
000042.SZ,000042,20251209,93727260,0,5686742,0,B,81000,700,
000042.SZ,000042,20251209,93729800,0,5705195,0,B,81500,300,
000042.SZ,000042,20251209,93729860,0,5705535,0,B,81200,10800,
000042.SZ,000042,20251209,93731710,0,5721091,0,S,81300,16200,
000042.SZ,000042,20251209,93731720,0,5721134,0,S,81600,100,
000042.SZ,000042,20251209,93731860,0,5722141,0,B,81000,11000,
000042.SZ,000042,20251209,93732860,0,5729146,0,S,82000,10900,
000042.SZ,000042,20251209,93733300,0,5732341,0,B,81900,800,
000042.SZ,000042,20251209,93735080,0,5747284,0,S,81500,300,
000042.SZ,000042,20251209,93736290,0,5756807,0,S,81600,1600,
000042.SZ,000042,20251209,93736950,0,5761947,0,S,82100,6000,
000042.SZ,000042,20251209,93738410,0,5772937,0,S,81800,1800,
000042.SZ,000042,20251209,93738860,0,5775696,0,S,81900,11500,
000042.SZ,000042,20251209,93739340,0,5779060,0,B,81300,700,
000042.SZ,000042,20251209,93739960,0,5783356,0,S,82200,6000,
000042.SZ,000042,20251209,93740770,0,5789158,0,B,81500,1000,
000042.SZ,000042,20251209,93742120,0,5798526,0,S,82300,6000,
000042.SZ,000042,20251209,93743600,0,5810350,0,B,81600,100,
000042.SZ,000042,20251209,93743640,0,5810650,0,B,81500,100,
000042.SZ,000042,20251209,93743910,0,5812584,0,S,82200,3000,
000042.SZ,000042,20251209,93745210,0,5821426,0,S,82000,400,
000042.SZ,000042,20251209,93745950,0,5828482,0,S,82400,6000,
000042.SZ,000042,20251209,93746290,0,5831418,0,B,81300,5000,
000042.SZ,000042,20251209,93746290,0,5831426,0,B,80300,300,
000042.SZ,000042,20251209,93746320,0,5831724,0,B,81600,3000,
000042.SZ,000042,20251209,93746330,0,5831749,0,S,81600,600,
000042.SZ,000042,20251209,93746330,0,5831751,0,S,81600,200,
000042.SZ,000042,20251209,93746330,0,5831756,0,S,81600,200,
000042.SZ,000042,20251209,93746330,0,5831758,0,S,81600,100,
000042.SZ,000042,20251209,93746330,0,5831761,0,S,81600,300,
000042.SZ,000042,20251209,93746330,0,5831776,0,S,81600,100,
000042.SZ,000042,20251209,93746330,0,5831828,0,S,81600,500,
000042.SZ,000042,20251209,93746330,0,5831829,0,S,81600,400,
000042.SZ,000042,20251209,93746340,0,5831834,0,S,81600,300,
000042.SZ,000042,20251209,93746340,0,5831837,0,S,81600,600,
000042.SZ,000042,20251209,93746340,0,5831838,0,S,81600,200,
000042.SZ,000042,20251209,93746340,0,5831840,0,S,81600,100,
000042.SZ,000042,20251209,93746340,0,5831846,0,S,81600,500,
000042.SZ,000042,20251209,93746340,0,5831847,0,S,81600,200,
000042.SZ,000042,20251209,93746340,0,5831848,0,S,81600,100,
000042.SZ,000042,20251209,93746340,0,5831849,0,S,81600,200,
000042.SZ,000042,20251209,93746340,0,5831850,0,S,81600,100,
000042.SZ,000042,20251209,93746340,0,5831852,0,S,81600,100,
000042.SZ,000042,20251209,93746340,0,5831855,0,S,81600,300,
000042.SZ,000042,20251209,93746340,0,5831856,0,S,81600,100,
000042.SZ,000042,20251209,93746340,0,5831857,0,S,81600,200,
000042.SZ,000042,20251209,93746340,0,5831858,0,S,81600,200,
000042.SZ,000042,20251209,93746340,0,5831860,0,S,81600,100,
000042.SZ,000042,20251209,93746340,0,5831861,0,S,81600,300,
000042.SZ,000042,20251209,93746340,0,5831862,0,S,81600,200,
000042.SZ,000042,20251209,93746340,0,5831869,0,S,81600,100,
000042.SZ,000042,20251209,93746340,0,5831870,0,S,81600,100,
000042.SZ,000042,20251209,93746340,0,5831871,0,S,81600,500,
000042.SZ,000042,20251209,93746340,0,5831874,0,S,81600,700,
000042.SZ,000042,20251209,93746340,0,5831875,0,S,81600,200,
000042.SZ,000042,20251209,93746340,0,5831903,0,S,81600,100,
000042.SZ,000042,20251209,93746340,0,5831914,0,S,81500,100,
000042.SZ,000042,20251209,93746350,0,5831947,0,S,81600,100,
000042.SZ,000042,20251209,93746350,0,5831969,0,S,81600,100,
000042.SZ,000042,20251209,93746350,0,5831975,0,S,81600,100,
000042.SZ,000042,20251209,93746380,0,5832238,0,S,81600,500,
000042.SZ,000042,20251209,93746470,0,5832931,0,S,81600,200,
000042.SZ,000042,20251209,93746470,0,5832956,0,S,81500,100,
000042.SZ,000042,20251209,93746480,0,5832987,0,S,81500,300,
000042.SZ,000042,20251209,93748010,0,5843065,0,B,81600,5000,
000042.SZ,000042,20251209,93748090,0,5843543,0,B,81200,300,
000042.SZ,000042,20251209,93748280,0,5844804,0,B,81900,300,
000042.SZ,000042,20251209,93748520,0,5846737,0,B,80600,200,
000042.SZ,000042,20251209,93749080,0,5850649,0,B,81500,1000,
000042.SZ,000042,20251209,93750990,0,5864786,0,S,81600,2300,
000042.SZ,000042,20251209,93751560,0,5868988,0,B,81500,100,
000042.SZ,000042,20251209,93751900,0,5871276,0,B,81500,500,
000042.SZ,000042,20251209,93752400,0,5875378,0,B,81500,5000,
000042.SZ,000042,20251209,93752530,0,5876226,0,B,81600,4700,
000042.SZ,000042,20251209,93753250,0,5880606,0,B,81500,600,
000042.SZ,000042,20251209,93753280,0,5880908,0,S,81600,100,
000042.SZ,000042,20251209,93753790,0,5884028,0,B,81500,100,
000042.SZ,000042,20251209,93754440,0,5888492,0,B,81100,3000,
000042.SZ,000042,20251209,93755190,0,5893514,0,B,81000,2000,
000042.SZ,000042,20251209,93755940,0,5898574,0,S,81500,5000,
000042.SZ,000042,20251209,93755950,0,5898653,0,S,81600,100,
000042.SZ,000042,20251209,93757070,0,5906283,0,B,80100,6100,
000042.SZ,000042,20251209,93758280,0,5916031,0,B,81500,1000,
000042.SZ,000042,20251209,93758470,0,5917472,0,S,81600,100,
000042.SZ,000042,20251209,93759320,0,5923445,0,B,81500,1000,
000042.SZ,000042,20251209,93759860,0,5926395,0,S,81500,700,
000042.SZ,000042,20251209,93800060,0,5927741,0,S,81500,100,
000042.SZ,000042,20251209,93800070,0,5927811,0,S,81500,100,
000042.SZ,000042,20251209,93800090,0,5927988,0,B,81500,4400,
000042.SZ,000042,20251209,93800120,0,5928266,0,S,81600,200,
000042.SZ,000042,20251209,93800260,0,5929623,0,S,81600,200,
000042.SZ,000042,20251209,93801140,0,5940247,0,B,81100,600,
000042.SZ,000042,20251209,93801250,0,5941125,0,S,81600,400,
000042.SZ,000042,20251209,93802290,0,5952191,0,B,81600,2000,
000042.SZ,000042,20251209,93802320,0,5952460,0,S,81600,700,
000042.SZ,000042,20251209,93802330,0,5952607,0,S,81600,300,
000042.SZ,000042,20251209,93802440,0,5953704,0,B,81000,2000,
000042.SZ,000042,20251209,93802510,0,5954536,0,B,81600,14900,
000042.SZ,000042,20251209,93803420,0,5962041,0,B,81100,3000,
000042.SZ,000042,20251209,93806410,0,5986488,0,B,81500,3500,
000042.SZ,000042,20251209,93807300,0,5993853,0,S,81500,5000,
000042.SZ,000042,20251209,93809530,0,6010751,0,B,80900,2000,
000042.SZ,000042,20251209,93809870,0,6013079,0,B,81500,1000,
000042.SZ,000042,20251209,93812420,0,6032113,0,B,81300,1000,
000042.SZ,000042,20251209,93813300,0,6038509,0,B,80000,1000,
000042.SZ,000042,20251209,93813440,0,6040303,0,B,81600,600,
000042.SZ,000042,20251209,93815470,0,6054062,0,S,81700,200,
000042.SZ,000042,20251209,93816320,0,6060322,0,S,81600,100,
000042.SZ,000042,20251209,93816880,0,6064713,0,B,81400,900,
000042.SZ,000042,20251209,93816950,0,6065065,0,B,81500,5000,
000042.SZ,000042,20251209,93817480,0,6069641,0,B,81600,600,
000042.SZ,000042,20251209,93817770,0,6071475,0,B,81600,100,
000042.SZ,000042,20251209,93818470,0,6077295,0,B,81100,12600,
000042.SZ,000042,20251209,93820560,0,6094066,0,B,81500,2000,
000042.SZ,000042,20251209,93823300,0,6115156,0,B,81600,1200,
000042.SZ,000042,20251209,93825540,0,6131649,0,B,81600,1000,
000042.SZ,000042,20251209,93826310,0,6136926,0,B,81600,10000,
000042.SZ,000042,20251209,93826730,0,6139252,0,B,78000,2000,
000042.SZ,000042,20251209,93827430,0,6145224,0,B,80500,5000,
000042.SZ,000042,20251209,93828270,0,6151222,0,S,81600,1000,
000042.SZ,000042,20251209,93830810,0,6167894,0,B,81600,600,
000042.SZ,000042,20251209,93830810,0,6167948,0,S,81600,2400,
000042.SZ,000042,20251209,93830900,0,6168487,0,B,81700,2100,
000042.SZ,000042,20251209,93831300,0,6172271,0,B,81600,900,
000042.SZ,000042,20251209,93832470,0,6180626,0,B,81600,1000,
000042.SZ,000042,20251209,93834150,0,6192503,0,S,82000,3600,
000042.SZ,000042,20251209,93836260,0,6208001,0,S,81700,100,
000042.SZ,000042,20251209,93837240,0,6214701,0,S,82600,1000,
000042.SZ,000042,20251209,93837330,0,6215293,0,S,81600,500,
000042.SZ,000042,20251209,93837330,0,6215301,0,S,81600,400,
000042.SZ,000042,20251209,93837350,0,6215548,0,S,81600,300,
000042.SZ,000042,20251209,93837370,0,6215703,0,S,81600,800,
000042.SZ,000042,20251209,93837410,0,6216156,0,S,81600,100,
000042.SZ,000042,20251209,93837430,0,6216300,0,S,81600,100,
000042.SZ,000042,20251209,93838200,0,6221307,0,S,81600,100,
000042.SZ,000042,20251209,93840170,0,6233851,0,B,81400,700,
000042.SZ,000042,20251209,93840610,0,6236979,0,S,82000,10000,
000042.SZ,000042,20251209,93841900,0,6244421,0,B,80800,500,
000042.SZ,000042,20251209,93841920,0,6244485,0,S,81600,100,
000042.SZ,000042,20251209,93841990,0,6244950,0,S,81900,200,
000042.SZ,000042,20251209,93843430,0,6255747,0,S,81600,200,
000042.SZ,000042,20251209,93843440,0,6255830,0,S,81600,200,
000042.SZ,000042,20251209,93843440,0,6255871,0,S,81600,100,
000042.SZ,000042,20251209,93843540,0,6256637,0,S,81700,200,
000042.SZ,000042,20251209,93844330,0,6261117,0,S,81600,100,
000042.SZ,000042,20251209,93844360,0,6261323,0,S,81600,100,
000042.SZ,000042,20251209,93844380,0,6261426,0,B,81500,1000,
000042.SZ,000042,20251209,93844460,0,6261926,0,B,81000,1600,
000042.SZ,000042,20251209,93845000,0,6265145,0,B,81600,3000,
000042.SZ,000042,20251209,93845190,0,6266143,0,B,81700,100,
000042.SZ,000042,20251209,93845510,0,6268728,0,S,81700,200,
000042.SZ,000042,20251209,93848790,0,6288129,0,B,81600,100,
000042.SZ,000042,20251209,93848910,0,6288833,0,B,81000,8700,
000042.SZ,000042,20251209,93850960,0,6303539,0,B,81500,5000,
000042.SZ,000042,20251209,93853970,0,6323449,0,S,81700,1800,
000042.SZ,000042,20251209,93854320,0,6326129,0,B,81600,500,
000042.SZ,000042,20251209,93856470,0,6339910,0,B,81500,500,
000042.SZ,000042,20251209,93858820,0,6357343,0,B,81700,500,
000042.SZ,000042,20251209,93859720,0,6362429,0,B,81500,600,
000042.SZ,000042,20251209,93900050,0,6364138,0,S,81700,200,
000042.SZ,000042,20251209,93900060,0,6364202,0,S,81700,400,
000042.SZ,000042,20251209,93900110,0,6364527,0,S,81700,100,
000042.SZ,000042,20251209,93900230,0,6365579,0,S,81700,200,
000042.SZ,000042,20251209,93900400,0,6367362,0,B,81600,1000,
000042.SZ,000042,20251209,93901350,0,6375762,0,B,81700,100,
000042.SZ,000042,20251209,93903780,0,6393145,0,B,81600,2000,
000042.SZ,000042,20251209,93904540,0,6398929,0,B,81700,10000,
000042.SZ,000042,20251209,93904540,0,6398951,0,S,81700,5900,
000042.SZ,000042,20251209,93904540,0,6398953,0,S,81700,5900,
000042.SZ,000042,20251209,93904540,0,6398954,0,S,81700,5900,
000042.SZ,000042,20251209,93904540,0,6398966,0,S,81700,5900,
000042.SZ,000042,20251209,93904550,0,6398988,0,S,81600,600,
000042.SZ,000042,20251209,93905340,0,6405339,0,S,81600,200,
000042.SZ,000042,20251209,93906180,0,6410842,0,S,81700,1300,
000042.SZ,000042,20251209,93906180,0,6410848,0,S,81600,100,
000042.SZ,000042,20251209,93906890,0,6415462,0,B,81000,1000,
000042.SZ,000042,20251209,93907560,0,6421025,0,S,81600,1000,
000042.SZ,000042,20251209,93907570,0,6421055,0,S,81600,100,
000042.SZ,000042,20251209,93907830,0,6422886,0,B,81000,5000,
000042.SZ,000042,20251209,93909010,0,6429605,0,B,82000,100,
000042.SZ,000042,20251209,93910050,0,6436963,0,B,81300,2000,
000042.SZ,000042,20251209,93911470,0,6446066,0,B,80600,5000,
000042.SZ,000042,20251209,93912890,0,6454587,0,S,81700,700,
000042.SZ,000042,20251209,93913330,0,6457718,0,S,81600,100,
000042.SZ,000042,20251209,93914520,0,6465812,0,S,81700,200,
000042.SZ,000042,20251209,93915290,0,6469975,0,S,81600,100,
000042.SZ,000042,20251209,93916150,0,6475530,0,S,88800,14000,
000042.SZ,000042,20251209,93916270,0,6476579,0,S,81600,100,
000042.SZ,000042,20251209,93916670,0,6479258,0,S,81700,2300,
000042.SZ,000042,20251209,93916680,0,6479306,0,S,81600,15000,
000042.SZ,000042,20251209,93916680,0,6479334,0,S,81600,6600,
000042.SZ,000042,20251209,93916680,0,6479341,0,S,81600,5200,
000042.SZ,000042,20251209,93916680,0,6479348,0,S,81600,6600,
000042.SZ,000042,20251209,93917060,0,6481390,0,B,81500,700,
000042.SZ,000042,20251209,93917130,0,6481890,0,B,81500,600,
000042.SZ,000042,20251209,93918010,0,6486708,0,B,81600,600,
000042.SZ,000042,20251209,93918970,0,6493211,0,B,81600,600,
000042.SZ,000042,20251209,93919790,0,6498570,0,B,81800,100,
000042.SZ,000042,20251209,93920070,0,6500275,0,S,81600,10000,
000042.SZ,000042,20251209,93925060,0,6528544,0,B,81600,400,
000042.SZ,000042,20251209,93925070,0,6528643,0,B,81600,600,
000042.SZ,000042,20251209,93925700,0,6532728,0,B,81000,800,
000042.SZ,000042,20251209,93927160,0,6540243,0,B,81500,1000,
000042.SZ,000042,20251209,93928840,0,6550581,0,S,81500,1100,
000042.SZ,000042,20251209,93930140,0,6556588,0,B,81600,600,
000042.SZ,000042,20251209,93930920,0,6561229,0,S,81700,200,
000042.SZ,000042,20251209,93931050,0,6562065,0,B,81600,700,
000042.SZ,000042,20251209,93933040,0,6574428,0,B,81100,500,
000042.SZ,000042,20251209,93933140,0,6574994,0,B,81300,200,
000042.SZ,000042,20251209,93933200,0,6575361,0,B,81600,500,
000042.SZ,000042,20251209,93943140,0,6639066,0,B,81600,1000,
000042.SZ,000042,20251209,93943230,0,6639496,0,S,81500,1300,
000042.SZ,000042,20251209,93944490,0,6646419,0,B,81600,300,
000042.SZ,000042,20251209,93946520,0,6657726,0,S,81600,10000,
000042.SZ,000042,20251209,93946830,0,6659798,0,B,81600,3000,
000042.SZ,000042,20251209,93952590,0,6696930,0,B,81400,9700,
000042.SZ,000042,20251209,93952880,0,6698582,0,S,81800,100,
000042.SZ,000042,20251209,93953110,0,6699904,0,B,80700,900,
000042.SZ,000042,20251209,93953640,0,6702805,0,S,81600,1800,
000042.SZ,000042,20251209,93953800,0,6703755,0,B,81200,1000,
000042.SZ,000042,20251209,93957150,0,6723465,0,B,81500,2100,
000042.SZ,000042,20251209,93958910,0,6735383,0,S,81500,6100,
000042.SZ,000042,20251209,94000080,0,6742094,0,S,81600,100,
000042.SZ,000042,20251209,94000080,0,6742096,0,S,81600,100,
000042.SZ,000042,20251209,94000080,0,6742109,0,S,81600,100,
000042.SZ,000042,20251209,94001460,0,6753512,0,S,81600,200,
000042.SZ,000042,20251209,94002220,0,6758972,0,S,81600,100,
000042.SZ,000042,20251209,94004730,0,6776282,0,S,81600,700,
000042.SZ,000042,20251209,94005570,0,6783360,0,S,81500,300,
000042.SZ,000042,20251209,94006450,0,6790070,0,S,81600,300,
000042.SZ,000042,20251209,94006480,0,6790254,0,S,85900,2000,
000042.SZ,000042,20251209,94007520,0,6798373,0,B,80900,4800,
000042.SZ,000042,20251209,94007830,0,6800414,0,S,89000,3000,
000042.SZ,000042,20251209,94007830,0,6800429,0,B,81600,2200,
000042.SZ,000042,20251209,94011110,0,6821879,0,S,81600,1000,
000042.SZ,000042,20251209,94013960,0,6838147,0,B,81300,1500,
000042.SZ,000042,20251209,94017230,0,6866068,0,B,81400,300,
000042.SZ,000042,20251209,94017240,0,6866134,0,B,81500,100,
000042.SZ,000042,20251209,94017270,0,6866380,0,S,81500,2500,
000042.SZ,000042,20251209,94018300,0,6873002,0,B,81500,500,
000042.SZ,000042,20251209,94018570,0,6874816,0,B,81000,1000,
000042.SZ,000042,20251209,94025300,0,6916618,0,B,81500,500,
000042.SZ,000042,20251209,94027120,0,6926057,0,B,81500,2000,
000042.SZ,000042,20251209,94027250,0,6926912,0,S,81600,4200,
000042.SZ,000042,20251209,94027270,0,6927069,0,S,81600,100,
000042.SZ,000042,20251209,94027280,0,6927185,0,S,81600,100,
000042.SZ,000042,20251209,94027290,0,6927224,0,S,81600,500,
000042.SZ,000042,20251209,94027290,0,6927263,0,S,81600,300,
000042.SZ,000042,20251209,94027310,0,6927367,0,S,81600,400,
000042.SZ,000042,20251209,94027320,0,6927742,0,S,81600,300,
000042.SZ,000042,20251209,94027340,0,6928104,0,S,81600,200,
000042.SZ,000042,20251209,94027340,0,6928105,0,S,81600,300,
000042.SZ,000042,20251209,94027350,0,6928215,0,S,81600,300,
000042.SZ,000042,20251209,94027350,0,6928252,0,S,81600,400,
000042.SZ,000042,20251209,94027360,0,6928307,0,S,81600,500,
000042.SZ,000042,20251209,94027600,0,6930037,0,S,81600,400,
000042.SZ,000042,20251209,94031760,0,6956970,0,S,81500,500,
000042.SZ,000042,20251209,94032120,0,6959348,0,B,81000,1000,
000042.SZ,000042,20251209,94038080,0,6996055,0,B,81300,1000,
000042.SZ,000042,20251209,94042470,0,7020531,0,B,82100,2100,
000042.SZ,000042,20251209,94045180,0,7035152,0,S,81500,3300,
000042.SZ,000042,20251209,94045380,0,7036357,0,B,81500,800,
000042.SZ,000042,20251209,94046720,0,7044078,0,B,81500,1000,
000042.SZ,000042,20251209,94047380,0,7047685,0,B,81500,500,
000042.SZ,000042,20251209,94048820,0,7055841,0,B,81200,300,
000042.SZ,000042,20251209,94049510,0,7060870,0,B,81400,5000,
000042.SZ,000042,20251209,94051160,0,7070560,0,S,90200,1500,
000042.SZ,000042,20251209,94055760,0,7100510,0,B,81000,5100,
000042.SZ,000042,20251209,94056490,0,7104287,0,B,81500,1000,
000042.SZ,000042,20251209,94057520,0,7109489,0,B,81600,2100,
000042.SZ,000042,20251209,94058610,0,7117310,0,B,80900,1800,
000042.SZ,000042,20251209,94059730,0,7123573,0,B,81000,1000,
000042.SZ,000042,20251209,94100020,0,7125098,0,S,81500,300,
000042.SZ,000042,20251209,94100050,0,7125387,0,S,81600,100,
000042.SZ,000042,20251209,94100060,0,7125452,0,S,81600,300,
000042.SZ,000042,20251209,94100070,0,7125548,0,S,81500,100,
000042.SZ,000042,20251209,94102530,0,7143083,0,B,81500,300,
000042.SZ,000042,20251209,94102560,0,7143358,0,B,81500,1100,
000042.SZ,000042,20251209,94103050,0,7146279,0,B,81000,5000,
000042.SZ,000042,20251209,94105550,0,7160876,0,S,81500,800,
000042.SZ,000042,20251209,94105600,0,7161244,0,S,81200,2200,
000042.SZ,000042,20251209,94106270,0,7165080,0,B,81500,1000,
000042.SZ,000042,20251209,94109530,0,7182981,0,B,80300,100,
000042.SZ,000042,20251209,94110350,0,7188050,0,S,81600,100,
000042.SZ,000042,20251209,94110520,0,7188997,0,B,81500,3000,
000042.SZ,000042,20251209,94112700,0,7200923,0,B,81500,500,
000042.SZ,000042,20251209,94118420,0,7232213,0,B,81500,1000,
000042.SZ,000042,20251209,94118480,0,7232741,0,B,81500,1300,
000042.SZ,000042,20251209,94119580,0,7239339,0,B,81500,600,
000042.SZ,000042,20251209,94119630,0,7239523,0,B,80700,300,
000042.SZ,000042,20251209,94127160,0,7279366,0,B,82100,2200,
000042.SZ,000042,20251209,94127230,0,7279761,0,B,81600,100,
000042.SZ,000042,20251209,94127240,0,7279776,0,B,81600,100,
000042.SZ,000042,20251209,94127660,0,7282301,0,B,81000,1800,
000042.SZ,000042,20251209,94128480,0,7287525,0,B,81600,2000,
000042.SZ,000042,20251209,94129360,0,7292343,0,B,81500,200,
000042.SZ,000042,20251209,94130720,0,7300193,0,B,81100,400,
000042.SZ,000042,20251209,94131330,0,7303453,0,B,81200,700,
000042.SZ,000042,20251209,94136180,0,7330570,0,B,81500,1200,
000042.SZ,000042,20251209,94138150,0,7341065,0,B,81500,3000,
000042.SZ,000042,20251209,94145180,0,7380210,0,B,80200,10000,
000042.SZ,000042,20251209,94149230,0,7404530,0,B,81600,2000,
000042.SZ,000042,20251209,94150000,0,7409854,0,B,81600,100,
000042.SZ,000042,20251209,94150090,0,7410502,0,S,81600,100,
000042.SZ,000042,20251209,94150090,0,7410515,0,S,81600,500,
000042.SZ,000042,20251209,94150130,0,7410736,0,S,81600,100,
000042.SZ,000042,20251209,94150150,0,7411146,0,S,81600,100,
000042.SZ,000042,20251209,94151230,0,7416677,0,S,81600,400,
000042.SZ,000042,20251209,94151240,0,7416802,0,S,81600,300,
000042.SZ,000042,20251209,94151270,0,7416981,0,S,81600,300,
000042.SZ,000042,20251209,94151270,0,7416984,0,S,81600,200,
000042.SZ,000042,20251209,94151270,0,7417029,0,S,81600,100,
000042.SZ,000042,20251209,94151280,0,7417058,0,S,81600,100,
000042.SZ,000042,20251209,94151320,0,7417383,0,S,81600,500,
000042.SZ,000042,20251209,94154020,0,7432696,0,S,81500,5000,
000042.SZ,000042,20251209,94154020,0,7432714,0,S,81600,100,
000042.SZ,000042,20251209,94154020,0,7432718,0,S,81600,100,
000042.SZ,000042,20251209,94156610,0,7447149,0,B,81600,15000,
000042.SZ,000042,20251209,94156610,0,7447200,0,S,81600,1400,
000042.SZ,000042,20251209,94156610,0,7447202,0,S,81600,200,
000042.SZ,000042,20251209,94156610,0,7447203,0,S,81600,100,
000042.SZ,000042,20251209,94156610,0,7447204,0,S,81600,100,
000042.SZ,000042,20251209,94156610,0,7447206,0,S,81600,1400,
000042.SZ,000042,20251209,94156610,0,7447207,0,S,81600,1400,
000042.SZ,000042,20251209,94156610,0,7447213,0,S,81600,1200,
000042.SZ,000042,20251209,94156630,0,7447283,0,B,81500,300,
000042.SZ,000042,20251209,94156650,0,7447368,0,B,81500,1100,
000042.SZ,000042,20251209,94156730,0,7447702,0,S,81600,100,
000042.SZ,000042,20251209,94157320,0,7450497,0,B,81000,500,
000042.SZ,000042,20251209,94157730,0,7452717,0,B,81600,2100,
000042.SZ,000042,20251209,94157970,0,7453858,0,B,81600,500,
000042.SZ,000042,20251209,94200050,0,7466023,0,S,81600,100,
000042.SZ,000042,20251209,94200060,0,7466075,0,S,81600,100,
000042.SZ,000042,20251209,94200060,0,7466116,0,S,81600,100,
000042.SZ,000042,20251209,94200060,0,7466127,0,S,81600,100,
000042.SZ,000042,20251209,94200200,0,7467123,0,S,81600,100,
000042.SZ,000042,20251209,94201240,0,7473357,0,S,81600,1600,
000042.SZ,000042,20251209,94203330,0,7485851,0,S,81500,5000,
000042.SZ,000042,20251209,94207210,0,7512212,0,S,81600,2200,
000042.SZ,000042,20251209,94207210,0,7512213,0,S,81600,300,
000042.SZ,000042,20251209,94207240,0,7512619,0,S,81600,200,
000042.SZ,000042,20251209,94208720,0,7521498,0,B,81500,2400,
000042.SZ,000042,20251209,94209220,0,7523884,0,S,81600,100,
000042.SZ,000042,20251209,94209220,0,7523887,0,S,81600,200,
000042.SZ,000042,20251209,94210130,0,7529674,0,B,81500,5000,
000042.SZ,000042,20251209,94212150,0,7540519,0,S,81600,100,
000042.SZ,000042,20251209,94221870,0,7593502,0,S,81600,100,
000042.SZ,000042,20251209,94221870,0,7593530,0,S,81600,100,
000042.SZ,000042,20251209,94224150,0,7605773,0,S,81600,100,
000042.SZ,000042,20251209,94225590,0,7613493,0,B,81200,300,
000042.SZ,000042,20251209,94227580,0,7623601,0,B,82100,2100,
000042.SZ,000042,20251209,94227590,0,7623625,0,B,81600,100,
000042.SZ,000042,20251209,94228150,0,7626678,0,B,81500,1000,
000042.SZ,000042,20251209,94228840,0,7630305,0,B,80500,300,
000042.SZ,000042,20251209,94229360,0,7632848,0,S,81800,15000,
000042.SZ,000042,20251209,94232680,0,7649283,0,S,81500,200,
000042.SZ,000042,20251209,94235280,0,7665189,0,S,81600,400,
000042.SZ,000042,20251209,94237410,0,7676569,0,B,81000,1000,
000042.SZ,000042,20251209,94244650,0,7716294,0,B,81500,100,
000042.SZ,000042,20251209,94246460,0,7729038,0,S,81600,100,
000042.SZ,000042,20251209,94246470,0,7729076,0,S,81600,100,
000042.SZ,000042,20251209,94246470,0,7729080,0,S,81600,200,
000042.SZ,000042,20251209,94246470,0,7729082,0,S,81600,200,
000042.SZ,000042,20251209,94248270,0,7739392,0,S,81600,100,
000042.SZ,000042,20251209,94250460,0,7753068,0,B,81600,2000,
000042.SZ,000042,20251209,94251840,0,7760561,0,B,81500,400,
000042.SZ,000042,20251209,94255050,0,7777241,0,S,81600,1600,
000042.SZ,000042,20251209,94255840,0,7781249,0,B,81600,2000,
000042.SZ,000042,20251209,94255870,0,7781438,0,B,81600,2000,
000042.SZ,000042,20251209,94257460,0,7788042,0,B,81500,1000,
000042.SZ,000042,20251209,94300060,0,7800720,0,S,81600,100,
000042.SZ,000042,20251209,94300060,0,7800722,0,S,81600,200,
000042.SZ,000042,20251209,94300110,0,7800930,0,S,81600,100,
000042.SZ,000042,20251209,94300240,0,7801521,0,S,81600,200,
000042.SZ,000042,20251209,94300530,0,7803212,0,S,81600,100,
000042.SZ,000042,20251209,94300540,0,7803279,0,S,81600,100,
000042.SZ,000042,20251209,94302560,0,7815702,0,B,80000,5000,
000042.SZ,000042,20251209,94303350,0,7819851,0,S,81600,300,
000042.SZ,000042,20251209,94306390,0,7836761,0,B,81800,1300,
000042.SZ,000042,20251209,94306450,0,7837106,0,S,81700,100,
000042.SZ,000042,20251209,94306460,0,7837216,0,S,81700,200,
000042.SZ,000042,20251209,94306580,0,7837910,0,B,81600,100,
000042.SZ,000042,20251209,94306580,0,7837927,0,S,81600,100,
000042.SZ,000042,20251209,94306580,0,7837929,0,S,81600,100,
000042.SZ,000042,20251209,94306580,0,7837935,0,S,81600,100,
000042.SZ,000042,20251209,94306630,0,7838272,0,B,81600,1000,
000042.SZ,000042,20251209,94307380,0,7842871,0,S,81700,200,
000042.SZ,000042,20251209,94307380,0,7842895,0,S,81700,400,
000042.SZ,000042,20251209,94308720,0,7850426,0,B,81500,1400,
000042.SZ,000042,20251209,94308900,0,7851267,0,B,80100,2000,
000042.SZ,000042,20251209,94309190,0,7852741,0,S,81600,200,
000042.SZ,000042,20251209,94310080,0,7858028,0,B,81600,100,
000042.SZ,000042,20251209,94311030,0,7863191,0,B,81800,2100,
000042.SZ,000042,20251209,94311760,0,7866829,0,B,81400,600,
000042.SZ,000042,20251209,94312150,0,7868685,0,B,81600,300,
000042.SZ,000042,20251209,94314120,0,7880898,0,B,81600,800,
000042.SZ,000042,20251209,94314440,0,7882688,0,S,81700,200,
000042.SZ,000042,20251209,94314440,0,7882689,0,S,81700,900,
000042.SZ,000042,20251209,94314440,0,7882697,0,S,81700,200,
000042.SZ,000042,20251209,94314440,0,7882698,0,S,81700,400,
000042.SZ,000042,20251209,94314450,0,7882747,0,S,81700,200,
000042.SZ,000042,20251209,94320400,0,7913583,0,B,81500,400,
000042.SZ,000042,20251209,94320440,0,7913757,0,B,81700,200,
000042.SZ,000042,20251209,94321120,0,7916753,0,B,81600,600,
000042.SZ,000042,20251209,94321400,0,7918143,0,B,81600,700,
000042.SZ,000042,20251209,94321510,0,7918710,0,S,81600,1000,
000042.SZ,000042,20251209,94324740,0,7933964,0,B,81700,2100,
000042.SZ,000042,20251209,94325070,0,7935475,0,B,81500,2000,
000042.SZ,000042,20251209,94325540,0,7937907,0,B,81300,5400,
000042.SZ,000042,20251209,94332940,0,7973556,0,B,81200,100,
000042.SZ,000042,20251209,94334780,0,7982932,0,B,81600,1000,
000042.SZ,000042,20251209,94335780,0,7986968,0,B,81600,13700,
000042.SZ,000042,20251209,94336000,0,7987789,0,B,81700,300,
000042.SZ,000042,20251209,94337100,0,7993526,0,B,81500,1000,
000042.SZ,000042,20251209,94339620,0,8004899,0,S,82300,1000,
000042.SZ,000042,20251209,94340010,0,8006470,0,S,89900,1000,
000042.SZ,000042,20251209,94341670,0,8014544,0,S,81700,1500,
000042.SZ,000042,20251209,94342600,0,8018524,0,S,82000,20000,
000042.SZ,000042,20251209,94342950,0,8020184,0,B,81500,500,
000042.SZ,000042,20251209,94346120,0,8037533,0,B,81600,900,
000042.SZ,000042,20251209,94346660,0,8040049,0,B,81500,1400,
000042.SZ,000042,20251209,94348630,0,8048493,0,B,80000,1000,
000042.SZ,000042,20251209,94350850,0,8059607,0,B,81600,2500,
000042.SZ,000042,20251209,94354440,0,8076491,0,B,81600,2300,
000042.SZ,000042,20251209,94354600,0,8077353,0,S,81700,100,
000042.SZ,000042,20251209,94357590,0,8092884,0,B,82200,2400,
000042.SZ,000042,20251209,94358570,0,8098787,0,B,81500,1000,
000042.SZ,000042,20251209,94358580,0,8098824,0,S,81700,200,
000042.SZ,000042,20251209,94358580,0,8098825,0,S,81700,100,
000042.SZ,000042,20251209,94400060,0,8106150,0,S,81700,100,
000042.SZ,000042,20251209,94400240,0,8107020,0,S,81700,200,
000042.SZ,000042,20251209,94403180,0,8127648,0,S,81700,900,
000042.SZ,000042,20251209,94404200,0,8134831,0,S,81700,1000,
000042.SZ,000042,20251209,94404210,0,8134970,0,S,81700,700,
000042.SZ,000042,20251209,94404250,0,8135268,0,S,81700,100,
000042.SZ,000042,20251209,94406950,0,8149795,0,B,81600,400,
000042.SZ,000042,20251209,94408990,0,8160301,0,B,81500,3200,
