万得代码,交易所代码,自然日,时间,成交编号,成交代码,委托代码,BS标志,成交价格,成交数量,叫卖序号,叫买序号,
000042.SZ,000042,20251209,91504560,260719,C,0, ,0,2000,244416,0,
000042.SZ,000042,20251209,92500000,553670,0,0,B,82700,200,477649,551595,
000042.SZ,000042,20251209,92500000,553671,0,0,B,82700,100,372437,551595,
000042.SZ,000042,20251209,92500000,553672,0,0,B,82700,2400,547570,551595,
000042.SZ,000042,20251209,92500000,553673,0,0,B,82700,100,543616,551595,
000042.SZ,000042,20251209,92500000,553674,0,0,B,82700,100,545591,551595,
000042.SZ,000042,20251209,92500000,553675,0,0,B,82700,1100,545753,551595,
000042.SZ,000042,20251209,92500000,553676,0,0,B,82700,300,528797,551595,
000042.SZ,000042,20251209,92500000,553677,0,0,B,82700,4200,390896,551595,
000042.SZ,000042,20251209,92500000,553678,0,0,B,82700,100,75859,551595,
000042.SZ,000042,20251209,92500000,553679,0,0,B,82700,200,229742,551595,
000042.SZ,000042,20251209,92500000,553680,0,0,B,82700,1000,409891,551595,
000042.SZ,000042,20251209,92500000,553681,0,0,B,82700,1700,157776,551595,
000042.SZ,000042,20251209,92500000,553682,0,0,B,82700,100,157776,450714,
000042.SZ,000042,20251209,92500000,553683,0,0,B,82700,300,157776,451780,
000042.SZ,000042,20251209,92500000,553684,0,0,B,82700,100,157776,374361,
000042.SZ,000042,20251209,92500000,553685,0,0,B,82700,300,157776,501339,
000042.SZ,000042,20251209,92500000,553686,0,0,B,82700,2500,157776,508852,
000042.SZ,000042,20251209,92500000,553687,0,0,S,82700,1000,543838,508852,
000042.SZ,000042,20251209,92500000,553688,0,0,S,82700,3500,550623,508852,
000042.SZ,000042,20251209,92500000,553689,0,0,S,82700,800,550623,520490,
000042.SZ,000042,20251209,92500000,553690,0,0,B,82700,6000,179039,520490,
000042.SZ,000042,20251209,92500000,553691,0,0,S,82700,600,522234,520490,
000042.SZ,000042,20251209,92500000,553692,0,0,B,82700,5000,94356,520490,
000042.SZ,000042,20251209,92500000,553693,0,0,B,82700,1600,179762,520490,
000042.SZ,000042,20251209,93000000,641936,0,0,S,82600,100,641935,467549,
000042.SZ,000042,20251209,93000000,642139,0,0,S,82600,100,642138,467549,
000042.SZ,000042,20251209,93000000,642448,0,0,S,82600,100,642447,467549,
000042.SZ,000042,20251209,93000040,644786,0,0,S,82600,100,644785,467549,
000042.SZ,000042,20251209,93000040,645281,0,0,S,82600,200,645280,467549,
000042.SZ,000042,20251209,93000040,646838,0,0,S,82600,200,646837,467549,
000042.SZ,000042,20251209,93000050,647437,0,0,S,82600,100,647436,467549,
000042.SZ,000042,20251209,93000050,648459,0,0,S,82600,100,648458,467549,
000042.SZ,000042,20251209,93000050,648922,0,0,B,82700,300,179762,648921,
000042.SZ,000042,20251209,93000050,649252,0,0,B,82700,2700,179762,649251,
000042.SZ,000042,20251209,93000050,649506,0,0,S,82600,100,649505,467549,
000042.SZ,000042,20251209,93000050,650599,0,0,S,82600,100,650598,467549,
000042.SZ,000042,20251209,93000050,650647,0,0,S,82600,100,650646,467549,
000042.SZ,000042,20251209,93000050,650650,0,0,S,82600,100,650649,467549,
000042.SZ,000042,20251209,93000050,650676,0,0,S,82600,200,650675,467549,
000042.SZ,000042,20251209,93000050,651484,0,0,S,82600,100,651483,467549,
000042.SZ,000042,20251209,93000060,654686,0,0,S,82600,200,654685,467549,
000042.SZ,000042,20251209,93000060,655577,0,0,S,82600,200,655576,467549,
000042.SZ,000042,20251209,93000060,655918,0,0,S,82600,200,655917,467549,
000042.SZ,000042,20251209,93000060,656035,0,0,S,82600,200,656034,467549,
000042.SZ,000042,20251209,93000060,656348,C,0, ,0,10000,520735,0,
000042.SZ,000042,20251209,93000060,658501,0,0,S,82600,200,658500,467549,
000042.SZ,000042,20251209,93000060,660913,0,0,S,82600,200,660912,467549,
000042.SZ,000042,20251209,93000070,665982,0,0,S,82600,100,665981,467549,
000042.SZ,000042,20251209,93000090,674856,0,0,S,82600,2000,674855,467549,
000042.SZ,000042,20251209,93000120,692430,0,0,S,82600,2100,692429,467549,
000042.SZ,000042,20251209,93000170,722751,0,0,S,82600,200,722750,467549,
000042.SZ,000042,20251209,93000170,723045,0,0,S,82600,200,723044,467549,
000042.SZ,000042,20251209,93000170,723230,0,0,S,82600,200,723229,467549,
000042.SZ,000042,20251209,93000180,724455,0,0,S,82600,2300,724454,467549,
000042.SZ,000042,20251209,93000180,724456,0,0,S,82600,2000,724454,493925,
000042.SZ,000042,20251209,93000180,724457,0,0,S,82600,2200,724454,494477,
000042.SZ,000042,20251209,93000180,727412,0,0,S,82600,300,727411,494477,
000042.SZ,000042,20251209,93000190,728243,0,0,S,82600,100,728242,494477,
000042.SZ,000042,20251209,93000190,731170,0,0,S,82600,100,731169,494477,
000042.SZ,000042,20251209,93000190,731334,0,0,S,82600,400,731333,494477,
000042.SZ,000042,20251209,93000200,732594,C,0, ,0,5500,0,728267,
000042.SZ,000042,20251209,93000220,742704,0,0,S,82600,2200,742703,494477,
000042.SZ,000042,20251209,93000220,742705,0,0,S,82600,800,742703,524346,
000042.SZ,000042,20251209,93000230,745183,0,0,B,82700,100,179762,745182,
000042.SZ,000042,20251209,93000300,769199,0,0,S,82600,4200,769198,524346,
000042.SZ,000042,20251209,93000320,775547,0,0,B,82600,500,769198,775546,
000042.SZ,000042,20251209,93000510,811700,0,0,B,82400,400,781932,811699,
000042.SZ,000042,20251209,93000510,811701,0,0,B,82400,400,782566,811699,
000042.SZ,000042,20251209,93000510,811702,0,0,B,82500,100,781664,811699,
000042.SZ,000042,20251209,93000510,811703,0,0,B,82500,200,782596,811699,
000042.SZ,000042,20251209,93000510,811704,0,0,B,82600,7500,769198,811699,
000042.SZ,000042,20251209,93000530,813505,C,0, ,0,10000,0,725457,
000042.SZ,000042,20251209,93000810,858110,C,0, ,0,5000,0,459765,
000042.SZ,000042,20251209,93000810,858678,0,0,B,82600,7800,769198,858677,
000042.SZ,000042,20251209,93000810,858679,0,0,B,82600,100,781728,858677,
000042.SZ,000042,20251209,93000810,858680,0,0,B,82600,100,781785,858677,
000042.SZ,000042,20251209,93000810,858681,0,0,B,82600,700,781835,858677,
000042.SZ,000042,20251209,93000810,858682,0,0,B,82600,200,781839,858677,
000042.SZ,000042,20251209,93000810,858683,0,0,B,82600,200,781840,858677,
000042.SZ,000042,20251209,93000810,858684,0,0,B,82600,100,781842,858677,
000042.SZ,000042,20251209,93000810,858685,0,0,B,82600,100,781843,858677,
000042.SZ,000042,20251209,93000810,858686,0,0,B,82600,200,781844,858677,
000042.SZ,000042,20251209,93000810,858687,0,0,B,82600,200,781845,858677,
000042.SZ,000042,20251209,93000810,858688,0,0,B,82600,400,781847,858677,
000042.SZ,000042,20251209,93000810,858689,0,0,B,82600,100,781848,858677,
000042.SZ,000042,20251209,93000810,858690,0,0,B,82600,300,781857,858677,
000042.SZ,000042,20251209,93000810,858691,0,0,B,82600,300,781858,858677,
000042.SZ,000042,20251209,93000810,858692,0,0,B,82600,200,781859,858677,
000042.SZ,000042,20251209,93000810,858693,0,0,B,82600,200,781860,858677,
000042.SZ,000042,20251209,93000810,858694,0,0,B,82600,500,781873,858677,
000042.SZ,000042,20251209,93000810,858695,0,0,B,82600,200,781874,858677,
000042.SZ,000042,20251209,93000810,858696,0,0,B,82600,200,781875,858677,
000042.SZ,000042,20251209,93000810,858697,0,0,B,82600,400,781880,858677,
000042.SZ,000042,20251209,93000810,858698,0,0,B,82600,200,781891,858677,
000042.SZ,000042,20251209,93000810,858699,0,0,B,82600,200,781892,858677,
000042.SZ,000042,20251209,93000810,858700,0,0,B,82600,100,781893,858677,
000042.SZ,000042,20251209,93000810,858701,0,0,B,82600,100,781897,858677,
000042.SZ,000042,20251209,93000810,858702,0,0,B,82600,300,781914,858677,
000042.SZ,000042,20251209,93000810,858703,0,0,B,82600,200,781918,858677,
000042.SZ,000042,20251209,93000810,858704,0,0,B,82600,400,781924,858677,
000042.SZ,000042,20251209,93000810,858705,0,0,B,82600,200,781926,858677,
000042.SZ,000042,20251209,93000810,858706,0,0,B,82600,200,781930,858677,
000042.SZ,000042,20251209,93000810,858707,0,0,B,82600,300,781946,858677,
000042.SZ,000042,20251209,93000810,858708,0,0,B,82600,300,781947,858677,
000042.SZ,000042,20251209,93000810,858709,0,0,B,82600,200,781948,858677,
000042.SZ,000042,20251209,93000810,858710,0,0,B,82600,200,781949,858677,
000042.SZ,000042,20251209,93000810,858711,0,0,B,82600,300,781961,858677,
000042.SZ,000042,20251209,93000810,858712,0,0,B,82600,100,781963,858677,
000042.SZ,000042,20251209,93000810,858713,0,0,B,82600,300,781970,858677,
000042.SZ,000042,20251209,93000810,858714,0,0,B,82600,300,782022,858677,
000042.SZ,000042,20251209,93000810,858715,0,0,B,82600,100,782040,858677,
000042.SZ,000042,20251209,93000810,858716,0,0,B,82600,100,782042,858677,
000042.SZ,000042,20251209,93000810,858717,0,0,B,82600,500,782048,858677,
000042.SZ,000042,20251209,93000810,858718,0,0,B,82600,100,782056,858677,
000042.SZ,000042,20251209,93000810,858719,0,0,B,82600,100,782062,858677,
000042.SZ,000042,20251209,93000810,858720,0,0,B,82600,200,782085,858677,
000042.SZ,000042,20251209,93000810,858721,0,0,B,82600,100,782088,858677,
000042.SZ,000042,20251209,93000810,858722,0,0,B,82600,100,782094,858677,
000042.SZ,000042,20251209,93000810,858723,0,0,B,82600,200,782098,858677,
000042.SZ,000042,20251209,93000810,858724,0,0,B,82600,700,782099,858677,
000042.SZ,000042,20251209,93000810,858725,0,0,B,82600,100,782135,858677,
000042.SZ,000042,20251209,93000810,858726,0,0,B,82600,100,782137,858677,
000042.SZ,000042,20251209,93000810,858727,0,0,B,82600,200,782148,858677,
000042.SZ,000042,20251209,93000810,858728,0,0,B,82600,100,782176,858677,
000042.SZ,000042,20251209,93000810,858729,0,0,B,82600,100,782177,858677,
000042.SZ,000042,20251209,93000810,858730,0,0,B,82600,100,782182,858677,
000042.SZ,000042,20251209,93000810,858731,0,0,B,82600,100,782191,858677,
000042.SZ,000042,20251209,93000810,858732,0,0,B,82600,200,782250,858677,
000042.SZ,000042,20251209,93000810,858733,0,0,B,82600,200,782394,858677,
000042.SZ,000042,20251209,93000810,858734,0,0,B,82600,100,782450,858677,
000042.SZ,000042,20251209,93000810,858735,0,0,B,82600,100,782453,858677,
000042.SZ,000042,20251209,93001110,901603,0,0,B,82600,100,782453,901602,
000042.SZ,000042,20251209,93001110,901604,0,0,B,82600,300,782512,901602,
000042.SZ,000042,20251209,93001120,903363,0,0,B,82600,200,782513,903362,
000042.SZ,000042,20251209,93001490,935925,0,0,B,82600,100,782513,935924,
000042.SZ,000042,20251209,93001490,935926,0,0,B,82600,300,782514,935924,
000042.SZ,000042,20251209,93001490,935927,0,0,B,82600,300,782532,935924,
000042.SZ,000042,20251209,93001490,935928,0,0,B,82600,300,782533,935924,
000042.SZ,000042,20251209,93001490,935929,0,0,B,82600,300,782534,935924,
000042.SZ,000042,20251209,93001490,935930,0,0,B,82600,100,782794,935924,
000042.SZ,000042,20251209,93001490,935931,0,0,B,82600,100,783263,935924,
000042.SZ,000042,20251209,93001490,935932,0,0,B,82600,500,783995,935924,
000042.SZ,000042,20251209,93001490,935933,0,0,B,82600,200,784073,935924,
000042.SZ,000042,20251209,93001490,935934,0,0,B,82600,300,784080,935924,
000042.SZ,000042,20251209,93001490,935935,0,0,B,82600,300,784081,935924,
000042.SZ,000042,20251209,93001490,935936,0,0,B,82600,300,784084,935924,
000042.SZ,000042,20251209,93001490,935937,0,0,B,82600,200,784085,935924,
000042.SZ,000042,20251209,93001490,935938,0,0,B,82600,400,784086,935924,
000042.SZ,000042,20251209,93001490,935939,0,0,B,82600,900,784087,935924,
000042.SZ,000042,20251209,93001490,935940,0,0,B,82600,100,784088,935924,
000042.SZ,000042,20251209,93001490,935941,0,0,B,82600,400,784100,935924,
000042.SZ,000042,20251209,93001490,935942,0,0,B,82600,300,784129,935924,
000042.SZ,000042,20251209,93001490,935943,0,0,B,82600,4600,784153,935924,
000042.SZ,000042,20251209,93001570,941994,0,0,B,82600,3600,784153,941993,
000042.SZ,000042,20251209,93001570,941995,0,0,B,82600,200,784188,941993,
000042.SZ,000042,20251209,93001570,941996,0,0,B,82600,300,784218,941993,
000042.SZ,000042,20251209,93001570,941997,0,0,B,82600,400,784219,941993,
000042.SZ,000042,20251209,93001570,941998,0,0,B,82600,200,784277,941993,
000042.SZ,000042,20251209,93001570,941999,0,0,B,82600,200,784332,941993,
000042.SZ,000042,20251209,93001570,942000,0,0,B,82600,100,800023,941993,
000042.SZ,000042,20251209,93001650,950336,C,0, ,0,10000,786998,0,
000042.SZ,000042,20251209,93002060,988222,0,0,B,82500,100,971165,988221,
000042.SZ,000042,20251209,93002690,1026816,0,0,B,82600,200,800023,1026815,
000042.SZ,000042,20251209,93003080,1050845,C,0, ,0,15200,979986,0,
000042.SZ,000042,20251209,93003090,1051148,C,0, ,0,1500,970546,0,
000042.SZ,000042,20251209,93003090,1051197,C,0, ,0,1500,971714,0,
000042.SZ,000042,20251209,93003090,1051212,C,0, ,0,1500,970334,0,
000042.SZ,000042,20251209,93003090,1051216,C,0, ,0,1500,971875,0,
000042.SZ,000042,20251209,93003090,1051233,C,0, ,0,1500,971410,0,
000042.SZ,000042,20251209,93003090,1051508,C,0, ,0,1800,972271,0,
000042.SZ,000042,20251209,93003150,1054965,0,0,S,82500,100,1054964,1016057,
000042.SZ,000042,20251209,93003150,1054987,C,0, ,0,200,970428,0,
000042.SZ,000042,20251209,93003150,1055315,C,0, ,0,1500,819248,0,
000042.SZ,000042,20251209,93003550,1073425,0,0,B,82300,200,1055026,1073424,
000042.SZ,000042,20251209,93003550,1073426,0,0,B,82300,100,1055037,1073424,
000042.SZ,000042,20251209,93003550,1073427,0,0,B,82300,200,1055096,1073424,
000042.SZ,000042,20251209,93003550,1073428,0,0,B,82400,100,1055035,1073424,
000042.SZ,000042,20251209,93003800,1087303,0,0,B,82500,100,1055272,1087302,
000042.SZ,000042,20251209,93003800,1087304,0,0,B,82500,100,1057029,1087302,
000042.SZ,000042,20251209,93003800,1087305,0,0,B,82500,200,1060343,1087302,
000042.SZ,000042,20251209,93003800,1087306,0,0,B,82500,100,1060773,1087302,
000042.SZ,000042,20251209,93003800,1087307,0,0,B,82500,300,1065254,1087302,
000042.SZ,000042,20251209,93004230,1108221,C,0, ,0,8100,1053891,0,
000042.SZ,000042,20251209,93004720,1127621,C,0, ,0,100,846626,0,
000042.SZ,000042,20251209,93004780,1129977,C,0, ,0,16000,936938,0,
000042.SZ,000042,20251209,93005580,1155800,0,0,B,82400,1700,1147436,1155799,
000042.SZ,000042,20251209,93005920,1164986,0,0,B,82400,1100,1147436,1164985,
000042.SZ,000042,20251209,93005980,1166664,0,0,B,82400,200,1147436,1166663,
000042.SZ,000042,20251209,93006180,1173602,C,0, ,0,900,800740,0,
000042.SZ,000042,20251209,93006240,1175392,0,0,B,82400,400,1147436,1175391,
000042.SZ,000042,20251209,93006320,1178196,C,0, ,0,2300,972305,0,
000042.SZ,000042,20251209,93006320,1178302,C,0, ,0,300,1147436,0,
000042.SZ,000042,20251209,93006600,1186522,0,0,S,82300,300,1186521,1173496,
000042.SZ,000042,20251209,93006760,1191064,C,0, ,0,200,918843,0,
000042.SZ,000042,20251209,93007200,1203123,C,0, ,0,100,1144964,0,
000042.SZ,000042,20251209,93007540,1211520,C,0, ,0,200,446523,0,
000042.SZ,000042,20251209,93007570,1212133,0,0,S,82200,800,1212132,38574,
000042.SZ,000042,20251209,93007570,1212134,0,0,S,82200,100,1212132,901230,
000042.SZ,000042,20251209,93007570,1212135,0,0,S,82200,400,1212132,1153937,
000042.SZ,000042,20251209,93007570,1212136,0,0,S,82200,1600,1212132,1162181,
000042.SZ,000042,20251209,93007570,1212146,0,0,S,82200,200,1212145,1162181,
000042.SZ,000042,20251209,93007840,1218451,0,0,B,82300,600,1186521,1218450,
000042.SZ,000042,20251209,93007840,1218452,0,0,B,82400,100,1191520,1218450,
000042.SZ,000042,20251209,93007860,1218880,0,0,B,82400,100,1212725,1218879,
000042.SZ,000042,20251209,93007860,1218881,0,0,B,82400,100,1217105,1218879,
000042.SZ,000042,20251209,93007860,1218882,0,0,B,82400,100,1217354,1218879,
000042.SZ,000042,20251209,93007980,1221421,0,0,S,82400,300,1221420,1218879,
000042.SZ,000042,20251209,93007980,1221422,0,0,S,82200,1000,1221420,1200519,
000042.SZ,000042,20251209,93008090,1224488,C,0, ,0,500,1051094,0,
000042.SZ,000042,20251209,93008090,1224495,C,0, ,0,1000,1051139,0,
000042.SZ,000042,20251209,93008090,1224496,C,0, ,0,700,1051208,0,
000042.SZ,000042,20251209,93008090,1224532,C,0, ,0,1000,1051238,0,
000042.SZ,000042,20251209,93008100,1224717,0,0,S,82200,2400,1224716,1200519,
000042.SZ,000042,20251209,93008870,1235520,0,0,B,82500,100,1065254,1235519,
000042.SZ,000042,20251209,93008880,1235613,0,0,B,82500,300,1065254,1235612,
000042.SZ,000042,20251209,93009030,1238526,0,0,B,82500,100,1065254,1238525,
000042.SZ,000042,20251209,93009190,1240871,C,0, ,0,200,970442,0,
000042.SZ,000042,20251209,93009190,1240872,C,0, ,0,200,970457,0,
000042.SZ,000042,20251209,93009190,1240881,C,0, ,0,300,970528,0,
000042.SZ,000042,20251209,93009190,1240882,C,0, ,0,700,970547,0,
000042.SZ,000042,20251209,93009190,1240990,C,0, ,0,2900,1050927,0,
000042.SZ,000042,20251209,93009200,1241040,C,0, ,0,3900,972609,0,
000042.SZ,000042,20251209,93009210,1241179,0,0,B,82500,400,1065254,1241178,
000042.SZ,000042,20251209,93009210,1241180,0,0,B,82500,100,1067256,1241178,
000042.SZ,000042,20251209,93009210,1241181,0,0,B,82500,200,1067288,1241178,
000042.SZ,000042,20251209,93014000,1318657,C,0, ,0,1000,376396,0,
000042.SZ,000042,20251209,93014360,1322822,C,0, ,0,3700,1130411,0,
000042.SZ,000042,20251209,93015800,1346892,0,0,S,82300,600,1346891,1317817,
000042.SZ,000042,20251209,93016820,1364918,C,0, ,0,500,1033608,0,
000042.SZ,000042,20251209,93017250,1370098,0,0,B,82400,600,1344418,1370097,
000042.SZ,000042,20251209,93017250,1370099,0,0,B,82400,1000,1345479,1370097,
000042.SZ,000042,20251209,93018170,1379883,0,0,S,82300,1100,1379882,1317817,
000042.SZ,000042,20251209,93018170,1379884,0,0,S,82300,500,1379882,1324373,
000042.SZ,000042,20251209,93018170,1379885,0,0,S,82300,100,1379882,1367774,
000042.SZ,000042,20251209,93018240,1381355,0,0,B,82400,100,1345479,1381354,
000042.SZ,000042,20251209,93018620,1388608,C,0, ,0,200,1007033,0,
000042.SZ,000042,20251209,93020510,1416517,0,0,S,82300,200,1416516,1398086,
000042.SZ,000042,20251209,93021190,1423736,0,0,S,82300,500,1423735,1398086,
000042.SZ,000042,20251209,93021190,1423742,0,0,S,82300,300,1423741,1398086,
000042.SZ,000042,20251209,93021190,1423743,0,0,S,82300,200,1423741,1422338,
000042.SZ,000042,20251209,93021190,1423745,0,0,S,82300,100,1423744,1422338,
000042.SZ,000042,20251209,93021190,1423747,0,0,S,82300,100,1423746,1422338,
000042.SZ,000042,20251209,93021240,1425228,C,0, ,0,600,671164,0,
000042.SZ,000042,20251209,93024150,1467345,0,0,S,82300,300,1467344,1422338,
000042.SZ,000042,20251209,93024150,1467346,0,0,S,82200,100,1467344,1200519,
000042.SZ,000042,20251209,93024150,1467349,0,0,S,82200,100,1467348,1200519,
000042.SZ,000042,20251209,93024150,1467353,0,0,S,82200,200,1467352,1200519,
000042.SZ,000042,20251209,93024150,1467355,0,0,S,82200,200,1467354,1200519,
000042.SZ,000042,20251209,93024150,1467356,0,0,S,82200,200,1467354,1241035,
000042.SZ,000042,20251209,93024150,1467737,C,0, ,0,100,0,1241035,
000042.SZ,000042,20251209,93024870,1481073,0,0,S,82300,800,1481072,1475892,
000042.SZ,000042,20251209,93027120,1508748,C,0, ,0,7800,780147,0,
000042.SZ,000042,20251209,93027150,1509257,0,0,S,82300,400,1509256,1475892,
000042.SZ,000042,20251209,93027150,1509348,0,0,S,82300,400,1509347,1475892,
000042.SZ,000042,20251209,93027160,1509571,0,0,S,82300,200,1509570,1475892,
000042.SZ,000042,20251209,93027160,1509572,0,0,S,82300,700,1509570,1491976,
000042.SZ,000042,20251209,93027870,1522202,0,0,S,82300,900,1522201,1491976,
000042.SZ,000042,20251209,93029230,1541852,0,0,B,82300,600,1522201,1541851,
000042.SZ,000042,20251209,93030150,1553932,0,0,S,82300,500,1553931,1541851,
000042.SZ,000042,20251209,93030150,1553933,0,0,S,82100,2000,1553931,8181,
000042.SZ,000042,20251209,93030150,1553934,0,0,S,82100,300,1553931,72529,
000042.SZ,000042,20251209,93030150,1553935,0,0,S,82100,400,1553931,479575,
000042.SZ,000042,20251209,93030150,1553937,0,0,S,82100,1600,1553936,479575,
000042.SZ,000042,20251209,93030150,1553938,0,0,S,82100,400,1553936,1128201,
000042.SZ,000042,20251209,93030150,1553939,0,0,S,82100,5500,1553936,1238667,
000042.SZ,000042,20251209,93030360,1558184,0,0,B,82100,1300,1553936,1558183,
000042.SZ,000042,20251209,93032100,1586769,0,0,S,82000,2500,1586768,8182,
000042.SZ,000042,20251209,93032100,1586770,0,0,S,82000,3000,1586768,545526,
000042.SZ,000042,20251209,93032100,1586771,0,0,S,82000,5500,1586768,844834,
000042.SZ,000042,20251209,93032100,1586772,0,0,S,82000,400,1586768,1112870,
000042.SZ,000042,20251209,93032940,1595692,0,0,B,82000,900,1586768,1595691,
000042.SZ,000042,20251209,93033150,1598104,C,0, ,0,10700,1553940,0,
000042.SZ,000042,20251209,93033150,1598113,C,0, ,0,1900,1553936,0,
000042.SZ,000042,20251209,93033170,1598647,C,0, ,0,400,1333203,0,
000042.SZ,000042,20251209,93033180,1598672,C,0, ,0,200,1333236,0,
000042.SZ,000042,20251209,93033180,1598674,C,0, ,0,400,1243657,0,
000042.SZ,000042,20251209,93033180,1598789,C,0, ,0,100,1067413,0,
000042.SZ,000042,20251209,93033180,1598889,C,0, ,0,400,1067288,0,
000042.SZ,000042,20251209,93033180,1599205,C,0, ,0,100,1333479,0,
000042.SZ,000042,20251209,93033180,1599271,C,0, ,0,100,1087237,0,
000042.SZ,000042,20251209,93033190,1599620,0,0,B,82000,100,1586768,1599619,
000042.SZ,000042,20251209,93033190,1599624,0,0,B,82000,2800,1586768,1599623,
000042.SZ,000042,20251209,93033200,1599728,C,0, ,0,600,1473163,0,
000042.SZ,000042,20251209,93033220,1600835,0,0,B,82000,1500,1586768,1600834,
000042.SZ,000042,20251209,93033260,1601477,0,0,S,81900,100,1601476,8183,
000042.SZ,000042,20251209,93033290,1601908,0,0,S,81900,200,1601907,8183,
000042.SZ,000042,20251209,93033290,1601927,0,0,S,81900,100,1601926,8183,
000042.SZ,000042,20251209,93033300,1602071,0,0,S,81900,100,1602070,8183,
000042.SZ,000042,20251209,93033420,1604410,C,0, ,0,100,1490361,0,
000042.SZ,000042,20251209,93033420,1604465,0,0,S,81900,100,1604464,8183,
000042.SZ,000042,20251209,93035240,1633004,0,0,S,81900,100,1633003,8183,
000042.SZ,000042,20251209,93035270,1633421,0,0,B,82000,200,1586768,1633420,
000042.SZ,000042,20251209,93035820,1640142,C,0, ,0,2300,0,8183,
000042.SZ,000042,20251209,93036170,1644867,0,0,B,82000,500,1586768,1644866,
000042.SZ,000042,20251209,93036210,1646370,C,0, ,0,200,1427299,0,
000042.SZ,000042,20251209,93037200,1666668,C,0, ,0,4500,1060709,0,
000042.SZ,000042,20251209,93038970,1692620,C,0, ,0,700,0,1280076,
000042.SZ,000042,20251209,93039190,1696747,0,0,B,82000,100,1586768,1696746,
000042.SZ,000042,20251209,93039190,1696756,0,0,B,82000,3200,1586768,1696755,
000042.SZ,000042,20251209,93042380,1755209,C,0, ,0,100,1672961,0,
000042.SZ,000042,20251209,93045190,1806000,C,0, ,0,200,1698291,0,
000042.SZ,000042,20251209,93045190,1806054,0,0,B,82000,800,1586768,1806053,
000042.SZ,000042,20251209,93045220,1806631,0,0,B,82000,100,1586768,1806630,
000042.SZ,000042,20251209,93045220,1806718,0,0,B,82000,4600,1586768,1806717,
000042.SZ,000042,20251209,93045230,1806769,0,0,B,82000,200,1586768,1806768,
000042.SZ,000042,20251209,93045240,1807041,0,0,B,82000,5500,1586768,1807040,
000042.SZ,000042,20251209,93045260,1807275,0,0,B,82000,18100,1586768,1807274,
000042.SZ,000042,20251209,93045260,1807276,0,0,B,82000,100,1601865,1807274,
000042.SZ,000042,20251209,93045260,1807277,0,0,B,82000,400,1601866,1807274,
000042.SZ,000042,20251209,93045260,1807278,0,0,B,82000,400,1601912,1807274,
000042.SZ,000042,20251209,93045260,1807279,0,0,B,82000,400,1601929,1807274,
000042.SZ,000042,20251209,93045260,1807280,0,0,B,82000,100,1602400,1807274,
000042.SZ,000042,20251209,93045260,1807281,0,0,B,82000,100,1604473,1807274,
000042.SZ,000042,20251209,93045260,1807282,0,0,B,82000,1100,1647473,1807274,
000042.SZ,000042,20251209,93045260,1807372,C,0, ,0,100,1320553,0,
000042.SZ,000042,20251209,93045270,1807433,0,0,S,82000,100,1807432,1807274,
000042.SZ,000042,20251209,93045310,1808179,C,0, ,0,100,1580347,0,
000042.SZ,000042,20251209,93047200,1837292,C,0, ,0,5400,0,1807274,
000042.SZ,000042,20251209,93051150,1890587,0,0,S,82100,400,1890586,1879480,
000042.SZ,000042,20251209,93051150,1890589,0,0,S,82100,400,1890588,1879480,
000042.SZ,000042,20251209,93051150,1890591,0,0,S,82100,100,1890590,1879480,
000042.SZ,000042,20251209,93052670,1913053,C,0, ,0,1000,1345479,0,
000042.SZ,000042,20251209,93052790,1914679,C,0, ,0,2700,875420,0,
000042.SZ,000042,20251209,93058750,1994986,C,0, ,0,100,1131100,0,
000042.SZ,000042,20251209,93059090,1999671,0,0,S,82100,100,1999670,1879480,
000042.SZ,000042,20251209,93100050,2012312,0,0,S,82100,100,2012311,1879480,
000042.SZ,000042,20251209,93100070,2012506,0,0,S,82100,300,2012505,1879480,
000042.SZ,000042,20251209,93100070,2012507,0,0,S,82100,400,2012505,1906617,
000042.SZ,000042,20251209,93100070,2012559,C,0, ,0,100,741222,0,
000042.SZ,000042,20251209,93100080,2012700,C,0, ,0,100,766171,0,
000042.SZ,000042,20251209,93100080,2012704,0,0,S,82100,100,2012703,1906617,
000042.SZ,000042,20251209,93100080,2012750,C,0, ,0,100,773674,0,
000042.SZ,000042,20251209,93100100,2013166,C,0, ,0,100,773372,0,
000042.SZ,000042,20251209,93100140,2013796,C,0, ,0,100,771326,0,
000042.SZ,000042,20251209,93100260,2015981,C,0, ,0,100,1849680,0,
000042.SZ,000042,20251209,93101020,2031101,C,0, ,0,200,1838152,0,
000042.SZ,000042,20251209,93101950,2047818,C,0, ,0,200,976910,0,
000042.SZ,000042,20251209,93104760,2094724,C,0, ,0,500,0,1844482,
000042.SZ,000042,20251209,93105210,2101097,C,0, ,0,100,1054316,0,
000042.SZ,000042,20251209,93105210,2101099,C,0, ,0,100,1049187,0,
000042.SZ,000042,20251209,93105300,2102352,C,0, ,0,200,1054687,0,
000042.SZ,000042,20251209,93105300,2102376,C,0, ,0,200,1050153,0,
000042.SZ,000042,20251209,93105360,2103276,0,0,S,82100,14500,2103275,1906617,
000042.SZ,000042,20251209,93105360,2103277,0,0,S,82100,700,2103275,1938829,
000042.SZ,000042,20251209,93105360,2103278,0,0,S,82100,100,2103275,1979139,
000042.SZ,000042,20251209,93105360,2103279,0,0,S,82100,1700,2103275,1997206,
000042.SZ,000042,20251209,93105360,2103280,0,0,S,82100,2300,2103275,2005309,
000042.SZ,000042,20251209,93105360,2103281,0,0,S,82000,2300,2103275,1837066,
000042.SZ,000042,20251209,93105360,2103282,0,0,S,82000,1000,2103275,2002179,
000042.SZ,000042,20251209,93105360,2103283,0,0,S,82000,1000,2103275,2004324,
000042.SZ,000042,20251209,93105360,2103284,0,0,S,82000,900,2103275,2042042,
000042.SZ,000042,20251209,93106140,2114883,C,0, ,0,19000,0,1925466,
000042.SZ,000042,20251209,93106140,2114986,0,0,B,82000,100,2103275,2114985,
000042.SZ,000042,20251209,93106730,2126320,0,0,B,82000,3000,2103275,2126319,
000042.SZ,000042,20251209,93106760,2127132,0,0,B,82000,5200,2103275,2127131,
000042.SZ,000042,20251209,93106820,2128489,0,0,B,82000,100,2103275,2128488,
000042.SZ,000042,20251209,93106840,2128793,0,0,B,82000,13700,2103275,2128792,
000042.SZ,000042,20251209,93106860,2129044,0,0,B,82000,600,2103275,2129043,
000042.SZ,000042,20251209,93106860,2129110,0,0,B,82000,200,2103275,2129109,
000042.SZ,000042,20251209,93106870,2129299,0,0,B,82000,2600,2103275,2129298,
000042.SZ,000042,20251209,93107030,2131860,C,0, ,0,2200,807342,0,
000042.SZ,000042,20251209,93107990,2148037,C,0, ,0,800,0,2129298,
000042.SZ,000042,20251209,93109860,2174974,0,0,B,82100,100,2132139,2174973,
000042.SZ,000042,20251209,93109860,2174975,0,0,B,82100,100,2147766,2174973,
000042.SZ,000042,20251209,93112870,2216519,0,0,B,82100,100,2147766,2216518,
000042.SZ,000042,20251209,93113120,2220055,0,0,B,82100,100,2147766,2220054,
000042.SZ,000042,20251209,93113120,2220056,0,0,B,82100,100,2165095,2220054,
000042.SZ,000042,20251209,93114240,2235367,0,0,S,82100,200,2235366,2220054,
000042.SZ,000042,20251209,93116000,2257896,0,0,B,82200,200,1857295,2257895,
000042.SZ,000042,20251209,93116400,2263455,C,0, ,0,100,0,1736913,
000042.SZ,000042,20251209,93120080,2309568,C,0, ,0,100,0,1767796,
000042.SZ,000042,20251209,93122050,2333552,0,0,B,82200,200,1857295,2333551,
000042.SZ,000042,20251209,93125050,2367998,0,0,B,82200,200,1857295,2367997,
000042.SZ,000042,20251209,93128640,2410466,C,0, ,0,2000,1591789,0,
000042.SZ,000042,20251209,93139210,2536359,C,0, ,0,1300,834692,0,
000042.SZ,000042,20251209,93139260,2537293,C,0, ,0,700,0,1280075,
000042.SZ,000042,20251209,93139260,2537295,C,0, ,0,600,0,1692727,
000042.SZ,000042,20251209,93140620,2554379,0,0,B,82200,400,1860005,2554378,
000042.SZ,000042,20251209,93142160,2570814,0,0,S,82100,100,2570813,2220054,
000042.SZ,000042,20251209,93142160,2570815,0,0,S,82100,100,2570813,2264975,
000042.SZ,000042,20251209,93142160,2570816,0,0,S,82100,1500,2570813,2285940,
000042.SZ,000042,20251209,93142160,2570817,0,0,S,82100,100,2570813,2310841,
000042.SZ,000042,20251209,93142160,2570818,0,0,S,82100,400,2570813,2351515,
000042.SZ,000042,20251209,93142160,2570819,0,0,S,82100,500,2570813,2399379,
000042.SZ,000042,20251209,93142520,2576037,C,0, ,0,1400,0,1644852,
000042.SZ,000042,20251209,93147240,2633968,0,0,S,82100,4500,2633967,2401178,
000042.SZ,000042,20251209,93147240,2633969,0,0,S,82100,2100,2633967,2576138,
000042.SZ,000042,20251209,93147240,2633970,0,0,S,82100,200,2633967,2607696,
000042.SZ,000042,20251209,93147240,2633971,0,0,S,82100,2000,2633967,2609530,
000042.SZ,000042,20251209,93147240,2633972,0,0,S,82000,200,2633967,2130149,
000042.SZ,000042,20251209,93147240,2633973,0,0,S,82000,1500,2633967,2191568,
000042.SZ,000042,20251209,93147240,2633974,0,0,S,82000,900,2633967,2244076,
000042.SZ,000042,20251209,93147240,2633975,0,0,S,82000,10000,2633967,2257415,
000042.SZ,000042,20251209,93147240,2633976,0,0,S,82000,2000,2633967,2358021,
000042.SZ,000042,20251209,93147240,2633977,0,0,S,82000,800,2633967,2537389,
000042.SZ,000042,20251209,93147240,2634056,0,0,B,82000,25800,2633967,2634055,
000042.SZ,000042,20251209,93147250,2634080,C,0, ,0,100,2220297,0,
000042.SZ,000042,20251209,93147250,2634081,C,0, ,0,100,2368134,0,
000042.SZ,000042,20251209,93147250,2634083,C,0, ,0,100,2600775,0,
000042.SZ,000042,20251209,93147250,2634093,C,0, ,0,100,2220298,0,
000042.SZ,000042,20251209,93147250,2634094,C,0, ,0,100,2309646,0,
000042.SZ,000042,20251209,93147250,2634095,C,0, ,0,100,2464037,0,
000042.SZ,000042,20251209,93147250,2634096,C,0, ,0,100,2536725,0,
000042.SZ,000042,20251209,93147250,2634124,C,0, ,0,100,2220288,0,
000042.SZ,000042,20251209,93147250,2634125,C,0, ,0,100,2464390,0,
000042.SZ,000042,20251209,93147880,2640496,0,0,B,82200,1000,1860005,2640495,
000042.SZ,000042,20251209,93148150,2643283,C,0, ,0,100,2065458,0,
000042.SZ,000042,20251209,93148250,2644640,0,0,B,82100,100,2642004,2644639,
000042.SZ,000042,20251209,93148250,2644641,0,0,B,82100,500,2642072,2644639,
000042.SZ,000042,20251209,93148250,2644642,0,0,B,82200,100,1860005,2644639,
000042.SZ,000042,20251209,93148250,2644643,0,0,B,82200,100,1860472,2644639,
000042.SZ,000042,20251209,93148250,2644644,0,0,B,82200,100,1863225,2644639,
000042.SZ,000042,20251209,93148250,2644645,0,0,B,82200,200,1875776,2644639,
000042.SZ,000042,20251209,93148250,2644646,0,0,B,82200,800,1918928,2644639,
000042.SZ,000042,20251209,93148590,2648537,C,0, ,0,600,2375015,0,
000042.SZ,000042,20251209,93148970,2653076,C,0, ,0,400,2379246,0,
000042.SZ,000042,20251209,93148970,2653077,C,0, ,0,500,2379268,0,
000042.SZ,000042,20251209,93148970,2653078,C,0, ,0,400,2438455,0,
000042.SZ,000042,20251209,93148970,2653101,C,0, ,0,1100,2438463,0,
000042.SZ,000042,20251209,93149590,2660323,0,0,S,82000,600,2660322,2643380,
000042.SZ,000042,20251209,93149970,2664771,0,0,S,82000,800,2664770,2643380,
000042.SZ,000042,20251209,93149970,2664789,0,0,S,82000,600,2664788,2643380,
000042.SZ,000042,20251209,93151160,2677427,C,0, ,0,300,2220341,0,
000042.SZ,000042,20251209,93151160,2677436,C,0, ,0,400,2464389,0,
000042.SZ,000042,20251209,93151970,2687302,0,0,B,82000,200,2664788,2687301,
000042.SZ,000042,20251209,93152000,2687673,0,0,B,82000,300,2664788,2687672,
000042.SZ,000042,20251209,93154150,2711587,0,0,S,81900,100,2711586,179763,
000042.SZ,000042,20251209,93159900,2778870,0,0,B,82000,500,2664788,2778869,
000042.SZ,000042,20251209,93200050,2780652,0,0,S,82000,200,2780651,2778869,
000042.SZ,000042,20251209,93200060,2780827,0,0,S,82000,300,2780826,2778869,
000042.SZ,000042,20251209,93200060,2780830,0,0,S,81900,100,2780829,179763,
000042.SZ,000042,20251209,93200080,2781151,0,0,S,81900,1600,2781150,179763,
000042.SZ,000042,20251209,93200110,2781607,0,0,B,82000,400,2780936,2781606,
000042.SZ,000042,20251209,93214870,2959181,C,0, ,0,300,1838151,0,
000042.SZ,000042,20251209,93220740,3029468,0,0,B,82100,200,2660478,3029467,
000042.SZ,000042,20251209,93220740,3029469,0,0,B,82100,300,2660483,3029467,
000042.SZ,000042,20251209,93220740,3029470,0,0,B,82100,100,2694018,3029467,
000042.SZ,000042,20251209,93220740,3029471,0,0,B,82100,100,2696073,3029467,
000042.SZ,000042,20251209,93220740,3029472,0,0,B,82100,800,2778955,3029467,
000042.SZ,000042,20251209,93221990,3041860,C,0, ,0,200,1918928,0,
000042.SZ,000042,20251209,93222180,3043787,0,0,B,82100,200,2778955,3043786,
000042.SZ,000042,20251209,93222180,3043788,0,0,B,82100,100,2783552,3043786,
000042.SZ,000042,20251209,93228310,3102397,C,0, ,0,200,2031167,0,
000042.SZ,000042,20251209,93231150,3128844,0,0,B,82100,100,2959264,3128843,
000042.SZ,000042,20251209,93233540,3152748,C,0, ,0,100,0,2756886,
000042.SZ,000042,20251209,93234160,3158407,C,0, ,0,9000,1016513,0,
000042.SZ,000042,20251209,93242610,3240560,0,0,B,82100,200,2959264,3240559,
000042.SZ,000042,20251209,93242610,3240561,0,0,B,82100,1400,2976220,3240559,
000042.SZ,000042,20251209,93242610,3240562,0,0,B,82100,200,3045748,3240559,
000042.SZ,000042,20251209,93242610,3240563,0,0,B,82100,200,3102446,3240559,
000042.SZ,000042,20251209,93247310,3283491,C,0, ,0,7800,2870507,0,
000042.SZ,000042,20251209,93255880,3363453,0,0,S,82000,1900,3363452,2781606,
000042.SZ,000042,20251209,93255880,3363454,0,0,S,82000,1200,3363452,2808194,
000042.SZ,000042,20251209,93255880,3363455,0,0,S,82000,10000,3363452,2899429,
000042.SZ,000042,20251209,93255880,3363456,0,0,S,82000,800,3363452,2925300,
000042.SZ,000042,20251209,93255880,3363457,0,0,S,82000,100,3363452,2982965,
000042.SZ,000042,20251209,93255880,3363458,0,0,S,82000,100,3363452,2991659,
000042.SZ,000042,20251209,93255880,3363459,0,0,S,82000,1000,3363452,3058864,
000042.SZ,000042,20251209,93255880,3363460,0,0,S,82000,2000,3363452,3130678,
000042.SZ,000042,20251209,93255880,3363461,0,0,S,82000,100,3363452,3153530,
000042.SZ,000042,20251209,93255880,3363462,0,0,S,82000,1500,3363452,3290018,
000042.SZ,000042,20251209,93255970,3364118,0,0,B,82000,200,3363452,3364117,
000042.SZ,000042,20251209,93256000,3364371,0,0,B,82000,300,3363452,3364370,
000042.SZ,000042,20251209,93256050,3364729,0,0,S,81900,2200,3364728,179763,
000042.SZ,000042,20251209,93256490,3368841,0,0,B,82000,100,3363452,3368840,
000042.SZ,000042,20251209,93257250,3374909,0,0,B,82000,2500,3363452,3374908,
000042.SZ,000042,20251209,93306330,3463438,C,0, ,0,100,3277881,0,
000042.SZ,000042,20251209,93306510,3465140,C,0, ,0,100,1057668,0,
000042.SZ,000042,20251209,93306830,3468860,C,0, ,0,200,2959185,0,
000042.SZ,000042,20251209,93318500,3583436,0,0,S,81900,100,3583435,179763,
000042.SZ,000042,20251209,93318500,3583469,C,0, ,0,3100,0,3363555,
000042.SZ,000042,20251209,93324070,3634796,0,0,B,82000,1300,3363452,3634795,
000042.SZ,000042,20251209,93329480,3680672,C,0, ,0,300,1386579,0,
000042.SZ,000042,20251209,93329480,3680706,0,0,S,81900,1300,3680705,179763,
000042.SZ,000042,20251209,93331160,3694757,C,0, ,0,6000,3589004,0,
000042.SZ,000042,20251209,93335260,3730195,C,0, ,0,4800,0,238689,
000042.SZ,000042,20251209,93335630,3732853,C,0, ,0,2200,3364578,0,
000042.SZ,000042,20251209,93345480,3822743,0,0,S,81900,100,3822742,179763,
000042.SZ,000042,20251209,93345480,3822744,0,0,S,81900,200,3822742,681777,
000042.SZ,000042,20251209,93351140,3874078,0,0,S,81900,1600,3874077,681777,
000042.SZ,000042,20251209,93352050,3882606,0,0,S,81900,1200,3882605,681777,
000042.SZ,000042,20251209,93352050,3882607,0,0,S,81900,800,3882605,1645066,
000042.SZ,000042,20251209,93352050,3882608,0,0,S,81900,700,3882605,1695234,
000042.SZ,000042,20251209,93353810,3897143,0,0,B,82000,500,3363452,3897142,
000042.SZ,000042,20251209,93353900,3897681,C,0, ,0,3700,0,953368,
000042.SZ,000042,20251209,93400680,3958892,0,0,B,82000,100,3363452,3958891,
000042.SZ,000042,20251209,93407880,4024731,C,0, ,0,100,0,3726450,
000042.SZ,000042,20251209,93408390,4029281,C,0, ,0,700,0,2537383,
000042.SZ,000042,20251209,93410070,4044456,0,0,B,82000,100,3363452,4044455,
000042.SZ,000042,20251209,93421150,4136460,C,0, ,0,1000,0,2394962,
000042.SZ,000042,20251209,93433410,4229049,0,0,B,82000,17100,3363452,4229048,
000042.SZ,000042,20251209,93433980,4233512,0,0,B,82000,300,3363452,4233511,
000042.SZ,000042,20251209,93434010,4233756,0,0,B,82000,500,3363452,4233755,
000042.SZ,000042,20251209,93435010,4241970,0,0,B,82000,1900,3363452,4241969,
000042.SZ,000042,20251209,93435270,4243880,C,0, ,0,800,1091033,0,
000042.SZ,000042,20251209,93435470,4245171,0,0,S,81900,800,4245170,1695234,
000042.SZ,000042,20251209,93436160,4250058,0,0,B,82000,900,3363452,4250057,
000042.SZ,000042,20251209,93437440,4259970,C,0, ,0,1200,724121,0,
000042.SZ,000042,20251209,93438010,4263875,0,0,B,82000,100,3363452,4263874,
000042.SZ,000042,20251209,93441070,4286596,0,0,B,82000,800,3363452,4286595,
000042.SZ,000042,20251209,93444790,4313005,0,0,S,81900,100,4313004,1695234,
000042.SZ,000042,20251209,93444790,4313006,0,0,S,81900,100,4313004,1706844,
000042.SZ,000042,20251209,93444790,4313007,0,0,S,81900,1300,4313004,1803076,
000042.SZ,000042,20251209,93444790,4313008,0,0,S,81900,100,4313004,2142430,
000042.SZ,000042,20251209,93447470,4332764,C,0, ,0,100,3828506,0,
000042.SZ,000042,20251209,93447480,4332819,C,0, ,0,600,0,4029318,
000042.SZ,000042,20251209,93448880,4342991,C,0, ,0,1200,4323188,0,
000042.SZ,000042,20251209,93449580,4348630,0,0,B,82000,600,3363452,4348629,
000042.SZ,000042,20251209,93455110,4387703,0,0,S,81900,1400,4387702,2142430,
000042.SZ,000042,20251209,93455110,4387704,0,0,S,81900,700,4387702,2153407,
000042.SZ,000042,20251209,93455110,4387705,0,0,S,81900,900,4387702,2234857,
000042.SZ,000042,20251209,93455110,4387731,C,0, ,0,3100,0,4249972,
000042.SZ,000042,20251209,93457910,4407262,0,0,B,82000,100,3363452,4407261,
000042.SZ,000042,20251209,93459580,4420916,C,0, ,0,500,0,4332859,
000042.SZ,000042,20251209,93500050,4424257,0,0,S,81900,100,4424256,2234857,
000042.SZ,000042,20251209,93500050,4424331,0,0,S,81900,100,4424330,2234857,
000042.SZ,000042,20251209,93500050,4424334,C,0, ,0,100,3400589,0,
000042.SZ,000042,20251209,93503160,4454907,C,0, ,0,100,915622,0,
000042.SZ,000042,20251209,93507200,4495339,0,0,B,82000,100,3363452,4495338,
000042.SZ,000042,20251209,93530000,4694412,0,0,B,82000,3800,3363452,4694411,
000042.SZ,000042,20251209,93530000,4694413,0,0,B,82000,200,3400545,4694411,
000042.SZ,000042,20251209,93530000,4694414,0,0,B,82000,200,3463487,4694411,
000042.SZ,000042,20251209,93530000,4694415,0,0,B,82000,500,3468921,4694411,
000042.SZ,000042,20251209,93530000,4694416,0,0,B,82000,200,3731175,4694411,
000042.SZ,000042,20251209,93530000,4694417,0,0,B,82000,2200,3735505,4694411,
000042.SZ,000042,20251209,93530000,4694418,0,0,B,82000,100,3951406,4694411,
000042.SZ,000042,20251209,93530000,4694419,0,0,B,82000,100,3951445,4694411,
000042.SZ,000042,20251209,93530000,4694420,0,0,B,82000,300,4084064,4694411,
000042.SZ,000042,20251209,93530000,4694421,0,0,B,82000,300,4242540,4694411,
000042.SZ,000042,20251209,93530000,4694422,0,0,B,82000,200,4424437,4694411,
000042.SZ,000042,20251209,93530000,4694423,0,0,B,82000,100,4427106,4694411,
000042.SZ,000042,20251209,93530000,4694424,0,0,B,82000,100,4487901,4694411,
000042.SZ,000042,20251209,93530000,4694425,0,0,B,82000,1200,4585610,4694411,
000042.SZ,000042,20251209,93530000,4694426,0,0,B,82000,100,4585697,4694411,
000042.SZ,000042,20251209,93530000,4694455,0,0,S,82000,1600,4694454,4694411,
000042.SZ,000042,20251209,93530150,4695474,0,0,S,82000,10000,4695473,4694411,
000042.SZ,000042,20251209,93530980,4702482,0,0,B,82000,100,4695473,4702481,
000042.SZ,000042,20251209,93531000,4702669,0,0,S,82100,100,4702668,4702567,
000042.SZ,000042,20251209,93531840,4709919,0,0,S,82000,100,4709918,4702696,
000042.SZ,000042,20251209,93531840,4709920,0,0,S,82000,1100,4709918,4702894,
000042.SZ,000042,20251209,93532070,4712010,C,0, ,0,100,4702671,0,
000042.SZ,000042,20251209,93534660,4733484,C,0, ,0,100,4702674,0,
000042.SZ,000042,20251209,93535050,4736138,C,0, ,0,100,4702672,0,
000042.SZ,000042,20251209,93535410,4738933,C,0, ,0,100,4702678,0,
000042.SZ,000042,20251209,93535500,4739752,C,0, ,0,100,4702673,0,
000042.SZ,000042,20251209,93535560,4740098,C,0, ,0,100,4702677,0,
000042.SZ,000042,20251209,93535790,4742077,C,0, ,0,100,4702670,0,
000042.SZ,000042,20251209,93535800,4742157,C,0, ,0,3500,4702899,0,
000042.SZ,000042,20251209,93536130,4744665,0,0,B,82000,500,4709918,4744664,
000042.SZ,000042,20251209,93538170,4762276,0,0,B,82000,800,4709918,4762275,
000042.SZ,000042,20251209,93539150,4770347,0,0,B,82000,100,4709918,4770346,
000042.SZ,000042,20251209,93550260,4880925,0,0,S,81900,1800,4880924,2234857,
000042.SZ,000042,20251209,93550280,4881162,C,0, ,0,600,0,4424547,
000042.SZ,000042,20251209,93550310,4881385,C,0, ,0,2600,0,4424570,
000042.SZ,000042,20251209,93550990,4886319,C,0, ,0,5000,740438,0,
000042.SZ,000042,20251209,93551290,4889508,C,0, ,0,1300,0,840009,
000042.SZ,000042,20251209,93556330,4933770,0,0,B,82000,100,4709918,4933769,
000042.SZ,000042,20251209,93601990,4989342,0,0,S,81900,900,4989341,2234857,
000042.SZ,000042,20251209,93612150,5087871,0,0,S,81900,100,5087870,2234857,
000042.SZ,000042,20251209,93612570,5091419,0,0,B,82000,4300,4709918,5091418,
000042.SZ,000042,20251209,93612570,5091420,0,0,B,82000,100,4709958,5091418,
000042.SZ,000042,20251209,93612570,5091421,0,0,B,82000,300,4782757,5091418,
000042.SZ,000042,20251209,93612570,5091422,0,0,B,82000,200,4783113,5091418,
000042.SZ,000042,20251209,93612570,5091423,0,0,B,82000,1700,4801836,5091418,
000042.SZ,000042,20251209,93612570,5091424,0,0,B,82000,100,4963060,5091418,
000042.SZ,000042,20251209,93612570,5091425,0,0,B,82000,200,4963114,5091418,
000042.SZ,000042,20251209,93612570,5091426,0,0,B,82000,100,4963497,5091418,
000042.SZ,000042,20251209,93612570,5091427,0,0,B,82000,100,4963508,5091418,
000042.SZ,000042,20251209,93612570,5091428,0,0,B,82000,300,4965062,5091418,
000042.SZ,000042,20251209,93612580,5091482,0,0,S,82000,12500,5091481,5091418,
000042.SZ,000042,20251209,93612580,5091486,0,0,S,82000,4300,5091485,5091418,
000042.SZ,000042,20251209,93612590,5091516,0,0,S,81900,1100,5091515,2234857,
000042.SZ,000042,20251209,93612590,5091517,0,0,S,81900,3800,5091515,2600709,
000042.SZ,000042,20251209,93612590,5091605,0,0,S,81900,1200,5091604,2600709,
000042.SZ,000042,20251209,93612590,5091606,0,0,S,81900,200,5091604,2677724,
000042.SZ,000042,20251209,93614690,5111035,C,0, ,0,100,5091510,0,
000042.SZ,000042,20251209,93615580,5119014,C,0, ,0,12500,5091485,0,
000042.SZ,000042,20251209,93615580,5119044,C,0, ,0,4300,5091512,0,
000042.SZ,000042,20251209,93627590,5222552,C,0, ,0,500,5091507,0,
000042.SZ,000042,20251209,93633540,5270234,C,0, ,0,300,3266589,0,
000042.SZ,000042,20251209,93634060,5274218,C,0, ,0,100,3272422,0,
000042.SZ,000042,20251209,93634060,5274230,C,0, ,0,100,3272466,0,
000042.SZ,000042,20251209,93635450,5285514,C,0, ,0,50500,25956,0,
000042.SZ,000042,20251209,93637290,5300338,C,0, ,0,600,0,5091681,
000042.SZ,000042,20251209,93637310,5300436,C,0, ,0,2600,0,5091788,
000042.SZ,000042,20251209,93642780,5338441,C,0, ,0,100,0,3591759,
000042.SZ,000042,20251209,93650260,5393497,0,0,B,82000,100,5141529,5393496,
000042.SZ,000042,20251209,93655680,5433163,0,0,B,82000,100,5141529,5433162,
000042.SZ,000042,20251209,93657860,5449815,C,0, ,0,9300,5248556,0,
000042.SZ,000042,20251209,93702040,5488887,0,0,S,81900,100,5488886,2677724,
000042.SZ,000042,20251209,93702050,5488926,0,0,S,81900,1000,5488925,2677724,
000042.SZ,000042,20251209,93702050,5488927,0,0,S,81900,100,5488925,3655120,
000042.SZ,000042,20251209,93702050,5488928,0,0,S,81900,200,5488925,3782608,
000042.SZ,000042,20251209,93702050,5488930,0,0,S,81900,1100,5488929,3782608,
000042.SZ,000042,20251209,93702050,5488931,0,0,S,81900,600,5488929,3797166,
000042.SZ,000042,20251209,93702050,5488932,0,0,S,81900,3800,5488929,3822183,
000042.SZ,000042,20251209,93702050,5488952,0,0,S,81900,200,5488951,3822183,
000042.SZ,000042,20251209,93702050,5488953,0,0,S,81900,100,5488951,3829049,
000042.SZ,000042,20251209,93702050,5488954,0,0,S,81900,200,5488951,4007326,
000042.SZ,000042,20251209,93702050,5488960,0,0,S,81900,800,5488959,4007326,
000042.SZ,000042,20251209,93702050,5488961,0,0,S,81900,1000,5488959,4015869,
000042.SZ,000042,20251209,93702050,5488962,0,0,S,81900,100,5488959,4327546,
000042.SZ,000042,20251209,93702050,5488963,0,0,S,81900,100,5488959,4413262,
000042.SZ,000042,20251209,93702050,5488964,0,0,S,81900,200,5488959,4420962,
000042.SZ,000042,20251209,93702050,5488965,0,0,S,81900,600,5488959,5114644,
000042.SZ,000042,20251209,93702050,5488966,0,0,S,81900,100,5488959,5165603,
000042.SZ,000042,20251209,93702050,5488967,0,0,S,81900,100,5488959,5228914,
000042.SZ,000042,20251209,93702050,5488968,0,0,S,81900,100,5488959,5249485,
000042.SZ,000042,20251209,93702050,5488969,0,0,S,81900,100,5488959,5300136,
000042.SZ,000042,20251209,93702050,5488970,0,0,S,81900,600,5488959,5401456,
000042.SZ,000042,20251209,93702100,5489517,0,0,S,81800,1000,5489516,55835,
000042.SZ,000042,20251209,93702100,5489518,0,0,S,81800,2800,5489516,179040,
000042.SZ,000042,20251209,93702120,5489760,0,0,S,81800,2000,5489759,179040,
000042.SZ,000042,20251209,93702140,5489975,C,0, ,0,100,1053232,0,
000042.SZ,000042,20251209,93702150,5489993,C,0, ,0,100,1053336,0,
000042.SZ,000042,20251209,93702160,5490109,C,0, ,0,100,1054438,0,
000042.SZ,000042,20251209,93702960,5497642,0,0,B,81900,100,5488959,5497641,
000042.SZ,000042,20251209,93703160,5499540,C,0, ,0,4300,5488983,0,
000042.SZ,000042,20251209,93705060,5518079,C,0, ,0,400,5488959,0,
000042.SZ,000042,20251209,93705060,5518080,C,0, ,0,4300,5488973,0,
000042.SZ,000042,20251209,93705980,5524827,0,0,B,82000,200,5143214,5524826,
000042.SZ,000042,20251209,93705980,5524828,0,0,B,82000,300,5187536,5524826,
000042.SZ,000042,20251209,93706140,5526323,0,0,S,81900,1300,5526322,5526249,
000042.SZ,000042,20251209,93714010,5589687,C,0, ,0,700,0,4771563,
000042.SZ,000042,20251209,93715470,5602417,C,0, ,0,100,3265946,0,
000042.SZ,000042,20251209,93715670,5604071,0,0,S,81800,700,5604070,179040,
000042.SZ,000042,20251209,93715670,5604072,0,0,S,81800,2000,5604070,349723,
000042.SZ,000042,20251209,93715670,5604073,0,0,S,81800,1000,5604070,3150299,
000042.SZ,000042,20251209,93715670,5604074,0,0,S,81800,3000,5604070,5071079,
000042.SZ,000042,20251209,93715670,5604075,0,0,S,81800,1300,5604070,5139537,
000042.SZ,000042,20251209,93715670,5604076,0,0,S,81800,100,5604070,5519972,
000042.SZ,000042,20251209,93715670,5604077,0,0,S,81800,600,5604070,5524993,
000042.SZ,000042,20251209,93715670,5604078,0,0,S,81800,2600,5604070,5525037,
000042.SZ,000042,20251209,93715670,5604079,0,0,S,81700,5500,5604070,179764,
000042.SZ,000042,20251209,93715670,5604080,0,0,S,81700,2000,5604070,436480,
000042.SZ,000042,20251209,93715670,5604081,0,0,S,81700,3000,5604070,742055,
000042.SZ,000042,20251209,93715670,5604082,0,0,S,81700,4800,5604070,4030198,
000042.SZ,000042,20251209,93715670,5604083,0,0,S,81700,600,5604070,4778294,
000042.SZ,000042,20251209,93715670,5604084,0,0,S,81700,2000,5604070,5550152,
000042.SZ,000042,20251209,93715670,5604085,0,0,S,81600,5500,5604070,179052,
000042.SZ,000042,20251209,93715670,5604086,0,0,S,81600,5600,5604070,212597,
000042.SZ,000042,20251209,93715670,5604087,0,0,S,81600,33500,5604070,267975,
000042.SZ,000042,20251209,93715670,5604088,0,0,S,81600,500,5604070,460600,
000042.SZ,000042,20251209,93715670,5604089,0,0,S,81600,1400,5604070,3865912,
000042.SZ,000042,20251209,93715670,5604090,0,0,S,81600,2200,5604070,4885434,
000042.SZ,000042,20251209,93715670,5604091,0,0,S,81600,300,5604070,4938495,
000042.SZ,000042,20251209,93715670,5604092,0,0,S,81600,1000,5604070,5080130,
000042.SZ,000042,20251209,93715670,5604093,0,0,S,81500,5500,5604070,179765,
000042.SZ,000042,20251209,93715670,5604094,0,0,S,81500,15300,5604070,269085,
000042.SZ,000042,20251209,93715710,5604378,C,0, ,0,100,4695506,0,
000042.SZ,000042,20251209,93715780,5604826,C,0, ,0,600,0,5589706,
000042.SZ,000042,20251209,93716500,5610807,0,0,S,81600,100,5610806,5610759,
000042.SZ,000042,20251209,93716900,5613508,C,0, ,0,3700,845410,0,
000042.SZ,000042,20251209,93717040,5614658,C,0, ,0,100,5443200,0,
000042.SZ,000042,20251209,93717550,5618798,C,0, ,0,200,4695073,0,
000042.SZ,000042,20251209,93718280,5623781,0,0,B,81700,900,5614588,5623780,
000042.SZ,000042,20251209,93718280,5623782,0,0,B,81700,200,5622830,5623780,
000042.SZ,000042,20251209,93718280,5623783,0,0,B,81700,100,5623739,5623780,
000042.SZ,000042,20251209,93718280,5623784,0,0,B,81800,1500,5613456,5623780,
000042.SZ,000042,20251209,93718320,5623990,C,0, ,0,100,1753763,0,
000042.SZ,000042,20251209,93718330,5624047,C,0, ,0,800,1109586,0,
000042.SZ,000042,20251209,93718340,5624114,C,0, ,0,100,1154947,0,
000042.SZ,000042,20251209,93718370,5624320,C,0, ,0,1000,1156074,0,
000042.SZ,000042,20251209,93718380,5624416,C,0, ,0,1100,1037471,0,
000042.SZ,000042,20251209,93718550,5625659,C,0, ,0,300,5278284,0,
000042.SZ,000042,20251209,93718780,5627378,C,0, ,0,2100,0,3822937,
000042.SZ,000042,20251209,93719060,5629338,C,0, ,0,100,5281983,0,
000042.SZ,000042,20251209,93719070,5629346,C,0, ,0,100,5282009,0,
000042.SZ,000042,20251209,93719080,5629432,C,0, ,0,300,1171438,0,
000042.SZ,000042,20251209,93719140,5629852,0,0,S,81500,100,5629851,269085,
000042.SZ,000042,20251209,93719520,5632939,0,0,S,81600,100,5632938,5632930,
000042.SZ,000042,20251209,93719520,5632941,0,0,S,81600,300,5632940,5632930,
000042.SZ,000042,20251209,93719520,5632943,0,0,S,81600,800,5632942,5632930,
000042.SZ,000042,20251209,93719520,5632968,0,0,S,81600,100,5632967,5632930,
000042.SZ,000042,20251209,93719520,5632970,0,0,S,81600,100,5632969,5632930,
000042.SZ,000042,20251209,93719520,5632972,0,0,S,81600,100,5632971,5632930,
000042.SZ,000042,20251209,93719530,5633026,0,0,S,81500,100,5633025,269085,
000042.SZ,000042,20251209,93720050,5636597,C,0, ,0,200,5195965,0,
000042.SZ,000042,20251209,93720050,5636598,C,0, ,0,300,5550715,0,
000042.SZ,000042,20251209,93720360,5639381,C,0, ,0,10500,0,5605593,
000042.SZ,000042,20251209,93721370,5645876,0,0,B,81600,200,5632971,5645875,
000042.SZ,000042,20251209,93721370,5645877,0,0,B,81600,100,5632973,5645875,
000042.SZ,000042,20251209,93721370,5645878,C,0, ,0,300,0,5637368,
000042.SZ,000042,20251209,93721930,5649902,0,0,S,81500,800,5649901,269085,
000042.SZ,000042,20251209,93722360,5652989,C,0, ,0,10400,5605594,0,
000042.SZ,000042,20251209,93723040,5657684,C,0, ,0,100,5632988,0,
000042.SZ,000042,20251209,93723120,5658166,C,0, ,0,200,5633017,0,
000042.SZ,000042,20251209,93723530,5660987,C,0, ,0,100,5633024,0,
000042.SZ,000042,20251209,93723630,5661555,C,0, ,0,100,5632982,0,
000042.SZ,000042,20251209,93723950,5663240,C,0, ,0,200,5632974,0,
000042.SZ,000042,20251209,93724350,5666118,C,0, ,0,200,5632976,0,
000042.SZ,000042,20251209,93724710,5669326,C,0, ,0,300,5632980,0,
000042.SZ,000042,20251209,93725520,5675192,C,0, ,0,100,5632984,0,
000042.SZ,000042,20251209,93725540,5675316,C,0, ,0,200,5632983,0,
000042.SZ,000042,20251209,93725800,5677111,C,0, ,0,100,5633060,0,
000042.SZ,000042,20251209,93725810,5677213,C,0, ,0,100,5632973,0,
000042.SZ,000042,20251209,93725820,5677258,0,0,B,81600,300,5632975,5677257,
000042.SZ,000042,20251209,93725820,5677259,0,0,B,81600,100,5632977,5677257,
000042.SZ,000042,20251209,93725820,5677260,0,0,B,81600,100,5632978,5677257,
000042.SZ,000042,20251209,93725880,5677612,C,0, ,0,100,5633015,0,
000042.SZ,000042,20251209,93725990,5678242,C,0, ,0,200,5633019,0,
000042.SZ,000042,20251209,93726010,5678449,0,0,B,81600,100,5632981,5678448,
000042.SZ,000042,20251209,93726010,5678450,0,0,B,81600,300,5632986,5678448,
000042.SZ,000042,20251209,93726010,5678451,0,0,B,81600,300,5632987,5678448,
000042.SZ,000042,20251209,93726020,5678490,0,0,B,81600,100,5633009,5678489,
000042.SZ,000042,20251209,93726020,5678491,0,0,B,81600,100,5633013,5678489,
000042.SZ,000042,20251209,93726020,5678492,0,0,B,81600,100,5633014,5678489,
000042.SZ,000042,20251209,93726020,5678493,0,0,B,81600,200,5633018,5678489,
000042.SZ,000042,20251209,93726020,5678494,0,0,B,81600,200,5633021,5678489,
000042.SZ,000042,20251209,93726020,5678495,0,0,B,81600,200,5633022,5678489,
000042.SZ,000042,20251209,93726020,5678496,0,0,B,81600,200,5633023,5678489,
000042.SZ,000042,20251209,93726620,5682838,C,0, ,0,200,5633029,0,
000042.SZ,000042,20251209,93726970,5684950,0,0,B,81600,100,5633148,5684949,
000042.SZ,000042,20251209,93726970,5684951,0,0,B,81600,100,5633149,5684949,
000042.SZ,000042,20251209,93727180,5686059,C,0, ,0,100,5599770,0,
000042.SZ,000042,20251209,93727250,5686680,C,0, ,0,600,0,5604855,
000042.SZ,000042,20251209,93729450,5703223,C,0, ,0,2000,0,5328679,
000042.SZ,000042,20251209,93731710,5721092,0,0,S,81500,16200,5721091,269085,
000042.SZ,000042,20251209,93733300,5732342,0,0,B,81600,100,5721134,5732341,
000042.SZ,000042,20251209,93733300,5732343,0,0,B,81700,100,5623816,5732341,
000042.SZ,000042,20251209,93733300,5732344,0,0,B,81700,100,5623818,5732341,
000042.SZ,000042,20251209,93733300,5732345,0,0,B,81700,500,5623819,5732341,
000042.SZ,000042,20251209,93733300,5732350,C,0, ,0,300,0,5705195,
000042.SZ,000042,20251209,93735080,5747285,0,0,S,81500,300,5747284,269085,
000042.SZ,000042,20251209,93735910,5753758,C,0, ,0,1600,5265951,0,
000042.SZ,000042,20251209,93739340,5778910,C,0, ,0,700,0,5686742,
000042.SZ,000042,20251209,93741370,5793036,C,0, ,0,300,0,5278182,
000042.SZ,000042,20251209,93743600,5810351,0,0,B,81600,100,5756807,5810350,
000042.SZ,000042,20251209,93746320,5831725,0,0,B,81600,1500,5756807,5831724,
000042.SZ,000042,20251209,93746330,5831750,0,0,S,81600,600,5831749,5831724,
000042.SZ,000042,20251209,93746330,5831752,0,0,S,81600,200,5831751,5831724,
000042.SZ,000042,20251209,93746330,5831757,0,0,S,81600,200,5831756,5831724,
000042.SZ,000042,20251209,93746330,5831759,0,0,S,81600,100,5831758,5831724,
000042.SZ,000042,20251209,93746330,5831762,0,0,S,81600,300,5831761,5831724,
000042.SZ,000042,20251209,93746330,5831777,0,0,S,81600,100,5831776,5831724,
000042.SZ,000042,20251209,93746340,5831915,0,0,S,81500,100,5831914,269085,
000042.SZ,000042,20251209,93746470,5832957,0,0,S,81500,100,5832956,269085,
000042.SZ,000042,20251209,93746480,5832988,0,0,S,81500,300,5832987,269085,
000042.SZ,000042,20251209,93748010,5843066,0,0,B,81600,500,5831828,5843065,
000042.SZ,000042,20251209,93748010,5843067,0,0,B,81600,400,5831829,5843065,
000042.SZ,000042,20251209,93748010,5843068,0,0,B,81600,300,5831834,5843065,
000042.SZ,000042,20251209,93748010,5843069,0,0,B,81600,600,5831837,5843065,
000042.SZ,000042,20251209,93748010,5843070,0,0,B,81600,200,5831838,5843065,
000042.SZ,000042,20251209,93748010,5843071,0,0,B,81600,100,5831840,5843065,
000042.SZ,000042,20251209,93748010,5843072,0,0,B,81600,500,5831846,5843065,
000042.SZ,000042,20251209,93748010,5843073,0,0,B,81600,200,5831847,5843065,
000042.SZ,000042,20251209,93748010,5843074,0,0,B,81600,100,5831848,5843065,
000042.SZ,000042,20251209,93748010,5843075,0,0,B,81600,200,5831849,5843065,
000042.SZ,000042,20251209,93748010,5843076,0,0,B,81600,100,5831850,5843065,
000042.SZ,000042,20251209,93748010,5843077,0,0,B,81600,100,5831852,5843065,
000042.SZ,000042,20251209,93748010,5843078,0,0,B,81600,300,5831855,5843065,
000042.SZ,000042,20251209,93748010,5843079,0,0,B,81600,100,5831856,5843065,
000042.SZ,000042,20251209,93748010,5843080,0,0,B,81600,200,5831857,5843065,
000042.SZ,000042,20251209,93748010,5843081,0,0,B,81600,200,5831858,5843065,
000042.SZ,000042,20251209,93748010,5843082,0,0,B,81600,100,5831860,5843065,
000042.SZ,000042,20251209,93748010,5843083,0,0,B,81600,300,5831861,5843065,
000042.SZ,000042,20251209,93748010,5843084,0,0,B,81600,200,5831862,5843065,
000042.SZ,000042,20251209,93748010,5843085,0,0,B,81600,100,5831869,5843065,
000042.SZ,000042,20251209,93748010,5843086,0,0,B,81600,100,5831870,5843065,
000042.SZ,000042,20251209,93748010,5843087,0,0,B,81600,100,5831871,5843065,
000042.SZ,000042,20251209,93748280,5844805,0,0,B,81600,300,5831871,5844804,
000042.SZ,000042,20251209,93748830,5848912,C,0, ,0,700,5831874,0,
000042.SZ,000042,20251209,93750140,5858510,C,0, ,0,100,5831969,0,
000042.SZ,000042,20251209,93752050,5872300,C,0, ,0,100,5831903,0,
000042.SZ,000042,20251209,93752530,5876227,0,0,B,81600,100,5831871,5876226,
000042.SZ,000042,20251209,93752530,5876228,0,0,B,81600,200,5831875,5876226,
000042.SZ,000042,20251209,93752530,5876229,0,0,B,81600,100,5831947,5876226,
000042.SZ,000042,20251209,93752530,5876230,0,0,B,81600,100,5831975,5876226,
000042.SZ,000042,20251209,93752530,5876231,0,0,B,81600,500,5832238,5876226,
000042.SZ,000042,20251209,93752530,5876232,0,0,B,81600,200,5832931,5876226,
000042.SZ,000042,20251209,93752530,5876233,0,0,B,81600,2300,5864786,5876226,
000042.SZ,000042,20251209,93753280,5880909,0,0,S,81600,100,5880908,5876226,
000042.SZ,000042,20251209,93755940,5898575,0,0,S,81600,1100,5898574,5876226,
000042.SZ,000042,20251209,93755940,5898576,0,0,S,81500,3900,5898574,269085,
000042.SZ,000042,20251209,93757470,5909569,C,0, ,0,100,5610593,0,
000042.SZ,000042,20251209,93757750,5911390,C,0, ,0,2000,0,5590160,
000042.SZ,000042,20251209,93759860,5926396,0,0,S,81500,700,5926395,269085,
000042.SZ,000042,20251209,93800060,5927742,0,0,S,81500,100,5927741,269085,
000042.SZ,000042,20251209,93800070,5927806,C,0, ,0,100,5467680,0,
000042.SZ,000042,20251209,93800070,5927810,C,0, ,0,200,5467767,0,
000042.SZ,000042,20251209,93800070,5927812,0,0,S,81500,100,5927811,269085,
000042.SZ,000042,20251209,93800120,5928279,C,0, ,0,100,5467766,0,
000042.SZ,000042,20251209,93801230,5940934,C,0, ,0,400,5821426,0,
000042.SZ,000042,20251209,93802290,5952192,0,0,B,81600,100,5898653,5952191,
000042.SZ,000042,20251209,93802290,5952193,0,0,B,81600,100,5917472,5952191,
000042.SZ,000042,20251209,93802290,5952194,0,0,B,81600,200,5928266,5952191,
000042.SZ,000042,20251209,93802290,5952195,0,0,B,81600,200,5929623,5952191,
000042.SZ,000042,20251209,93802290,5952196,0,0,B,81600,400,5941125,5952191,
000042.SZ,000042,20251209,93802320,5952461,0,0,S,81600,700,5952460,5952191,
000042.SZ,000042,20251209,93802330,5952608,0,0,S,81600,300,5952607,5952191,
000042.SZ,000042,20251209,93803950,5966714,C,0, ,0,100,5604695,0,
000042.SZ,000042,20251209,93806090,5984039,C,0, ,0,100,5599213,0,
000042.SZ,000042,20251209,93807300,5993854,0,0,S,81600,5000,5993853,5954536,
000042.SZ,000042,20251209,93814020,6044130,C,0, ,0,2000,0,5893514,
000042.SZ,000042,20251209,93814050,6044304,C,0, ,0,5000,0,5831418,
000042.SZ,000042,20251209,93816320,6060323,0,0,S,81600,100,6060322,5954536,
000042.SZ,000042,20251209,93817680,6070898,C,0, ,0,100,0,5868988,
000042.SZ,000042,20251209,93822590,6109892,C,0, ,0,600,0,5880606,
000042.SZ,000042,20251209,93825380,6130448,C,0, ,0,500,0,300129,
000042.SZ,000042,20251209,93827310,6144048,C,0, ,0,500,300128,0,
000042.SZ,000042,20251209,93828270,6151223,0,0,S,81600,1000,6151222,5954536,
000042.SZ,000042,20251209,93829110,6156984,C,0, ,0,600,0,5940247,
000042.SZ,000042,20251209,93830810,6167949,0,0,S,81600,2400,6167948,5954536,
000042.SZ,000042,20251209,93830900,6168488,0,0,B,81700,100,5624447,6168487,
000042.SZ,000042,20251209,93830900,6168489,0,0,B,81700,400,5624451,6168487,
000042.SZ,000042,20251209,93830900,6168490,0,0,B,81700,100,5625165,6168487,
000042.SZ,000042,20251209,93830900,6168491,0,0,B,81700,100,5625318,6168487,
000042.SZ,000042,20251209,93830900,6168492,0,0,B,81700,100,5626462,6168487,
000042.SZ,000042,20251209,93830900,6168493,0,0,B,81700,100,5627823,6168487,
000042.SZ,000042,20251209,93830900,6168494,0,0,B,81700,400,5628742,6168487,
000042.SZ,000042,20251209,93830900,6168495,0,0,B,81700,100,5628743,6168487,
000042.SZ,000042,20251209,93830900,6168496,0,0,B,81700,600,5628748,6168487,
000042.SZ,000042,20251209,93830900,6168497,0,0,B,81700,100,5628755,6168487,
000042.SZ,000042,20251209,93833920,6190805,C,0, ,0,5000,0,6065065,
000042.SZ,000042,20251209,93834830,6198370,C,0, ,0,100,0,5884028,
000042.SZ,000042,20251209,93837330,6215294,0,0,S,81600,500,6215293,5954536,
000042.SZ,000042,20251209,93837330,6215302,0,0,S,81600,400,6215301,5954536,
000042.SZ,000042,20251209,93837350,6215549,0,0,S,81600,300,6215548,5954536,
000042.SZ,000042,20251209,93837370,6215704,0,0,S,81600,800,6215703,5954536,
000042.SZ,000042,20251209,93837410,6216157,0,0,S,81600,100,6216156,5954536,
000042.SZ,000042,20251209,93837430,6216301,0,0,S,81600,100,6216300,5954536,
000042.SZ,000042,20251209,93838200,6221308,0,0,S,81600,100,6221307,5954536,
000042.SZ,000042,20251209,93841920,6244486,0,0,S,81600,100,6244485,5954536,
000042.SZ,000042,20251209,93843430,6255748,0,0,S,81600,200,6255747,5954536,
000042.SZ,000042,20251209,93843440,6255831,0,0,S,81600,200,6255830,5954536,
000042.SZ,000042,20251209,93843440,6255872,0,0,S,81600,100,6255871,5954536,
000042.SZ,000042,20251209,93844330,6261118,0,0,S,81600,100,6261117,5954536,
000042.SZ,000042,20251209,93844360,6261324,0,0,S,81600,100,6261323,5954536,
000042.SZ,000042,20251209,93845190,6266144,0,0,B,81700,100,5628755,6266143,
000042.SZ,000042,20251209,93848450,6286145,C,0, ,0,1200,0,6115156,
000042.SZ,000042,20251209,93858320,6353901,C,0, ,0,600,0,6069641,
000042.SZ,000042,20251209,93858820,6357344,0,0,B,81700,100,5628755,6357343,
000042.SZ,000042,20251209,93858820,6357345,0,0,B,81700,100,5628757,6357343,
000042.SZ,000042,20251209,93858820,6357346,0,0,B,81700,100,5629106,6357343,
000042.SZ,000042,20251209,93858820,6357347,0,0,B,81700,200,5633154,6357343,
000042.SZ,000042,20251209,93901350,6375763,0,0,B,81700,100,5633154,6375762,
000042.SZ,000042,20251209,93904540,6398930,0,0,B,81700,200,5636735,6398929,
000042.SZ,000042,20251209,93904540,6398931,0,0,B,81700,300,5636739,6398929,
000042.SZ,000042,20251209,93904540,6398932,0,0,B,81700,100,5636833,6398929,
000042.SZ,000042,20251209,93904540,6398933,0,0,B,81700,100,5636846,6398929,
000042.SZ,000042,20251209,93904540,6398934,0,0,B,81700,200,6054062,6398929,
000042.SZ,000042,20251209,93904540,6398935,0,0,B,81700,100,6208001,6398929,
000042.SZ,000042,20251209,93904540,6398936,0,0,B,81700,200,6256637,6398929,
000042.SZ,000042,20251209,93904540,6398937,0,0,B,81700,200,6268728,6398929,
000042.SZ,000042,20251209,93904540,6398938,0,0,B,81700,1800,6323449,6398929,
000042.SZ,000042,20251209,93904540,6398939,0,0,B,81700,200,6364138,6398929,
000042.SZ,000042,20251209,93904540,6398940,0,0,B,81700,400,6364202,6398929,
000042.SZ,000042,20251209,93904540,6398941,0,0,B,81700,100,6364527,6398929,
000042.SZ,000042,20251209,93904540,6398942,0,0,B,81700,200,6365579,6398929,
000042.SZ,000042,20251209,93904540,6398952,0,0,S,81700,5900,6398951,6398929,
000042.SZ,000042,20251209,93904550,6398989,0,0,S,81600,600,6398988,5954536,
000042.SZ,000042,20251209,93905340,6405340,0,0,S,81600,200,6405339,5954536,
000042.SZ,000042,20251209,93905640,6407464,C,0, ,0,5900,6398966,0,
000042.SZ,000042,20251209,93906180,6410849,0,0,S,81600,100,6410848,5954536,
000042.SZ,000042,20251209,93907540,6420875,C,0, ,0,5900,6398953,0,
000042.SZ,000042,20251209,93907540,6420876,C,0, ,0,5900,6398954,0,
000042.SZ,000042,20251209,93907560,6421026,0,0,S,81600,1000,6421025,5954536,
000042.SZ,000042,20251209,93907570,6421056,0,0,S,81600,100,6421055,5954536,
000042.SZ,000042,20251209,93908920,6429184,C,0, ,0,100,0,6071475,
000042.SZ,000042,20251209,93909010,6429606,0,0,B,81700,100,6410842,6429605,
000042.SZ,000042,20251209,93913330,6457719,0,0,S,81600,100,6457718,5954536,
000042.SZ,000042,20251209,93914790,6467296,C,0, ,0,100,0,6288129,
000042.SZ,000042,20251209,93915290,6469976,0,0,S,81600,100,6469975,5954536,
000042.SZ,000042,20251209,93916270,6476580,0,0,S,81600,100,6476579,5954536,
000042.SZ,000042,20251209,93916680,6479307,0,0,S,81600,1000,6479306,5954536,
000042.SZ,000042,20251209,93916680,6479308,0,0,S,81600,600,6479306,6040303,
000042.SZ,000042,20251209,93916680,6479309,0,0,S,81600,1000,6479306,6131649,
000042.SZ,000042,20251209,93916680,6479310,0,0,S,81600,10000,6479306,6136926,
000042.SZ,000042,20251209,93916680,6479311,0,0,S,81600,600,6479306,6167894,
000042.SZ,000042,20251209,93916680,6479312,0,0,S,81600,900,6479306,6172271,
000042.SZ,000042,20251209,93916680,6479313,0,0,S,81600,900,6479306,6180626,
000042.SZ,000042,20251209,93916680,6479335,0,0,S,81600,100,6479334,6180626,
000042.SZ,000042,20251209,93916680,6479336,0,0,S,81600,3000,6479334,6265145,
000042.SZ,000042,20251209,93916680,6479337,0,0,S,81600,500,6479334,6326129,
000042.SZ,000042,20251209,93916680,6479338,0,0,S,81600,1000,6479334,6367362,
000042.SZ,000042,20251209,93916680,6479339,0,0,S,81600,2000,6479334,6393145,
000042.SZ,000042,20251209,93918010,6486709,0,0,B,81600,600,6479341,6486708,
000042.SZ,000042,20251209,93918970,6493212,0,0,B,81600,600,6479341,6493211,
000042.SZ,000042,20251209,93919680,6498021,C,0, ,0,4000,6479341,0,
000042.SZ,000042,20251209,93919790,6498571,0,0,B,81600,100,6479348,6498570,
000042.SZ,000042,20251209,93921700,6508663,C,0, ,0,6500,6479348,0,
000042.SZ,000042,20251209,93923670,6520926,C,0, ,0,33600,261726,0,
000042.SZ,000042,20251209,93925060,6528545,0,0,B,81600,400,6500275,6528544,
000042.SZ,000042,20251209,93925070,6528644,0,0,B,81600,600,6500275,6528643,
000042.SZ,000042,20251209,93928840,6550582,0,0,S,81500,1100,6550581,269085,
000042.SZ,000042,20251209,93929140,6551942,C,0, ,0,600,0,6481890,
000042.SZ,000042,20251209,93930060,6556142,C,0, ,0,700,0,6481390,
000042.SZ,000042,20251209,93930140,6556589,0,0,B,81600,600,6500275,6556588,
000042.SZ,000042,20251209,93930920,6561205,C,0, ,0,200,6244950,0,
000042.SZ,000042,20251209,93931050,6562066,0,0,B,81600,700,6500275,6562065,
000042.SZ,000042,20251209,93933200,6575362,0,0,B,81600,500,6500275,6575361,
000042.SZ,000042,20251209,93937770,6605124,C,0, ,0,1000,5554558,0,
000042.SZ,000042,20251209,93943140,6639067,0,0,B,81600,1000,6500275,6639066,
000042.SZ,000042,20251209,93943230,6639497,0,0,S,81500,800,6639496,269085,
000042.SZ,000042,20251209,93943230,6639498,0,0,S,81500,500,6639496,448368,
000042.SZ,000042,20251209,93944490,6646420,0,0,B,81600,300,6500275,6646419,
000042.SZ,000042,20251209,93946380,6657038,C,0, ,0,1500,812151,0,
000042.SZ,000042,20251209,93946830,6659799,0,0,B,81600,3000,6500275,6659798,
000042.SZ,000042,20251209,93955170,6711675,C,0, ,0,1700,0,1992904,
000042.SZ,000042,20251209,93958670,6733880,C,0, ,0,200,6465812,0,
000042.SZ,000042,20251209,93958670,6733881,C,0, ,0,100,5625920,0,
000042.SZ,000042,20251209,93958910,6735384,0,0,S,81500,2500,6735383,448368,
000042.SZ,000042,20251209,93958910,6735385,0,0,S,81500,1400,6735383,3084217,
000042.SZ,000042,20251209,93958910,6735386,0,0,S,81500,2000,6735383,3513641,
000042.SZ,000042,20251209,93958910,6735387,0,0,S,81500,200,6735383,4080575,
000042.SZ,000042,20251209,94005570,6783361,0,0,S,81500,300,6783360,4080575,
000042.SZ,000042,20251209,94007830,6800430,0,0,B,81600,2200,6500275,6800429,
000042.SZ,000042,20251209,94015720,6851443,C,0, ,0,2300,6479258,0,
000042.SZ,000042,20251209,94017270,6866381,0,0,S,81500,1200,6866380,4080575,
000042.SZ,000042,20251209,94017270,6866382,0,0,S,81500,100,6866380,4211171,
000042.SZ,000042,20251209,94017270,6866383,0,0,S,81500,300,6866380,5070229,
000042.SZ,000042,20251209,94017270,6866384,0,0,S,81500,800,6866380,5683847,
000042.SZ,000042,20251209,94017270,6866385,0,0,S,81500,100,6866380,5789158,
000042.SZ,000042,20251209,94025840,6920097,C,0, ,0,400,0,3803395,
000042.SZ,000042,20251209,94031760,6956971,0,0,S,81500,500,6956970,5789158,
000042.SZ,000042,20251209,94035360,6980399,C,0, ,0,8100,0,4673899,
000042.SZ,000042,20251209,94042090,7018075,C,0, ,0,2100,0,6723465,
000042.SZ,000042,20251209,94042470,7020532,0,0,B,81600,700,6500275,7020531,
000042.SZ,000042,20251209,94042470,7020533,0,0,B,81600,1400,6657726,7020531,
000042.SZ,000042,20251209,94043710,7027680,C,0, ,0,5100,0,238685,
000042.SZ,000042,20251209,94045180,7035153,0,0,S,81500,400,7035152,5789158,
000042.SZ,000042,20251209,94045180,7035154,0,0,S,81500,100,7035152,5810650,
000042.SZ,000042,20251209,94045180,7035155,0,0,S,81500,1000,7035152,5850649,
000042.SZ,000042,20251209,94045180,7035156,0,0,S,81500,500,7035152,5871276,
000042.SZ,000042,20251209,94045180,7035157,0,0,S,81500,1300,7035152,5875378,
000042.SZ,000042,20251209,94050340,7066182,C,0, ,0,1500,0,6838147,
000042.SZ,000042,20251209,94057520,7109490,0,0,B,81600,2100,6657726,7109489,
000042.SZ,000042,20251209,94100020,7125099,0,0,S,81500,300,7125098,5875378,
000042.SZ,000042,20251209,94100070,7125549,0,0,S,81500,100,7125548,5875378,
000042.SZ,000042,20251209,94100110,7125684,C,0, ,0,100,6742094,0,
000042.SZ,000042,20251209,94100110,7125694,C,0, ,0,100,6742096,0,
000042.SZ,000042,20251209,94102240,7140842,C,0, ,0,100,0,461538,
000042.SZ,000042,20251209,94105460,7160348,C,0, ,0,300,0,7055841,
000042.SZ,000042,20251209,94105500,7160544,C,0, ,0,700,6776282,0,
000042.SZ,000042,20251209,94105550,7160877,0,0,S,81500,800,7160876,5875378,
000042.SZ,000042,20251209,94105600,7161245,0,0,S,81500,2200,7161244,5875378,
000042.SZ,000042,20251209,94110130,7186548,C,0, ,0,1000,6821879,0,
000042.SZ,000042,20251209,94112450,7199363,C,0, ,0,1000,0,5067007,
000042.SZ,000042,20251209,94127160,7279367,0,0,B,81600,2200,6657726,7279366,
000042.SZ,000042,20251209,94127230,7279762,0,0,B,81600,100,6657726,7279761,
000042.SZ,000042,20251209,94127240,7279777,0,0,B,81600,100,6657726,7279776,
000042.SZ,000042,20251209,94128480,7287526,0,0,B,81600,2000,6657726,7287525,
000042.SZ,000042,20251209,94144820,7378487,C,0, ,0,1800,0,7282301,
000042.SZ,000042,20251209,94149230,7404531,0,0,B,81600,2000,6657726,7404530,
000042.SZ,000042,20251209,94150000,7409820,C,0, ,0,300,6927263,0,
000042.SZ,000042,20251209,94150000,7409855,0,0,B,81600,100,6657726,7409854,
000042.SZ,000042,20251209,94154020,7432697,0,0,S,81500,300,7432696,5875378,
000042.SZ,000042,20251209,94154020,7432698,0,0,S,81500,1000,7432696,5916031,
000042.SZ,000042,20251209,94154020,7432699,0,0,S,81500,1000,7432696,5923445,
000042.SZ,000042,20251209,94154020,7432700,0,0,S,81500,2700,7432696,5927988,
000042.SZ,000042,20251209,94154040,7432865,C,0, ,0,300,0,7143083,
000042.SZ,000042,20251209,94154040,7432870,C,0, ,0,1100,0,7143358,
000042.SZ,000042,20251209,94156610,7447150,0,0,B,81600,1800,6702805,7447149,
000042.SZ,000042,20251209,94156610,7447151,0,0,B,81600,100,6742109,7447149,
000042.SZ,000042,20251209,94156610,7447152,0,0,B,81600,200,6753512,7447149,
000042.SZ,000042,20251209,94156610,7447153,0,0,B,81600,100,6758972,7447149,
000042.SZ,000042,20251209,94156610,7447154,0,0,B,81600,300,6790070,7447149,
000042.SZ,000042,20251209,94156610,7447155,0,0,B,81600,4200,6926912,7447149,
000042.SZ,000042,20251209,94156610,7447156,0,0,B,81600,100,6927069,7447149,
000042.SZ,000042,20251209,94156610,7447157,0,0,B,81600,100,6927185,7447149,
000042.SZ,000042,20251209,94156610,7447158,0,0,B,81600,500,6927224,7447149,
000042.SZ,000042,20251209,94156610,7447159,0,0,B,81600,400,6927367,7447149,
000042.SZ,000042,20251209,94156610,7447160,0,0,B,81600,300,6927742,7447149,
000042.SZ,000042,20251209,94156610,7447161,0,0,B,81600,200,6928104,7447149,
000042.SZ,000042,20251209,94156610,7447162,0,0,B,81600,300,6928105,7447149,
000042.SZ,000042,20251209,94156610,7447163,0,0,B,81600,300,6928215,7447149,
000042.SZ,000042,20251209,94156610,7447164,0,0,B,81600,400,6928252,7447149,
000042.SZ,000042,20251209,94156610,7447165,0,0,B,81600,500,6928307,7447149,
000042.SZ,000042,20251209,94156610,7447166,0,0,B,81600,400,6930037,7447149,
000042.SZ,000042,20251209,94156610,7447167,0,0,B,81600,100,7125387,7447149,
000042.SZ,000042,20251209,94156610,7447168,0,0,B,81600,300,7125452,7447149,
000042.SZ,000042,20251209,94156610,7447169,0,0,B,81600,100,7188050,7447149,
000042.SZ,000042,20251209,94156610,7447170,0,0,B,81600,100,7410502,7447149,
000042.SZ,000042,20251209,94156610,7447171,0,0,B,81600,500,7410515,7447149,
000042.SZ,000042,20251209,94156610,7447172,0,0,B,81600,100,7410736,7447149,
000042.SZ,000042,20251209,94156610,7447173,0,0,B,81600,100,7411146,7447149,
000042.SZ,000042,20251209,94156610,7447174,0,0,B,81600,400,7416677,7447149,
000042.SZ,000042,20251209,94156610,7447175,0,0,B,81600,300,7416802,7447149,
000042.SZ,000042,20251209,94156610,7447176,0,0,B,81600,300,7416981,7447149,
000042.SZ,000042,20251209,94156610,7447177,0,0,B,81600,200,7416984,7447149,
000042.SZ,000042,20251209,94156610,7447178,0,0,B,81600,100,7417029,7447149,
000042.SZ,000042,20251209,94156610,7447179,0,0,B,81600,100,7417058,7447149,
000042.SZ,000042,20251209,94156610,7447180,0,0,B,81600,500,7417383,7447149,
000042.SZ,000042,20251209,94156610,7447181,0,0,B,81600,100,7432714,7447149,
000042.SZ,000042,20251209,94156610,7447182,0,0,B,81600,100,7432718,7447149,
000042.SZ,000042,20251209,94156610,7447201,0,0,S,81600,1400,7447200,7447149,
000042.SZ,000042,20251209,94156620,7447229,C,0, ,0,200,7447202,0,
000042.SZ,000042,20251209,94156620,7447230,C,0, ,0,100,7447203,0,
000042.SZ,000042,20251209,94156710,7447608,C,0, ,0,100,5604267,0,
000042.SZ,000042,20251209,94157730,7452718,0,0,B,81600,100,7447204,7452717,
000042.SZ,000042,20251209,94157730,7452719,0,0,B,81600,1400,7447206,7452717,
000042.SZ,000042,20251209,94157730,7452720,0,0,B,81600,600,7447207,7452717,
000042.SZ,000042,20251209,94157970,7453859,0,0,B,81600,500,7447207,7453858,
000042.SZ,000042,20251209,94159610,7464069,C,0, ,0,300,7447207,0,
000042.SZ,000042,20251209,94159620,7464071,C,0, ,0,1200,7447213,0,
000042.SZ,000042,20251209,94203330,7485852,0,0,S,81500,1700,7485851,5927988,
000042.SZ,000042,20251209,94203330,7485853,0,0,S,81500,3300,7485851,5986488,
000042.SZ,000042,20251209,94206160,7504622,C,0, ,0,200,0,7292343,
000042.SZ,000042,20251209,94227580,7623602,0,0,B,81600,100,7447702,7623601,
000042.SZ,000042,20251209,94227580,7623603,0,0,B,81600,100,7466023,7623601,
000042.SZ,000042,20251209,94227580,7623604,0,0,B,81600,100,7466075,7623601,
000042.SZ,000042,20251209,94227580,7623605,0,0,B,81600,100,7466116,7623601,
000042.SZ,000042,20251209,94227580,7623606,0,0,B,81600,100,7466127,7623601,
000042.SZ,000042,20251209,94227580,7623607,0,0,B,81600,100,7467123,7623601,
000042.SZ,000042,20251209,94227580,7623608,0,0,B,81600,1500,7473357,7623601,
000042.SZ,000042,20251209,94227590,7623626,0,0,B,81600,100,7473357,7623625,
000042.SZ,000042,20251209,94232680,7649284,0,0,S,81500,200,7649283,5986488,
000042.SZ,000042,20251209,94250460,7753069,0,0,B,81600,2000,7512212,7753068,
000042.SZ,000042,20251209,94255530,7779816,C,0, ,0,200,1184774,0,
000042.SZ,000042,20251209,94255840,7781250,0,0,B,81600,200,7512212,7781249,
000042.SZ,000042,20251209,94255840,7781251,0,0,B,81600,300,7512213,7781249,
000042.SZ,000042,20251209,94255840,7781252,0,0,B,81600,200,7512619,7781249,
000042.SZ,000042,20251209,94255840,7781253,0,0,B,81600,100,7523884,7781249,
000042.SZ,000042,20251209,94255840,7781254,0,0,B,81600,200,7523887,7781249,
000042.SZ,000042,20251209,94255840,7781255,0,0,B,81600,100,7540519,7781249,
000042.SZ,000042,20251209,94255840,7781256,0,0,B,81600,100,7593502,7781249,
000042.SZ,000042,20251209,94255840,7781257,0,0,B,81600,100,7593530,7781249,
000042.SZ,000042,20251209,94255840,7781258,0,0,B,81600,100,7605773,7781249,
000042.SZ,000042,20251209,94255840,7781259,0,0,B,81600,400,7665189,7781249,
000042.SZ,000042,20251209,94255840,7781260,0,0,B,81600,100,7729038,7781249,
000042.SZ,000042,20251209,94255840,7781261,0,0,B,81600,100,7729076,7781249,
000042.SZ,000042,20251209,94255870,7781439,0,0,B,81600,200,7729080,7781438,
000042.SZ,000042,20251209,94255870,7781440,0,0,B,81600,200,7729082,7781438,
000042.SZ,000042,20251209,94255870,7781441,0,0,B,81600,100,7739392,7781438,
000042.SZ,000042,20251209,94255870,7781442,0,0,B,81600,1500,7777241,7781438,
000042.SZ,000042,20251209,94304880,7828369,C,0, ,0,10000,1460606,0,
000042.SZ,000042,20251209,94306390,7836762,0,0,B,81600,100,7777241,7836761,
000042.SZ,000042,20251209,94306390,7836763,0,0,B,81600,100,7800720,7836761,
000042.SZ,000042,20251209,94306390,7836764,0,0,B,81600,200,7800722,7836761,
000042.SZ,000042,20251209,94306390,7836765,0,0,B,81600,100,7800930,7836761,
000042.SZ,000042,20251209,94306390,7836766,0,0,B,81600,200,7801521,7836761,
000042.SZ,000042,20251209,94306390,7836767,0,0,B,81600,100,7803212,7836761,
000042.SZ,000042,20251209,94306390,7836768,0,0,B,81600,100,7803279,7836761,
000042.SZ,000042,20251209,94306390,7836769,0,0,B,81600,300,7819851,7836761,
000042.SZ,000042,20251209,94306390,7836770,0,0,B,81700,100,6410842,7836761,
000042.SZ,000042,20251209,94306580,7837928,0,0,S,81600,100,7837927,7837910,
000042.SZ,000042,20251209,94306590,7837964,C,0, ,0,100,7837929,0,
000042.SZ,000042,20251209,94306630,7838273,0,0,B,81600,100,7837935,7838272,
000042.SZ,000042,20251209,94307360,7842780,C,0, ,0,15000,7632848,0,
000042.SZ,000042,20251209,94309190,7852742,0,0,S,81600,200,7852741,7838272,
000042.SZ,000042,20251209,94310460,7860126,C,0, ,0,2000,0,6926057,
000042.SZ,000042,20251209,94310990,7862977,C,0, ,0,100,0,7716294,
000042.SZ,000042,20251209,94311030,7863192,0,0,B,81700,1100,6410842,7863191,
000042.SZ,000042,20251209,94311030,7863193,0,0,B,81700,700,6454587,7863191,
000042.SZ,000042,20251209,94311030,7863194,0,0,B,81700,200,6561229,7863191,
000042.SZ,000042,20251209,94311030,7863195,0,0,B,81700,100,7837106,7863191,
000042.SZ,000042,20251209,94311760,7866815,C,0, ,0,700,0,7303453,
000042.SZ,000042,20251209,94314110,7880846,C,0, ,0,300,0,6866068,
000042.SZ,000042,20251209,94314770,7884639,C,0, ,0,1000,0,7626678,
000042.SZ,000042,20251209,94316210,7891928,C,0, ,0,1000,0,7165080,
000042.SZ,000042,20251209,94320440,7913758,0,0,B,81700,200,7837216,7913757,
000042.SZ,000042,20251209,94321380,7918051,C,0, ,0,800,0,7036357,
000042.SZ,000042,20251209,94321510,7918711,0,0,S,81600,700,7918710,7838272,
000042.SZ,000042,20251209,94321510,7918712,0,0,S,81600,100,7918710,7858028,
000042.SZ,000042,20251209,94321510,7918713,0,0,S,81600,200,7918710,7868685,
000042.SZ,000042,20251209,94324260,7931645,C,0, ,0,100,0,7868685,
000042.SZ,000042,20251209,94324740,7933965,0,0,B,81700,200,7842871,7933964,
000042.SZ,000042,20251209,94324740,7933966,0,0,B,81700,400,7842895,7933964,
000042.SZ,000042,20251209,94324740,7933967,0,0,B,81700,200,7882688,7933964,
000042.SZ,000042,20251209,94324740,7933968,0,0,B,81700,900,7882689,7933964,
000042.SZ,000042,20251209,94324740,7933969,0,0,B,81700,200,7882697,7933964,
000042.SZ,000042,20251209,94324740,7933970,0,0,B,81700,200,7882698,7933964,
000042.SZ,000042,20251209,94326890,7944299,C,0, ,0,3000,0,7188997,
000042.SZ,000042,20251209,94336000,7987790,0,0,B,81700,200,7882698,7987789,
000042.SZ,000042,20251209,94336000,7987791,0,0,B,81700,100,7882747,7987789,
000042.SZ,000042,20251209,94343010,8020468,C,0, ,0,1000,0,7788042,
000042.SZ,000042,20251209,94357590,8092885,0,0,B,81700,100,7882747,8092884,
000042.SZ,000042,20251209,94357590,8092886,0,0,B,81700,1500,8014544,8092884,
000042.SZ,000042,20251209,94357590,8092887,0,0,B,81700,100,8077353,8092884,
000042.SZ,000042,20251209,94357590,8092888,0,0,B,81800,700,5613456,8092884,
000042.SZ,000042,20251209,94410280,8166643,0,0,B,81700,100,8098824,8166642,
000042.SZ,000042,20251209,94410430,8167465,0,0,B,81700,100,8098824,8167464,
000042.SZ,000042,20251209,94410430,8167466,0,0,B,81700,100,8098825,8167464,
000042.SZ,000042,20251209,94410430,8167467,0,0,B,81700,100,8106150,8167464,
000042.SZ,000042,20251209,94410430,8167468,0,0,B,81700,200,8107020,8167464,
000042.SZ,000042,20251209,94410430,8167469,0,0,B,81700,200,8127648,8167464,
000042.SZ,000042,20251209,94411830,8174851,C,0, ,0,2000,0,6094066,
000042.SZ,000042,20251209,94413500,8184624,0,0,B,81700,700,8127648,8184623,
000042.SZ,000042,20251209,94413500,8184625,0,0,B,81700,1000,8134831,8184623,
000042.SZ,000042,20251209,94413500,8184626,0,0,B,81700,700,8134970,8184623,
000042.SZ,000042,20251209,94413500,8184627,0,0,B,81700,100,8135268,8184623,
000042.SZ,000042,20251209,94415380,8194180,0,0,S,81700,100,8194179,8194160,
000042.SZ,000042,20251209,94417710,8207471,C,0, ,0,100,8194181,0,
000042.SZ,000042,20251209,94417770,8207940,0,0,S,81700,100,8207939,8207904,
000042.SZ,000042,20251209,94417770,8207949,C,0, ,0,100,8207941,0,
000042.SZ,000042,20251209,94419000,8214976,0,0,S,81700,100,8214975,8214936,
000042.SZ,000042,20251209,94419670,8219590,0,0,S,81700,1900,8219589,8214936,
000042.SZ,000042,20251209,94427130,8253637,0,0,B,81800,2100,5613458,8253636,
000042.SZ,000042,20251209,94427270,8254183,0,0,B,81800,200,5613458,8254182,
000042.SZ,000042,20251209,94430360,8270110,C,0, ,0,11500,5775696,0,
000042.SZ,000042,20251209,94431690,8277565,C,0, ,0,1000,0,7993526,
000042.SZ,000042,20251209,94436500,8302971,C,0, ,0,700,0,5779060,
000042.SZ,000042,20251209,94444420,8340757,C,0, ,0,1800,5772937,0,
000042.SZ,000042,20251209,94451380,8370668,C,0, ,0,700,0,7918143,
000042.SZ,000042,20251209,94455270,8388319,0,0,B,81800,100,5613458,8388318,
000042.SZ,000042,20251209,94455270,8388320,0,0,B,81800,1900,5613473,8388318,
000042.SZ,000042,20251209,94455850,8390980,C,0, ,0,1800,0,8206776,
000042.SZ,000042,20251209,94458280,8402867,0,0,B,81800,3300,5613473,8402866,
000042.SZ,000042,20251209,94458280,8402868,0,0,B,81800,100,6698582,8402866,
000042.SZ,000042,20251209,94458280,8402869,0,0,B,81800,100,8192614,8402866,
000042.SZ,000042,20251209,94458280,8402870,0,0,B,81800,200,8192733,8402866,
000042.SZ,000042,20251209,94458280,8402871,0,0,B,81800,1600,8287856,8402866,
000042.SZ,000042,20251209,94458280,8402872,0,0,B,81800,200,8374367,8402866,
000042.SZ,000042,20251209,94500050,8410860,0,0,S,81800,100,8410859,8402866,
000042.SZ,000042,20251209,94500060,8410939,0,0,S,81800,200,8410938,8402866,
000042.SZ,000042,20251209,94500060,8410955,0,0,S,81800,100,8410954,8402866,
000042.SZ,000042,20251209,94500070,8410984,0,0,S,81800,25300,8410983,8402866,
000042.SZ,000042,20251209,94500090,8411121,C,0, ,0,300,0,8388467,
000042.SZ,000042,20251209,94500090,8411125,C,0, ,0,1100,0,8388755,
000042.SZ,000042,20251209,94501170,8418746,C,0, ,0,100,8410983,0,
000042.SZ,000042,20251209,94503360,8432854,C,0, ,0,14900,8412639,0,
000042.SZ,000042,20251209,94503360,8432855,C,0, ,0,10900,5729146,0,
000042.SZ,000042,20251209,94506710,8449687,C,0, ,0,100,0,6866134,
000042.SZ,000042,20251209,94506710,8449696,C,0, ,0,600,0,7239339,
000042.SZ,000042,20251209,94509510,8466373,0,0,S,81700,100,8466372,8263855,
000042.SZ,000042,20251209,94515300,8503490,0,0,B,81800,100,8411213,8503489,
000042.SZ,000042,20251209,94518100,8524011,0,0,S,81700,1500,8524010,8263855,
000042.SZ,000042,20251209,94518100,8524012,0,0,S,81700,2000,8524010,8334846,
000042.SZ,000042,20251209,94518100,8524013,0,0,S,81700,1000,8524010,8368691,
000042.SZ,000042,20251209,94518100,8524014,0,0,S,81700,500,8524010,8370757,
000042.SZ,000042,20251209,94522010,8550270,C,0, ,0,21200,0,124307,
000042.SZ,000042,20251209,94524180,8563585,0,0,S,81700,300,8563584,8370757,
000042.SZ,000042,20251209,94524180,8563612,0,0,S,81700,100,8563611,8370757,
000042.SZ,000042,20251209,94524180,8563613,0,0,S,81700,100,8563611,8449728,
000042.SZ,000042,20251209,94529260,8593154,0,0,S,81700,800,8593153,8449728,
000042.SZ,000042,20251209,94529260,8593155,0,0,S,81700,300,8593153,8466554,
000042.SZ,000042,20251209,94529260,8593156,0,0,S,81700,1300,8593153,8493640,
000042.SZ,000042,20251209,94529280,8593252,0,0,S,81700,100,8593251,8493640,
000042.SZ,000042,20251209,94530240,8598025,C,0, ,0,1000,0,6703755,
000042.SZ,000042,20251209,94530250,8598087,0,0,S,81700,100,8598086,8493640,
000042.SZ,000042,20251209,94530250,8598089,0,0,S,81700,100,8598088,8493640,
000042.SZ,000042,20251209,94530930,8602296,C,0, ,0,9000,0,4819298,
000042.SZ,000042,20251209,94540670,8653952,0,0,B,81800,100,8417039,8653951,
000042.SZ,000042,20251209,94546010,8680813,0,0,S,81700,2300,8680812,8493640,
000042.SZ,000042,20251209,94546010,8680814,0,0,S,81700,7400,8680812,8501558,
000042.SZ,000042,20251209,94546020,8680848,0,0,S,81700,9700,8680847,8501558,
000042.SZ,000042,20251209,94546020,8680851,0,0,S,81700,3900,8680850,8501558,
000042.SZ,000042,20251209,94546020,8680852,0,0,S,81700,2000,8680850,8539683,
000042.SZ,000042,20251209,94547120,8686846,C,0, ,0,9700,8680850,0,
000042.SZ,000042,20251209,94548530,8693371,C,0, ,0,700,8680929,0,
000042.SZ,000042,20251209,94549020,8695651,C,0, ,0,1500,8680885,0,
000042.SZ,000042,20251209,94549220,8696675,C,0, ,0,300,8509977,0,
000042.SZ,000042,20251209,94549240,8696813,C,0, ,0,400,8510083,0,
000042.SZ,000042,20251209,94549250,8696818,C,0, ,0,200,8510139,0,
000042.SZ,000042,20251209,94549250,8696851,C,0, ,0,100,8510540,0,
000042.SZ,000042,20251209,94549260,8696995,C,0, ,0,300,8510092,0,
000042.SZ,000042,20251209,94549270,8697023,C,0, ,0,200,8509815,0,
000042.SZ,000042,20251209,94549270,8697025,C,0, ,0,200,8509820,0,
000042.SZ,000042,20251209,94549270,8697035,C,0, ,0,300,8509819,0,
000042.SZ,000042,20251209,94549270,8697036,C,0, ,0,200,8509818,0,
000042.SZ,000042,20251209,94549270,8697037,C,0, ,0,300,8509817,0,
000042.SZ,000042,20251209,94549270,8697065,C,0, ,0,200,8510531,0,
000042.SZ,000042,20251209,94549270,8697102,C,0, ,0,100,8510267,0,
000042.SZ,000042,20251209,94549270,8697110,C,0, ,0,200,8509875,0,
000042.SZ,000042,20251209,94549280,8697148,C,0, ,0,300,8509961,0,
000042.SZ,000042,20251209,94549280,8697231,C,0, ,0,500,8510102,0,
000042.SZ,000042,20251209,94549290,8697287,C,0, ,0,200,8510045,0,
000042.SZ,000042,20251209,94549300,8697377,C,0, ,0,200,8510067,0,
000042.SZ,000042,20251209,94549360,8697857,C,0, ,0,400,8510466,0,
000042.SZ,000042,20251209,94551030,8706328,C,0, ,0,5900,8680859,0,
000042.SZ,000042,20251209,94551660,8709411,0,0,S,81600,800,8709410,7880898,
000042.SZ,000042,20251209,94551660,8709412,0,0,S,81600,600,8709410,7916753,
000042.SZ,000042,20251209,94551660,8709413,0,0,S,81600,1000,8709410,7982932,
000042.SZ,000042,20251209,94551660,8709414,0,0,S,81600,1100,8709410,7986968,
000042.SZ,000042,20251209,94551660,8709416,0,0,S,81600,3500,8709415,7986968,
000042.SZ,000042,20251209,94551660,8709419,0,0,S,81600,1300,8709418,7986968,
000042.SZ,000042,20251209,94551660,8709422,0,0,S,81600,7800,8709421,7986968,
000042.SZ,000042,20251209,94551660,8709423,0,0,S,81600,900,8709421,8037533,
000042.SZ,000042,20251209,94551660,8709424,0,0,S,81600,2500,8709421,8059607,
000042.SZ,000042,20251209,94551660,8709425,0,0,S,81600,2000,8709421,8076491,
000042.SZ,000042,20251209,94551670,8709442,0,0,S,81600,300,8709441,8076491,
000042.SZ,000042,20251209,94551670,8709443,0,0,S,81600,400,8709441,8149795,
000042.SZ,000042,20251209,94551670,8709444,0,0,S,81600,10000,8709441,8207412,
000042.SZ,000042,20251209,94551670,8709445,0,0,S,81600,300,8709441,8214659,
000042.SZ,000042,20251209,94551670,8709446,0,0,S,81600,500,8709441,8214715,
000042.SZ,000042,20251209,94551670,8709447,0,0,S,81600,1000,8709441,8391544,
000042.SZ,000042,20251209,94551670,8709448,0,0,S,81600,700,8709441,8445088,
000042.SZ,000042,20251209,94551690,8709551,C,0, ,0,300,0,7447283,
000042.SZ,000042,20251209,94551690,8709557,C,0, ,0,1100,0,7447368,
000042.SZ,000042,20251209,94552770,8717048,C,0, ,0,13200,8709454,0,
000042.SZ,000042,20251209,94552770,8717071,C,0, ,0,100,8580799,0,
000042.SZ,000042,20251209,94554350,8725256,C,0, ,0,200,8698898,0,
000042.SZ,000042,20251209,94554350,8725269,C,0, ,0,300,8698893,0,
000042.SZ,000042,20251209,94554350,8725270,C,0, ,0,300,8698896,0,
000042.SZ,000042,20251209,94554350,8725271,C,0, ,0,200,8698897,0,
000042.SZ,000042,20251209,94554350,8725320,C,0, ,0,200,8698934,0,
000042.SZ,000042,20251209,94554360,8725329,C,0, ,0,200,8698939,0,
000042.SZ,000042,20251209,94554360,8725333,C,0, ,0,200,8698903,0,
000042.SZ,000042,20251209,94554360,8725335,C,0, ,0,300,8698964,0,
000042.SZ,000042,20251209,94554360,8725336,C,0, ,0,500,8698944,0,
000042.SZ,000042,20251209,94554360,8725381,C,0, ,0,200,8698998,0,
000042.SZ,000042,20251209,94554370,8725395,C,0, ,0,200,8699002,0,
000042.SZ,000042,20251209,94554670,8727422,C,0, ,0,1500,8709453,0,
000042.SZ,000042,20251209,94554730,8727722,0,0,B,81600,100,8717166,8727721,
000042.SZ,000042,20251209,94554730,8727723,0,0,B,81600,100,8717168,8727721,
000042.SZ,000042,20251209,94554730,8727724,0,0,B,81600,100,8717170,8727721,
000042.SZ,000042,20251209,94554730,8727725,0,0,B,81600,100,8717238,8727721,
000042.SZ,000042,20251209,94554730,8727726,0,0,B,81600,200,8717598,8727721,
000042.SZ,000042,20251209,94554730,8727727,0,0,B,81600,100,8724232,8727721,
000042.SZ,000042,20251209,94554730,8727728,0,0,B,81600,300,8725626,8727721,
000042.SZ,000042,20251209,94554730,8727729,0,0,B,81600,300,8725628,8727721,
000042.SZ,000042,20251209,94554730,8727730,0,0,B,81600,100,8725629,8727721,
000042.SZ,000042,20251209,94555250,8731751,0,0,B,81600,100,8725629,8731750,
000042.SZ,000042,20251209,94555250,8731752,0,0,B,81600,200,8725630,8731750,
000042.SZ,000042,20251209,94555250,8731753,0,0,B,81600,200,8725632,8731750,
000042.SZ,000042,20251209,94555250,8731754,0,0,B,81600,300,8725633,8731750,
000042.SZ,000042,20251209,94555250,8731755,0,0,B,81600,200,8725651,8731750,
000042.SZ,000042,20251209,94555250,8731756,0,0,B,81600,200,8725661,8731750,
000042.SZ,000042,20251209,94555250,8731757,0,0,B,81600,500,8725669,8731750,
000042.SZ,000042,20251209,94555250,8731758,0,0,B,81600,200,8725684,8731750,
000042.SZ,000042,20251209,94555250,8731759,0,0,B,81600,200,8725874,8731750,
000042.SZ,000042,20251209,94555250,8731760,0,0,B,81700,2200,8680872,8731750,
000042.SZ,000042,20251209,94555990,8736291,0,0,B,81600,100,8732008,8736290,
000042.SZ,000042,20251209,94555990,8736293,0,0,B,81600,100,8732008,8736292,
000042.SZ,000042,20251209,94557300,8743322,0,0,S,81600,100,8743321,8736292,
000042.SZ,000042,20251209,94601000,8765513,C,0, ,0,300,0,8731919,
000042.SZ,000042,20251209,94601000,8765523,C,0, ,0,1100,0,8731952,
000042.SZ,000042,20251209,94606340,8800577,C,0, ,0,1200,8546775,0,
000042.SZ,000042,20251209,94606840,8804265,0,0,B,81600,100,8759283,8804264,
000042.SZ,000042,20251209,94606840,8804266,0,0,B,81600,500,8759879,8804264,
000042.SZ,000042,20251209,94607510,8810416,0,0,B,81600,400,8759879,8810415,
000042.SZ,000042,20251209,94607510,8810417,0,0,B,81600,200,8760205,8810415,
000042.SZ,000042,20251209,94607510,8810418,0,0,B,81600,200,8760269,8810415,
000042.SZ,000042,20251209,94607510,8810419,0,0,B,81600,700,8765265,8810415,
000042.SZ,000042,20251209,94607510,8810420,0,0,B,81600,100,8800609,8810415,
000042.SZ,000042,20251209,94607510,8810421,0,0,B,81600,300,8800621,8810415,
000042.SZ,000042,20251209,94607510,8810422,0,0,B,81600,100,8800631,8810415,
000042.SZ,000042,20251209,94607510,8810423,0,0,B,81600,100,8800642,8810415,
000042.SZ,000042,20251209,94607510,8810424,0,0,B,81600,300,8800953,8810415,
000042.SZ,000042,20251209,94607510,8810452,0,0,S,81600,1500,8810451,8810415,
000042.SZ,000042,20251209,94607510,8810458,0,0,S,81600,1100,8810457,8810415,
000042.SZ,000042,20251209,94608040,8814004,C,0, ,0,300,8698456,0,
000042.SZ,000042,20251209,94608050,8814041,C,0, ,0,200,8698531,0,
000042.SZ,000042,20251209,94608050,8814059,C,0, ,0,400,8698546,0,
000042.SZ,000042,20251209,94608050,8814064,C,0, ,0,400,8737268,0,
000042.SZ,000042,20251209,94608050,8814088,C,0, ,0,100,8698973,0,
000042.SZ,000042,20251209,94608090,8814362,C,0, ,0,300,8698510,0,
000042.SZ,000042,20251209,94608090,8814374,C,0, ,0,100,8698516,0,
000042.SZ,000042,20251209,94608110,8814502,C,0, ,0,400,8698972,0,
000042.SZ,000042,20251209,94608520,8816871,C,0, ,0,1100,8810479,0,
000042.SZ,000042,20251209,94608540,8817044,C,0, ,0,300,0,8810591,
000042.SZ,000042,20251209,94608560,8817141,C,0, ,0,1100,0,8810599,
000042.SZ,000042,20251209,94608610,8817419,C,0, ,0,1500,8810457,0,
000042.SZ,000042,20251209,94610010,8826081,C,0, ,0,700,8810530,0,
000042.SZ,000042,20251209,94610020,8826131,C,0, ,0,1100,8810477,0,
000042.SZ,000042,20251209,94610020,8826132,C,0, ,0,1100,8810478,0,
000042.SZ,000042,20251209,94610980,8832659,C,0, ,0,2400,0,7521498,
000042.SZ,000042,20251209,94611230,8834339,0,0,B,81600,100,8810509,8834338,
000042.SZ,000042,20251209,94611230,8834340,0,0,B,81600,100,8810577,8834338,
000042.SZ,000042,20251209,94613560,8847229,0,0,B,81600,100,8810651,8847228,
000042.SZ,000042,20251209,94613560,8847230,0,0,B,81600,100,8810705,8847228,
000042.SZ,000042,20251209,94613570,8847346,0,0,B,81600,100,8814963,8847345,
000042.SZ,000042,20251209,94624530,8904787,C,0, ,0,500,0,8284340,
000042.SZ,000042,20251209,94626010,8911971,0,0,B,81600,200,8814963,8911970,
000042.SZ,000042,20251209,94626010,8911972,0,0,B,81600,300,8814997,8911970,
000042.SZ,000042,20251209,94626010,8911973,0,0,B,81600,100,8815026,8911970,
000042.SZ,000042,20251209,94626010,8911974,0,0,B,81600,200,8815027,8911970,
000042.SZ,000042,20251209,94626010,8911975,0,0,B,81600,400,8815029,8911970,
000042.SZ,000042,20251209,94626010,8911976,0,0,B,81600,400,8815266,8911970,
000042.SZ,000042,20251209,94626010,8911977,0,0,B,81600,400,8815267,8911970,
000042.SZ,000042,20251209,94626010,8911978,0,0,B,81600,100,8815270,8911970,
000042.SZ,000042,20251209,94626010,8911979,0,0,B,81600,100,8826139,8911970,
000042.SZ,000042,20251209,94626010,8911980,0,0,B,81600,2800,8850119,8911970,
000042.SZ,000042,20251209,94626010,8911981,0,0,B,81600,100,8850141,8911970,
000042.SZ,000042,20251209,94626010,8911982,0,0,B,81600,100,8850142,8911970,
000042.SZ,000042,20251209,94626010,8911983,0,0,B,81600,100,8877863,8911970,
000042.SZ,000042,20251209,94626010,8911984,0,0,B,81600,800,8881835,8911970,
000042.SZ,000042,20251209,94626010,8911985,0,0,B,81600,100,8883583,8911970,
000042.SZ,000042,20251209,94626010,8911986,0,0,B,81600,100,8904809,8911970,
000042.SZ,000042,20251209,94626010,8911987,0,0,B,81600,100,8904810,8911970,
000042.SZ,000042,20251209,94626010,8911988,0,0,B,81600,300,8904821,8911970,
000042.SZ,000042,20251209,94642680,8997507,C,0, ,0,1400,0,7850426,
000042.SZ,000042,20251209,94644820,9009210,0,0,S,81600,900,9009209,8911970,
000042.SZ,000042,20251209,94646950,9020734,0,0,B,81700,2300,8680872,9020733,
000042.SZ,000042,20251209,94704050,9117165,C,0, ,0,500,0,8909158,
000042.SZ,000042,20251209,94714390,9174780,0,0,B,81700,1000,8680872,9174779,
000042.SZ,000042,20251209,94714390,9174781,0,0,B,81700,100,8731900,9174779,
000042.SZ,000042,20251209,94714390,9174782,0,0,B,81700,200,8994929,9174779,
000042.SZ,000042,20251209,94720930,9208361,0,0,B,81700,1600,8994929,9208360,
000042.SZ,000042,20251209,94720930,9208362,0,0,B,81700,200,9026757,9208360,
000042.SZ,000042,20251209,94720930,9208363,0,0,B,81700,100,9026795,9208360,
000042.SZ,000042,20251209,94722550,9217032,0,0,B,81700,100,9026797,9217031,
000042.SZ,000042,20251209,94722550,9217033,0,0,B,81700,200,9026880,9217031,
000042.SZ,000042,20251209,94722550,9217034,0,0,B,81700,400,9026896,9217031,
000042.SZ,000042,20251209,94722550,9217035,0,0,B,81700,100,9027087,9217031,
000042.SZ,000042,20251209,94722550,9217036,0,0,B,81700,200,9027114,9217031,
000042.SZ,000042,20251209,94722550,9217037,0,0,B,81700,200,9027209,9217031,
000042.SZ,000042,20251209,94722550,9217038,0,0,B,81700,700,9027219,9217031,
000042.SZ,000042,20251209,94722550,9217039,0,0,B,81700,300,9027304,9217031,
000042.SZ,000042,20251209,94724150,9224732,0,0,B,81700,1300,9027304,9224731,
000042.SZ,000042,20251209,94724150,9224733,0,0,B,81700,600,9041228,9224731,
000042.SZ,000042,20251209,94724150,9224734,0,0,B,81700,1300,9042300,9224731,
000042.SZ,000042,20251209,94724150,9224735,0,0,B,81700,300,9059254,9224731,
000042.SZ,000042,20251209,94726000,9233689,C,0, ,0,400,9188787,0,
000042.SZ,000042,20251209,94727360,9239849,C,0, ,0,1300,0,7232741,
000042.SZ,000042,20251209,94730270,9252476,0,0,B,81700,300,9059254,9252475,
000042.SZ,000042,20251209,94730270,9252477,0,0,B,81700,300,9059525,9252475,
000042.SZ,000042,20251209,94730340,9252732,0,0,B,81700,300,9059525,9252731,
000042.SZ,000042,20251209,94730340,9252733,0,0,B,81700,100,9090764,9252731,
000042.SZ,000042,20251209,94730340,9252734,0,0,B,81700,100,9090885,9252731,
000042.SZ,000042,20251209,94730340,9252735,0,0,B,81700,100,9091133,9252731,
000042.SZ,000042,20251209,94730340,9252736,0,0,B,81700,100,9092424,9252731,
000042.SZ,000042,20251209,94730340,9252737,0,0,B,81700,100,9094901,9252731,
000042.SZ,000042,20251209,94730340,9252738,0,0,B,81700,300,9188715,9252731,
000042.SZ,000042,20251209,94730340,9252739,0,0,B,81700,200,9188729,9252731,
000042.SZ,000042,20251209,94730340,9252740,0,0,B,81700,400,9188768,9252731,
000042.SZ,000042,20251209,94730340,9252741,0,0,B,81700,300,9188775,9252731,
000042.SZ,000042,20251209,94730340,9252742,0,0,B,81700,200,9188776,9252731,
000042.SZ,000042,20251209,94730340,9252743,0,0,B,81700,700,9188777,9252731,
000042.SZ,000042,20251209,94730340,9252744,0,0,B,81700,300,9188778,9252731,
000042.SZ,000042,20251209,94730340,9252745,0,0,B,81700,300,9188946,9252731,
000042.SZ,000042,20251209,94730340,9252746,0,0,B,81700,200,9189003,9252731,
000042.SZ,000042,20251209,94730340,9252747,0,0,B,81700,100,9204291,9252731,
000042.SZ,000042,20251209,94730340,9252748,0,0,B,81700,100,9204547,9252731,
000042.SZ,000042,20251209,94730340,9252749,0,0,B,81700,100,9233727,9252731,
000042.SZ,000042,20251209,94730970,9255865,C,0, ,0,200,9233727,0,
000042.SZ,000042,20251209,94741020,9306494,C,0, ,0,600,0,8302980,
000042.SZ,000042,20251209,94741020,9306495,C,0, ,0,600,0,7866829,
000042.SZ,000042,20251209,94751110,9354368,C,0, ,0,600,0,9306512,
000042.SZ,000042,20251209,94751110,9354370,C,0, ,0,600,0,9306516,
000042.SZ,000042,20251209,94751870,9357930,0,0,B,81700,100,9339482,9357929,
000042.SZ,000042,20251209,94751870,9357931,0,0,B,81700,200,9339483,9357929,
000042.SZ,000042,20251209,94751870,9357932,0,0,B,81700,400,9339486,9357929,
000042.SZ,000042,20251209,94751870,9357933,0,0,B,81700,100,9339559,9357929,
000042.SZ,000042,20251209,94751870,9357934,0,0,B,81700,500,9339625,9357929,
000042.SZ,000042,20251209,94751880,9358004,0,0,S,81700,300,9358003,9357929,
000042.SZ,000042,20251209,94751890,9358014,0,0,S,81700,600,9358013,9357929,
000042.SZ,000042,20251209,94752700,9362693,C,0, ,0,1000,0,9159473,
000042.SZ,000042,20251209,94754370,9370695,C,0, ,0,200,9358013,0,
000042.SZ,000042,20251209,94808110,9444910,0,0,B,81700,100,9358092,9444909,
000042.SZ,000042,20251209,94825390,9548348,0,0,B,81700,500,9358092,9548347,
000042.SZ,000042,20251209,94825390,9548349,0,0,B,81700,800,9358112,9548347,
000042.SZ,000042,20251209,94825390,9548350,0,0,B,81700,700,9359070,9548347,
000042.SZ,000042,20251209,94825780,9550943,0,0,B,81700,800,9373266,9550942,
000042.SZ,000042,20251209,94825780,9550944,0,0,B,81700,200,9396180,9550942,
000042.SZ,000042,20251209,94825780,9550945,0,0,B,81700,200,9396958,9550942,
000042.SZ,000042,20251209,94825780,9550946,0,0,B,81700,100,9397172,9550942,
000042.SZ,000042,20251209,94825780,9550947,0,0,B,81700,300,9490123,9550942,
000042.SZ,000042,20251209,94825780,9550948,0,0,B,81700,100,9494908,9550942,
000042.SZ,000042,20251209,94825780,9550949,0,0,B,81700,100,9508849,9550942,
000042.SZ,000042,20251209,94825780,9550950,0,0,B,81700,200,9528318,9550942,
000042.SZ,000042,20251209,94825780,9550951,0,0,B,81700,300,9528352,9550942,
000042.SZ,000042,20251209,94825780,9550952,0,0,B,81700,200,9528398,9550942,
000042.SZ,000042,20251209,94842050,9627996,C,0, ,0,500,0,7047685,
000042.SZ,000042,20251209,94843750,9637466,C,0, ,0,500,0,1166949,
000042.SZ,000042,20251209,94849520,9665513,C,0, ,0,200,0,8918408,
000042.SZ,000042,20251209,94850430,9669710,0,0,B,81700,300,9528491,9669709,
000042.SZ,000042,20251209,94850430,9669711,0,0,B,81700,300,9528570,9669709,
000042.SZ,000042,20251209,94850430,9669712,0,0,B,81700,500,9528723,9669709,
000042.SZ,000042,20251209,94850430,9669713,0,0,B,81700,100,9542500,9669709,
000042.SZ,000042,20251209,94850430,9669714,0,0,B,81700,200,9558219,9669709,
000042.SZ,000042,20251209,94851570,9674646,0,0,B,81700,2000,9558219,9674645,
000042.SZ,000042,20251209,94851630,9674870,0,0,B,81700,2700,9558219,9674869,
000042.SZ,000042,20251209,94851630,9674871,0,0,B,81700,700,9560638,9674869,
000042.SZ,000042,20251209,94853360,9683421,C,0, ,0,23100,0,8836579,
000042.SZ,000042,20251209,94854250,9687055,0,0,B,81800,500,8417039,9687054,
000042.SZ,000042,20251209,94855200,9692048,0,0,B,81800,200,8417039,9692047,
000042.SZ,000042,20251209,94855200,9692049,0,0,B,81800,200,8418670,9692047,
000042.SZ,000042,20251209,94855200,9692050,0,0,B,81800,200,8422249,9692047,
000042.SZ,000042,20251209,94855200,9692051,0,0,B,81800,100,8422250,9692047,
000042.SZ,000042,20251209,94855200,9692052,0,0,B,81800,200,8422254,9692047,
000042.SZ,000042,20251209,94855200,9692053,0,0,B,81800,1400,8446697,9692047,
000042.SZ,000042,20251209,94900580,9718026,C,0, ,0,900,0,6064713,
000042.SZ,000042,20251209,94901200,9721147,0,0,S,81600,600,9721146,8911970,
000042.SZ,000042,20251209,94907660,9755521,C,0, ,0,100,0,9100979,
000042.SZ,000042,20251209,94909620,9764497,0,0,B,81700,100,9755535,9764496,
