万得代码,交易所代码,自然日,时间,成交价,成交量,成交额,成交笔数,IOPV,成交标志,BS标志,当日累计成交量,当日成交额,最高价,最低价,开盘价,前收盘,申卖价1,申卖价2,申卖价3,申卖价4,申卖价5,申卖价6,申卖价7,申卖价8,申卖价9,申卖价10,申卖量1,申卖量2,申卖量3,申卖量4,申卖量5,申卖量6,申卖量7,申卖量8,申卖量9,申卖量10,申买价1,申买价2,申买价3,申买价4,申买价5,申买价6,申买价7,申买价8,申买价9,申买价10,申买量1,申买量2,申买量3,申买量4,申买量5,申买量6,申买量7,申买量8,申买量9,申买量10,加权平均叫卖价,加权平均叫买价,叫卖总量,叫买总量,不加权指数,品种总数,上涨品种数,下跌品种数,持平品种数,
600027.SH,600027,20251209,84524000,0,0,0,0,0,,,0,0,0,0,0,52000,0,0,0,0,0,0,0,0,0,0,0,0,0,0,0,0,0,0,0,0,0,0,0,0,0,0,0,0,0,0,0,0,0,0,0,0,0,0,0,0,0,0,0,0,0,0,0,0,0,
600027.SH,600027,20251209,91400000,0,0,0,0,0,,,0,0,0,0,0,52000,0,0,0,0,0,0,0,0,0,0,0,0,0,0,0,0,0,0,0,0,0,0,0,0,0,0,0,0,0,0,0,0,0,0,0,0,0,0,0,0,0,0,0,0,0,0,0,0,0,
600027.SH,600027,20251209,91500000,0,0,0,0,0,,,0,0,0,0,0,52000,0,0,0,0,0,0,0,0,0,0,0,0,0,0,0,0,0,0,0,0,0,0,0,0,0,0,0,0,0,0,0,0,0,0,0,0,0,0,0,0,52700,0,40700,0,0,0,0,0,0,
600027.SH,600027,20251209,91503000,0,0,0,0,0,,,0,0,0,0,0,52000,51900,0,0,0,0,0,0,0,0,0,1000,6700,0,0,0,0,0,0,0,0,51900,0,0,0,0,0,0,0,0,0,1000,0,0,0,0,0,0,0,0,0,53080,50920,1203900,317000,0,0,0,0,0,
600027.SH,600027,20251209,91506000,0,0,0,0,0,,,0,0,0,0,0,52000,51900,0,0,0,0,0,0,0,0,0,1000,7300,0,0,0,0,0,0,0,0,51900,0,0,0,0,0,0,0,0,0,1000,0,0,0,0,0,0,0,0,0,53350,50930,2431300,645400,0,0,0,0,0,
600027.SH,600027,20251209,91509000,0,0,0,0,0,,,0,0,0,0,0,52000,51900,0,0,0,0,0,0,0,0,0,1000,7300,0,0,0,0,0,0,0,0,51900,0,0,0,0,0,0,0,0,0,1000,0,0,0,0,0,0,0,0,0,53550,50970,3305100,774500,0,0,0,0,0,
600027.SH,600027,20251209,91512000,0,0,0,0,0,,,0,0,0,0,0,52000,51900,0,0,0,0,0,0,0,0,0,8400,0,0,0,0,0,0,0,0,0,51900,0,0,0,0,0,0,0,0,0,8400,27100,0,0,0,0,0,0,0,0,53590,51050,4289900,1115900,0,0,0,0,0,
600027.SH,600027,20251209,91515000,0,0,0,0,0,,,0,0,0,0,0,52000,51900,0,0,0,0,0,0,0,0,0,8500,0,0,0,0,0,0,0,0,0,51900,0,0,0,0,0,0,0,0,0,8500,28600,0,0,0,0,0,0,0,0,53710,51010,4697200,1483800,0,0,0,0,0,
600027.SH,600027,20251209,91518000,0,0,0,0,0,,,0,0,0,0,0,52000,51900,0,0,0,0,0,0,0,0,0,8900,0,0,0,0,0,0,0,0,0,51900,0,0,0,0,0,0,0,0,0,8900,34200,0,0,0,0,0,0,0,0,53740,50990,5508700,1708700,0,0,0,0,0,
600027.SH,600027,20251209,91521000,0,0,0,0,0,,,0,0,0,0,0,52000,51900,0,0,0,0,0,0,0,0,0,20400,0,0,0,0,0,0,0,0,0,51900,0,0,0,0,0,0,0,0,0,20400,26100,0,0,0,0,0,0,0,0,53670,51090,6385300,2206000,0,0,0,0,0,
600027.SH,600027,20251209,91524000,0,0,0,0,0,,,0,0,0,0,0,52000,51900,0,0,0,0,0,0,0,0,0,20400,0,0,0,0,0,0,0,0,0,51900,0,0,0,0,0,0,0,0,0,20400,31100,0,0,0,0,0,0,0,0,53740,51020,6893300,2703800,0,0,0,0,0,
600027.SH,600027,20251209,91527000,0,0,0,0,0,,,0,0,0,0,0,52000,51900,0,0,0,0,0,0,0,0,0,20400,0,0,0,0,0,0,0,0,0,51900,0,0,0,0,0,0,0,0,0,20400,31100,0,0,0,0,0,0,0,0,53740,51020,6903400,2713900,0,0,0,0,0,
600027.SH,600027,20251209,91530000,0,0,0,0,0,,,0,0,0,0,0,52000,51900,0,0,0,0,0,0,0,0,0,20400,0,0,0,0,0,0,0,0,0,51900,0,0,0,0,0,0,0,0,0,20400,31100,0,0,0,0,0,0,0,0,53740,51020,6903500,2714500,0,0,0,0,0,
600027.SH,600027,20251209,91533000,0,0,0,0,0,,,0,0,0,0,0,52000,51900,0,0,0,0,0,0,0,0,0,20400,0,0,0,0,0,0,0,0,0,51900,0,0,0,0,0,0,0,0,0,20400,31100,0,0,0,0,0,0,0,0,53740,51020,6905400,2716200,0,0,0,0,0,
600027.SH,600027,20251209,91536000,0,0,0,0,0,,,0,0,0,0,0,52000,51900,0,0,0,0,0,0,0,0,0,20400,0,0,0,0,0,0,0,0,0,51900,0,0,0,0,0,0,0,0,0,20400,31100,0,0,0,0,0,0,0,0,53740,51020,6907700,2717600,0,0,0,0,0,
600027.SH,600027,20251209,91539000,0,0,0,0,0,,,0,0,0,0,0,52000,51900,0,0,0,0,0,0,0,0,0,20400,0,0,0,0,0,0,0,0,0,51900,0,0,0,0,0,0,0,0,0,20400,31100,0,0,0,0,0,0,0,0,53740,51020,6907700,2718100,0,0,0,0,0,
600027.SH,600027,20251209,91542000,0,0,0,0,0,,,0,0,0,0,0,52000,51900,0,0,0,0,0,0,0,0,0,20400,0,0,0,0,0,0,0,0,0,51900,0,0,0,0,0,0,0,0,0,20400,31100,0,0,0,0,0,0,0,0,53740,51020,6907800,2718800,0,0,0,0,0,
600027.SH,600027,20251209,91545000,0,0,0,0,0,,,0,0,0,0,0,52000,51900,0,0,0,0,0,0,0,0,0,20400,0,0,0,0,0,0,0,0,0,51900,0,0,0,0,0,0,0,0,0,20400,31100,0,0,0,0,0,0,0,0,53740,51020,6907800,2728800,0,0,0,0,0,
600027.SH,600027,20251209,91548000,0,0,0,0,0,,,0,0,0,0,0,52000,51900,0,0,0,0,0,0,0,0,0,20400,0,0,0,0,0,0,0,0,0,51900,0,0,0,0,0,0,0,0,0,20400,31100,0,0,0,0,0,0,0,0,53740,51020,6907500,2729200,0,0,0,0,0,
600027.SH,600027,20251209,91551000,0,0,0,0,0,,,0,0,0,0,0,52000,51900,0,0,0,0,0,0,0,0,0,20400,0,0,0,0,0,0,0,0,0,51900,0,0,0,0,0,0,0,0,0,20400,31100,0,0,0,0,0,0,0,0,53740,51020,6909200,2729500,0,0,0,0,0,
600027.SH,600027,20251209,91554000,0,0,0,0,0,,,0,0,0,0,0,52000,51900,0,0,0,0,0,0,0,0,0,20400,0,0,0,0,0,0,0,0,0,51900,0,0,0,0,0,0,0,0,0,20400,31100,0,0,0,0,0,0,0,0,53740,51030,6913700,2734700,0,0,0,0,0,
600027.SH,600027,20251209,91557000,0,0,0,0,0,,,0,0,0,0,0,52000,51900,0,0,0,0,0,0,0,0,0,20400,0,0,0,0,0,0,0,0,0,51900,0,0,0,0,0,0,0,0,0,20400,30100,0,0,0,0,0,0,0,0,53740,51020,6916200,2738700,0,0,0,0,0,
600027.SH,600027,20251209,91600000,0,0,0,0,0,,,0,0,0,0,0,52000,51900,0,0,0,0,0,0,0,0,0,20400,0,0,0,0,0,0,0,0,0,51900,0,0,0,0,0,0,0,0,0,20400,30100,0,0,0,0,0,0,0,0,53740,51020,6917200,2739700,0,0,0,0,0,
600027.SH,600027,20251209,91603000,0,0,0,0,0,,,0,0,0,0,0,52000,51900,0,0,0,0,0,0,0,0,0,20800,0,0,0,0,0,0,0,0,0,51900,0,0,0,0,0,0,0,0,0,20800,29700,0,0,0,0,0,0,0,0,53740,51030,6933600,2750700,0,0,0,0,0,
600027.SH,600027,20251209,91609000,0,0,0,0,0,,,0,0,0,0,0,52000,51900,0,0,0,0,0,0,0,0,0,20800,0,0,0,0,0,0,0,0,0,51900,0,0,0,0,0,0,0,0,0,20800,29700,0,0,0,0,0,0,0,0,53740,51030,6933600,2755700,0,0,0,0,0,
600027.SH,600027,20251209,91612000,0,0,0,0,0,,,0,0,0,0,0,52000,51900,0,0,0,0,0,0,0,0,0,20800,0,0,0,0,0,0,0,0,0,51900,0,0,0,0,0,0,0,0,0,20800,29700,0,0,0,0,0,0,0,0,53740,51040,6933600,2805700,0,0,0,0,0,
600027.SH,600027,20251209,91615000,0,0,0,0,0,,,0,0,0,0,0,52000,51900,0,0,0,0,0,0,0,0,0,23200,0,0,0,0,0,0,0,0,0,51900,0,0,0,0,0,0,0,0,0,23200,27300,0,0,0,0,0,0,0,0,53740,51040,6958900,2805700,0,0,0,0,0,
600027.SH,600027,20251209,91621000,0,0,0,0,0,,,0,0,0,0,0,52000,51900,0,0,0,0,0,0,0,0,0,23200,0,0,0,0,0,0,0,0,0,51900,0,0,0,0,0,0,0,0,0,23200,27300,0,0,0,0,0,0,0,0,53740,51040,6964200,2805700,0,0,0,0,0,
600027.SH,600027,20251209,91624000,0,0,0,0,0,,,0,0,0,0,0,52000,51900,0,0,0,0,0,0,0,0,0,23200,0,0,0,0,0,0,0,0,0,51900,0,0,0,0,0,0,0,0,0,23200,28000,0,0,0,0,0,0,0,0,53740,51050,6969200,2856400,0,0,0,0,0,
600027.SH,600027,20251209,91633000,0,0,0,0,0,,,0,0,0,0,0,52000,51900,0,0,0,0,0,0,0,0,0,23200,0,0,0,0,0,0,0,0,0,51900,0,0,0,0,0,0,0,0,0,23200,28000,0,0,0,0,0,0,0,0,53740,51050,6969200,2856600,0,0,0,0,0,
600027.SH,600027,20251209,91636000,0,0,0,0,0,,,0,0,0,0,0,52000,51900,0,0,0,0,0,0,0,0,0,23200,0,0,0,0,0,0,0,0,0,51900,0,0,0,0,0,0,0,0,0,23200,28000,0,0,0,0,0,0,0,0,53740,51070,6970000,2959600,0,0,0,0,0,
600027.SH,600027,20251209,91642000,0,0,0,0,0,,,0,0,0,0,0,52000,51900,0,0,0,0,0,0,0,0,0,23200,0,0,0,0,0,0,0,0,0,51900,0,0,0,0,0,0,0,0,0,23200,28000,0,0,0,0,0,0,0,0,53740,51070,6971000,2968600,0,0,0,0,0,
600027.SH,600027,20251209,91645000,0,0,0,0,0,,,0,0,0,0,0,52000,51900,0,0,0,0,0,0,0,0,0,23200,0,0,0,0,0,0,0,0,0,51900,0,0,0,0,0,0,0,0,0,23200,28000,0,0,0,0,0,0,0,0,53740,51070,6973000,2970500,0,0,0,0,0,
600027.SH,600027,20251209,91648000,0,0,0,0,0,,,0,0,0,0,0,52000,51900,0,0,0,0,0,0,0,0,0,23200,0,0,0,0,0,0,0,0,0,51900,0,0,0,0,0,0,0,0,0,23200,28000,0,0,0,0,0,0,0,0,53740,51070,6973800,2970500,0,0,0,0,0,
600027.SH,600027,20251209,91651000,0,0,0,0,0,,,0,0,0,0,0,52000,51900,0,0,0,0,0,0,0,0,0,23200,0,0,0,0,0,0,0,0,0,51900,0,0,0,0,0,0,0,0,0,23200,28000,0,0,0,0,0,0,0,0,53740,51090,6973800,3075700,0,0,0,0,0,
600027.SH,600027,20251209,91654000,0,0,0,0,0,,,0,0,0,0,0,52000,51900,0,0,0,0,0,0,0,0,0,23200,0,0,0,0,0,0,0,0,0,51900,0,0,0,0,0,0,0,0,0,23200,28000,0,0,0,0,0,0,0,0,53740,51090,6990100,3075700,0,0,0,0,0,
600027.SH,600027,20251209,91657000,0,0,0,0,0,,,0,0,0,0,0,52000,51900,0,0,0,0,0,0,0,0,0,23200,0,0,0,0,0,0,0,0,0,51900,0,0,0,0,0,0,0,0,0,23200,28000,0,0,0,0,0,0,0,0,53740,51090,6980900,3077700,0,0,0,0,0,
600027.SH,600027,20251209,91700000,0,0,0,0,0,,,0,0,0,0,0,52000,51900,0,0,0,0,0,0,0,0,0,24300,0,0,0,0,0,0,0,0,0,51900,0,0,0,0,0,0,0,0,0,24300,26900,0,0,0,0,0,0,0,0,53740,51100,6979900,3180700,0,0,0,0,0,
600027.SH,600027,20251209,91703000,0,0,0,0,0,,,0,0,0,0,0,52000,51900,0,0,0,0,0,0,0,0,0,24300,0,0,0,0,0,0,0,0,0,51900,0,0,0,0,0,0,0,0,0,24300,26900,0,0,0,0,0,0,0,0,53740,51110,6983900,3230700,0,0,0,0,0,
600027.SH,600027,20251209,91709000,0,0,0,0,0,,,0,0,0,0,0,52000,51900,0,0,0,0,0,0,0,0,0,24300,0,0,0,0,0,0,0,0,0,51900,0,0,0,0,0,0,0,0,0,24300,26900,0,0,0,0,0,0,0,0,53740,51110,6990400,3251800,0,0,0,0,0,
600027.SH,600027,20251209,91712000,0,0,0,0,0,,,0,0,0,0,0,52000,51900,0,0,0,0,0,0,0,0,0,24300,0,0,0,0,0,0,0,0,0,51900,0,0,0,0,0,0,0,0,0,24300,26900,0,0,0,0,0,0,0,0,53740,51120,6992300,3401800,0,0,0,0,0,
600027.SH,600027,20251209,91715000,0,0,0,0,0,,,0,0,0,0,0,52000,51900,0,0,0,0,0,0,0,0,0,24300,0,0,0,0,0,0,0,0,0,51900,0,0,0,0,0,0,0,0,0,24300,26900,0,0,0,0,0,0,0,0,53740,51120,6997300,3404800,0,0,0,0,0,
600027.SH,600027,20251209,91718000,0,0,0,0,0,,,0,0,0,0,0,52000,51900,0,0,0,0,0,0,0,0,0,24300,0,0,0,0,0,0,0,0,0,51900,0,0,0,0,0,0,0,0,0,24300,26900,0,0,0,0,0,0,0,0,53740,51120,6969800,3409800,0,0,0,0,0,
600027.SH,600027,20251209,91721000,0,0,0,0,0,,,0,0,0,0,0,52000,51900,0,0,0,0,0,0,0,0,0,24300,0,0,0,0,0,0,0,0,0,51900,0,0,0,0,0,0,0,0,0,24300,26900,0,0,0,0,0,0,0,0,53720,51120,7094300,3609800,0,0,0,0,0,
600027.SH,600027,20251209,91724000,0,0,0,0,0,,,0,0,0,0,0,52000,51900,0,0,0,0,0,0,0,0,0,24300,0,0,0,0,0,0,0,0,0,51900,0,0,0,0,0,0,0,0,0,24300,27500,0,0,0,0,0,0,0,0,53720,51120,7094300,3610400,0,0,0,0,0,
600027.SH,600027,20251209,91727000,0,0,0,0,0,,,0,0,0,0,0,52000,51900,0,0,0,0,0,0,0,0,0,24300,0,0,0,0,0,0,0,0,0,51900,0,0,0,0,0,0,0,0,0,24300,27500,0,0,0,0,0,0,0,0,53690,51130,7216300,3660400,0,0,0,0,0,
600027.SH,600027,20251209,91730000,0,0,0,0,0,,,0,0,0,0,0,52000,51900,0,0,0,0,0,0,0,0,0,24300,0,0,0,0,0,0,0,0,0,51900,0,0,0,0,0,0,0,0,0,24300,27500,0,0,0,0,0,0,0,0,53690,51130,7220300,3860400,0,0,0,0,0,
600027.SH,600027,20251209,91733000,0,0,0,0,0,,,0,0,0,0,0,52000,51900,0,0,0,0,0,0,0,0,0,24300,0,0,0,0,0,0,0,0,0,51900,0,0,0,0,0,0,0,0,0,24300,27500,0,0,0,0,0,0,0,0,53690,51130,7229200,3863400,0,0,0,0,0,
600027.SH,600027,20251209,91736000,0,0,0,0,0,,,0,0,0,0,0,52000,51900,0,0,0,0,0,0,0,0,0,24300,0,0,0,0,0,0,0,0,0,51900,0,0,0,0,0,0,0,0,0,24300,27500,0,0,0,0,0,0,0,0,53690,51140,7235200,3961900,0,0,0,0,0,
600027.SH,600027,20251209,91739000,0,0,0,0,0,,,0,0,0,0,0,52000,51900,0,0,0,0,0,0,0,0,0,24300,0,0,0,0,0,0,0,0,0,51900,0,0,0,0,0,0,0,0,0,24300,27500,0,0,0,0,0,0,0,0,53700,51130,7262900,4161900,0,0,0,0,0,
600027.SH,600027,20251209,91745000,0,0,0,0,0,,,0,0,0,0,0,52000,51900,0,0,0,0,0,0,0,0,0,24300,0,0,0,0,0,0,0,0,0,51900,0,0,0,0,0,0,0,0,0,24300,27500,0,0,0,0,0,0,0,0,53690,51130,7311000,4163900,0,0,0,0,0,
600027.SH,600027,20251209,91748000,0,0,0,0,0,,,0,0,0,0,0,52000,51900,0,0,0,0,0,0,0,0,0,24300,0,0,0,0,0,0,0,0,0,51900,0,0,0,0,0,0,0,0,0,24300,27500,0,0,0,0,0,0,0,0,53690,51130,7316400,4183900,0,0,0,0,0,
600027.SH,600027,20251209,91751000,0,0,0,0,0,,,0,0,0,0,0,52000,51900,0,0,0,0,0,0,0,0,0,24300,0,0,0,0,0,0,0,0,0,51900,0,0,0,0,0,0,0,0,0,24300,27500,0,0,0,0,0,0,0,0,53690,51130,7316800,4185900,0,0,0,0,0,
600027.SH,600027,20251209,91754000,0,0,0,0,0,,,0,0,0,0,0,52000,51900,0,0,0,0,0,0,0,0,0,24300,0,0,0,0,0,0,0,0,0,51900,0,0,0,0,0,0,0,0,0,24300,27500,0,0,0,0,0,0,0,0,53690,51140,7317800,4239900,0,0,0,0,0,
600027.SH,600027,20251209,91757000,0,0,0,0,0,,,0,0,0,0,0,52000,51900,0,0,0,0,0,0,0,0,0,24300,0,0,0,0,0,0,0,0,0,51900,0,0,0,0,0,0,0,0,0,24300,27500,0,0,0,0,0,0,0,0,53690,51140,7367800,4239900,0,0,0,0,0,
600027.SH,600027,20251209,91800000,0,0,0,0,0,,,0,0,0,0,0,52000,51900,0,0,0,0,0,0,0,0,0,24300,0,0,0,0,0,0,0,0,0,51900,0,0,0,0,0,0,0,0,0,24300,27500,0,0,0,0,0,0,0,0,53690,51140,7405100,4289900,0,0,0,0,0,
600027.SH,600027,20251209,91803000,0,0,0,0,0,,,0,0,0,0,0,52000,51900,0,0,0,0,0,0,0,0,0,24300,0,0,0,0,0,0,0,0,0,51900,0,0,0,0,0,0,0,0,0,24300,27500,0,0,0,0,0,0,0,0,53690,51140,7416100,4292900,0,0,0,0,0,
600027.SH,600027,20251209,91806000,0,0,0,0,0,,,0,0,0,0,0,52000,51900,0,0,0,0,0,0,0,0,0,24300,0,0,0,0,0,0,0,0,0,51900,0,0,0,0,0,0,0,0,0,24300,27500,0,0,0,0,0,0,0,0,53690,51140,7423400,4292900,0,0,0,0,0,
600027.SH,600027,20251209,91809000,0,0,0,0,0,,,0,0,0,0,0,52000,51900,0,0,0,0,0,0,0,0,0,24300,0,0,0,0,0,0,0,0,0,51900,0,0,0,0,0,0,0,0,0,24300,27500,0,0,0,0,0,0,0,0,53680,51140,7508900,4296900,0,0,0,0,0,
600027.SH,600027,20251209,91812000,0,0,0,0,0,,,0,0,0,0,0,52000,51900,0,0,0,0,0,0,0,0,0,24300,0,0,0,0,0,0,0,0,0,51900,0,0,0,0,0,0,0,0,0,24300,27500,0,0,0,0,0,0,0,0,53680,51140,7519900,4297900,0,0,0,0,0,
600027.SH,600027,20251209,91815000,0,0,0,0,0,,,0,0,0,0,0,52000,51900,0,0,0,0,0,0,0,0,0,24300,0,0,0,0,0,0,0,0,0,51900,0,0,0,0,0,0,0,0,0,24300,27500,0,0,0,0,0,0,0,0,53680,51140,7519900,4299900,0,0,0,0,0,
600027.SH,600027,20251209,91818000,0,0,0,0,0,,,0,0,0,0,0,52000,51900,0,0,0,0,0,0,0,0,0,24300,0,0,0,0,0,0,0,0,0,51900,0,0,0,0,0,0,0,0,0,24300,27500,0,0,0,0,0,0,0,0,53680,51150,7527200,4304000,0,0,0,0,0,
600027.SH,600027,20251209,91821000,0,0,0,0,0,,,0,0,0,0,0,52000,51900,0,0,0,0,0,0,0,0,0,24300,0,0,0,0,0,0,0,0,0,51900,0,0,0,0,0,0,0,0,0,24300,27500,0,0,0,0,0,0,0,0,53690,51150,7559900,4304000,0,0,0,0,0,
600027.SH,600027,20251209,91824000,0,0,0,0,0,,,0,0,0,0,0,52000,51900,0,0,0,0,0,0,0,0,0,24500,0,0,0,0,0,0,0,0,0,51900,0,0,0,0,0,0,0,0,0,24500,27300,0,0,0,0,0,0,0,0,53690,51140,7560100,4307800,0,0,0,0,0,
600027.SH,600027,20251209,91827000,0,0,0,0,0,,,0,0,0,0,0,52000,51900,0,0,0,0,0,0,0,0,0,24500,0,0,0,0,0,0,0,0,0,51900,0,0,0,0,0,0,0,0,0,24500,27300,0,0,0,0,0,0,0,0,53690,51140,7560100,4311800,0,0,0,0,0,
600027.SH,600027,20251209,91830000,0,0,0,0,0,,,0,0,0,0,0,52000,52000,0,0,0,0,0,0,0,0,0,83200,97700,0,0,0,0,0,0,0,0,52000,0,0,0,0,0,0,0,0,0,83200,0,0,0,0,0,0,0,0,0,53690,51160,7563000,4385700,0,0,0,0,0,
600027.SH,600027,20251209,91833000,0,0,0,0,0,,,0,0,0,0,0,52000,51900,0,0,0,0,0,0,0,0,0,24500,0,0,0,0,0,0,0,0,0,51900,0,0,0,0,0,0,0,0,0,24500,95200,0,0,0,0,0,0,0,0,53690,51160,7563000,4380400,0,0,0,0,0,
600027.SH,600027,20251209,91836000,0,0,0,0,0,,,0,0,0,0,0,52000,51900,0,0,0,0,0,0,0,0,0,24500,0,0,0,0,0,0,0,0,0,51900,0,0,0,0,0,0,0,0,0,24500,95200,0,0,0,0,0,0,0,0,53690,51160,7568400,4381800,0,0,0,0,0,
600027.SH,600027,20251209,91839000,0,0,0,0,0,,,0,0,0,0,0,52000,51900,0,0,0,0,0,0,0,0,0,24500,0,0,0,0,0,0,0,0,0,51900,0,0,0,0,0,0,0,0,0,24500,96200,0,0,0,0,0,0,0,0,53680,51160,7669700,4383300,0,0,0,0,0,
600027.SH,600027,20251209,91845000,0,0,0,0,0,,,0,0,0,0,0,52000,51900,0,0,0,0,0,0,0,0,0,24500,0,0,0,0,0,0,0,0,0,51900,0,0,0,0,0,0,0,0,0,24500,96200,0,0,0,0,0,0,0,0,53680,51160,7672700,4383300,0,0,0,0,0,
600027.SH,600027,20251209,91848000,0,0,0,0,0,,,0,0,0,0,0,52000,51900,0,0,0,0,0,0,0,0,0,24500,0,0,0,0,0,0,0,0,0,51900,0,0,0,0,0,0,0,0,0,24500,96200,0,0,0,0,0,0,0,0,53680,51160,7673800,4393600,0,0,0,0,0,
600027.SH,600027,20251209,91851000,0,0,0,0,0,,,0,0,0,0,0,52000,51900,0,0,0,0,0,0,0,0,0,24500,0,0,0,0,0,0,0,0,0,51900,0,0,0,0,0,0,0,0,0,24500,96200,0,0,0,0,0,0,0,0,53670,51160,7780300,4393600,0,0,0,0,0,
600027.SH,600027,20251209,91854000,0,0,0,0,0,,,0,0,0,0,0,52000,51900,0,0,0,0,0,0,0,0,0,24500,0,0,0,0,0,0,0,0,0,51900,0,0,0,0,0,0,0,0,0,24500,96200,0,0,0,0,0,0,0,0,53670,51160,7783500,4394600,0,0,0,0,0,
600027.SH,600027,20251209,91857000,0,0,0,0,0,,,0,0,0,0,0,52000,51900,0,0,0,0,0,0,0,0,0,24500,0,0,0,0,0,0,0,0,0,51900,0,0,0,0,0,0,0,0,0,24500,96200,0,0,0,0,0,0,0,0,53670,51160,7784700,4394600,0,0,0,0,0,
600027.SH,600027,20251209,91900000,0,0,0,0,0,,,0,0,0,0,0,52000,51900,0,0,0,0,0,0,0,0,0,24500,0,0,0,0,0,0,0,0,0,51900,0,0,0,0,0,0,0,0,0,24500,96200,0,0,0,0,0,0,0,0,53660,51160,7794200,4396400,0,0,0,0,0,
600027.SH,600027,20251209,91903000,0,0,0,0,0,,,0,0,0,0,0,52000,51900,0,0,0,0,0,0,0,0,0,24500,0,0,0,0,0,0,0,0,0,51900,0,0,0,0,0,0,0,0,0,24500,96200,0,0,0,0,0,0,0,0,53670,51160,7801600,4406300,0,0,0,0,0,
600027.SH,600027,20251209,91909000,0,0,0,0,0,,,0,0,0,0,0,52000,51900,0,0,0,0,0,0,0,0,0,24500,0,0,0,0,0,0,0,0,0,51900,0,0,0,0,0,0,0,0,0,24500,96200,0,0,0,0,0,0,0,0,53660,51160,7901600,4411300,0,0,0,0,0,
600027.SH,600027,20251209,91912000,0,0,0,0,0,,,0,0,0,0,0,52000,51900,0,0,0,0,0,0,0,0,0,24500,0,0,0,0,0,0,0,0,0,51900,0,0,0,0,0,0,0,0,0,24500,97300,0,0,0,0,0,0,0,0,53660,51160,7908600,4412400,0,0,0,0,0,
600027.SH,600027,20251209,91918000,0,0,0,0,0,,,0,0,0,0,0,52000,51900,0,0,0,0,0,0,0,0,0,24500,0,0,0,0,0,0,0,0,0,51900,0,0,0,0,0,0,0,0,0,24500,97300,0,0,0,0,0,0,0,0,53650,51160,8010600,4414400,0,0,0,0,0,
600027.SH,600027,20251209,91921000,0,0,0,0,0,,,0,0,0,0,0,52000,51900,0,0,0,0,0,0,0,0,0,26500,0,0,0,0,0,0,0,0,0,51900,0,0,0,0,0,0,0,0,0,26500,95300,0,0,0,0,0,0,0,0,53650,51160,8012600,4423700,0,0,0,0,0,
600027.SH,600027,20251209,91924000,0,0,0,0,0,,,0,0,0,0,0,52000,51900,0,0,0,0,0,0,0,0,0,24500,0,0,0,0,0,0,0,0,0,51900,0,0,0,0,0,0,0,0,0,24500,97300,0,0,0,0,0,0,0,0,53650,51160,8015600,4423700,0,0,0,0,0,
600027.SH,600027,20251209,91930000,0,0,0,0,0,,,0,0,0,0,0,52000,51900,0,0,0,0,0,0,0,0,0,24500,0,0,0,0,0,0,0,0,0,51900,0,0,0,0,0,0,0,0,0,24500,97300,0,0,0,0,0,0,0,0,53650,51160,8019400,4424700,0,0,0,0,0,
600027.SH,600027,20251209,91933000,0,0,0,0,0,,,0,0,0,0,0,52000,51900,0,0,0,0,0,0,0,0,0,24500,0,0,0,0,0,0,0,0,0,51900,0,0,0,0,0,0,0,0,0,24500,97300,0,0,0,0,0,0,0,0,53650,51160,8021400,4434900,0,0,0,0,0,
600027.SH,600027,20251209,91936000,0,0,0,0,0,,,0,0,0,0,0,52000,51900,0,0,0,0,0,0,0,0,0,24500,0,0,0,0,0,0,0,0,0,51900,0,0,0,0,0,0,0,0,0,24500,97300,0,0,0,0,0,0,0,0,53650,51160,8021400,4444900,0,0,0,0,0,
600027.SH,600027,20251209,91939000,0,0,0,0,0,,,0,0,0,0,0,52000,51900,0,0,0,0,0,0,0,0,0,24500,0,0,0,0,0,0,0,0,0,51900,0,0,0,0,0,0,0,0,0,24500,97300,0,0,0,0,0,0,0,0,53650,51160,8026600,4444900,0,0,0,0,0,
600027.SH,600027,20251209,91942000,0,0,0,0,0,,,0,0,0,0,0,52000,51900,0,0,0,0,0,0,0,0,0,24500,0,0,0,0,0,0,0,0,0,51900,0,0,0,0,0,0,0,0,0,24500,97300,0,0,0,0,0,0,0,0,53650,51160,8028800,4444900,0,0,0,0,0,
600027.SH,600027,20251209,91948000,0,0,0,0,0,,,0,0,0,0,0,52000,51900,0,0,0,0,0,0,0,0,0,24500,0,0,0,0,0,0,0,0,0,51900,0,0,0,0,0,0,0,0,0,24500,97300,0,0,0,0,0,0,0,0,53650,51160,8064300,4445900,0,0,0,0,0,
600027.SH,600027,20251209,91951000,0,0,0,0,0,,,0,0,0,0,0,52000,51900,0,0,0,0,0,0,0,0,0,24500,0,0,0,0,0,0,0,0,0,51900,0,0,0,0,0,0,0,0,0,24500,97300,0,0,0,0,0,0,0,0,53650,51150,8065300,4467500,0,0,0,0,0,
600027.SH,600027,20251209,91954000,0,0,0,0,0,,,0,0,0,0,0,52000,51900,0,0,0,0,0,0,0,0,0,24500,0,0,0,0,0,0,0,0,0,51900,0,0,0,0,0,0,0,0,0,24500,97300,0,0,0,0,0,0,0,0,53650,51150,8075500,4475500,0,0,0,0,0,
600027.SH,600027,20251209,91957000,0,0,0,0,0,,,0,0,0,0,0,52000,51900,0,0,0,0,0,0,0,0,0,25000,0,0,0,0,0,0,0,0,0,51900,0,0,0,0,0,0,0,0,0,25000,96800,0,0,0,0,0,0,0,0,53650,51150,8076000,4475600,0,0,0,0,0,
600027.SH,600027,20251209,92000000,0,0,0,0,0,,,0,0,0,0,0,52000,51900,0,0,0,0,0,0,0,0,0,25000,0,0,0,0,0,0,0,0,0,51900,0,0,0,0,0,0,0,0,0,25000,96800,0,0,0,0,0,0,0,0,53650,51150,8078000,4475600,0,0,0,0,0,
600027.SH,600027,20251209,92003000,0,0,0,0,0,,,0,0,0,0,0,52000,51900,0,0,0,0,0,0,0,0,0,28600,0,0,0,0,0,0,0,0,0,51900,0,0,0,0,0,0,0,0,0,28600,95000,0,0,0,0,0,0,0,0,53650,51160,8082600,4478400,0,0,0,0,0,
600027.SH,600027,20251209,92006000,0,0,0,0,0,,,0,0,0,0,0,52000,51900,0,0,0,0,0,0,0,0,0,28600,0,0,0,0,0,0,0,0,0,51900,0,0,0,0,0,0,0,0,0,28600,103200,0,0,0,0,0,0,0,0,53650,51160,8082600,4486600,0,0,0,0,0,
600027.SH,600027,20251209,92009000,0,0,0,0,0,,,0,0,0,0,0,52000,51900,0,0,0,0,0,0,0,0,0,29100,0,0,0,0,0,0,0,0,0,51900,0,0,0,0,0,0,0,0,0,29100,102700,0,0,0,0,0,0,0,0,53650,51160,8085100,4487600,0,0,0,0,0,
600027.SH,600027,20251209,92012000,0,0,0,0,0,,,0,0,0,0,0,52000,51900,0,0,0,0,0,0,0,0,0,29100,0,0,0,0,0,0,0,0,0,51900,0,0,0,0,0,0,0,0,0,29100,102800,0,0,0,0,0,0,0,0,53650,51160,8088700,4489100,0,0,0,0,0,
600027.SH,600027,20251209,92015000,0,0,0,0,0,,,0,0,0,0,0,52000,51900,0,0,0,0,0,0,0,0,0,29100,0,0,0,0,0,0,0,0,0,51900,0,0,0,0,0,0,0,0,0,29100,102800,0,0,0,0,0,0,0,0,53650,51160,8090700,4500600,0,0,0,0,0,
600027.SH,600027,20251209,92018000,0,0,0,0,0,,,0,0,0,0,0,52000,51900,0,0,0,0,0,0,0,0,0,29100,0,0,0,0,0,0,0,0,0,51900,0,0,0,0,0,0,0,0,0,29100,102800,0,0,0,0,0,0,0,0,53650,51160,8093800,4510600,0,0,0,0,0,
600027.SH,600027,20251209,92021000,0,0,0,0,0,,,0,0,0,0,0,52000,51900,0,0,0,0,0,0,0,0,0,29100,0,0,0,0,0,0,0,0,0,51900,0,0,0,0,0,0,0,0,0,29100,102800,0,0,0,0,0,0,0,0,53650,51160,8095800,4514600,0,0,0,0,0,
600027.SH,600027,20251209,92024000,0,0,0,0,0,,,0,0,0,0,0,52000,51900,0,0,0,0,0,0,0,0,0,29100,0,0,0,0,0,0,0,0,0,51900,0,0,0,0,0,0,0,0,0,29100,102800,0,0,0,0,0,0,0,0,53650,51160,8103500,4515600,0,0,0,0,0,
600027.SH,600027,20251209,92027000,0,0,0,0,0,,,0,0,0,0,0,52000,51900,0,0,0,0,0,0,0,0,0,29100,0,0,0,0,0,0,0,0,0,51900,0,0,0,0,0,0,0,0,0,29100,104800,0,0,0,0,0,0,0,0,53660,51180,8133500,4717600,0,0,0,0,0,
600027.SH,600027,20251209,92030000,0,0,0,0,0,,,0,0,0,0,0,52000,51900,0,0,0,0,0,0,0,0,0,29100,0,0,0,0,0,0,0,0,0,51900,0,0,0,0,0,0,0,0,0,29100,104800,0,0,0,0,0,0,0,0,53620,51180,8395500,4717600,0,0,0,0,0,
600027.SH,600027,20251209,92033000,0,0,0,0,0,,,0,0,0,0,0,52000,51900,0,0,0,0,0,0,0,0,0,29100,0,0,0,0,0,0,0,0,0,51900,0,0,0,0,0,0,0,0,0,29100,104800,0,0,0,0,0,0,0,0,53620,51180,8400500,4719500,0,0,0,0,0,
600027.SH,600027,20251209,92036000,0,0,0,0,0,,,0,0,0,0,0,52000,51900,0,0,0,0,0,0,0,0,0,29100,0,0,0,0,0,0,0,0,0,51900,0,0,0,0,0,0,0,0,0,29100,104800,0,0,0,0,0,0,0,0,53620,51180,8402500,4729500,0,0,0,0,0,
600027.SH,600027,20251209,92039000,0,0,0,0,0,,,0,0,0,0,0,52000,51900,0,0,0,0,0,0,0,0,0,29100,0,0,0,0,0,0,0,0,0,51900,0,0,0,0,0,0,0,0,0,29100,104800,0,0,0,0,0,0,0,0,53620,51180,8402500,4730500,0,0,0,0,0,
600027.SH,600027,20251209,92042000,0,0,0,0,0,,,0,0,0,0,0,52000,51900,0,0,0,0,0,0,0,0,0,29100,0,0,0,0,0,0,0,0,0,51900,0,0,0,0,0,0,0,0,0,29100,104800,0,0,0,0,0,0,0,0,53620,51180,8406200,4730500,0,0,0,0,0,
600027.SH,600027,20251209,92045000,0,0,0,0,0,,,0,0,0,0,0,52000,51900,0,0,0,0,0,0,0,0,0,29100,0,0,0,0,0,0,0,0,0,51900,0,0,0,0,0,0,0,0,0,29100,104800,0,0,0,0,0,0,0,0,53620,51180,8413500,4730500,0,0,0,0,0,
600027.SH,600027,20251209,92051000,0,0,0,0,0,,,0,0,0,0,0,52000,51900,0,0,0,0,0,0,0,0,0,29100,0,0,0,0,0,0,0,0,0,51900,0,0,0,0,0,0,0,0,0,29100,104800,0,0,0,0,0,0,0,0,53620,51180,8418900,4734500,0,0,0,0,0,
600027.SH,600027,20251209,92054000,0,0,0,0,0,,,0,0,0,0,0,52000,51900,0,0,0,0,0,0,0,0,0,29100,0,0,0,0,0,0,0,0,0,51900,0,0,0,0,0,0,0,0,0,29100,104800,0,0,0,0,0,0,0,0,53620,51180,8418900,4737500,0,0,0,0,0,
600027.SH,600027,20251209,92057000,0,0,0,0,0,,,0,0,0,0,0,52000,51900,0,0,0,0,0,0,0,0,0,29100,0,0,0,0,0,0,0,0,0,51900,0,0,0,0,0,0,0,0,0,29100,104800,0,0,0,0,0,0,0,0,53630,51180,8434400,4738100,0,0,0,0,0,
600027.SH,600027,20251209,92100000,0,0,0,0,0,,,0,0,0,0,0,52000,51900,0,0,0,0,0,0,0,0,0,29100,0,0,0,0,0,0,0,0,0,51900,0,0,0,0,0,0,0,0,0,29100,104800,0,0,0,0,0,0,0,0,53630,51180,8437400,4740100,0,0,0,0,0,
600027.SH,600027,20251209,92103000,0,0,0,0,0,,,0,0,0,0,0,52000,51900,0,0,0,0,0,0,0,0,0,29100,0,0,0,0,0,0,0,0,0,51900,0,0,0,0,0,0,0,0,0,29100,104800,0,0,0,0,0,0,0,0,53630,51180,8448200,4741900,0,0,0,0,0,
600027.SH,600027,20251209,92106000,0,0,0,0,0,,,0,0,0,0,0,52000,51900,0,0,0,0,0,0,0,0,0,29100,0,0,0,0,0,0,0,0,0,51900,0,0,0,0,0,0,0,0,0,29100,104800,0,0,0,0,0,0,0,0,53630,51180,8455900,4741900,0,0,0,0,0,
600027.SH,600027,20251209,92109000,0,0,0,0,0,,,0,0,0,0,0,52000,51900,0,0,0,0,0,0,0,0,0,29100,0,0,0,0,0,0,0,0,0,51900,0,0,0,0,0,0,0,0,0,29100,104800,0,0,0,0,0,0,0,0,53620,51180,8518900,4742900,0,0,0,0,0,
600027.SH,600027,20251209,92112000,0,0,0,0,0,,,0,0,0,0,0,52000,51900,0,0,0,0,0,0,0,0,0,29100,0,0,0,0,0,0,0,0,0,51900,0,0,0,0,0,0,0,0,0,29100,104800,0,0,0,0,0,0,0,0,53630,51180,8531200,4747900,0,0,0,0,0,
600027.SH,600027,20251209,92115000,0,0,0,0,0,,,0,0,0,0,0,52000,51900,0,0,0,0,0,0,0,0,0,29100,0,0,0,0,0,0,0,0,0,51900,0,0,0,0,0,0,0,0,0,29100,104800,0,0,0,0,0,0,0,0,53630,51180,8531700,4747900,0,0,0,0,0,
600027.SH,600027,20251209,92118000,0,0,0,0,0,,,0,0,0,0,0,52000,51900,0,0,0,0,0,0,0,0,0,29100,0,0,0,0,0,0,0,0,0,51900,0,0,0,0,0,0,0,0,0,29100,104800,0,0,0,0,0,0,0,0,53620,51180,8562800,4747900,0,0,0,0,0,
600027.SH,600027,20251209,92121000,0,0,0,0,0,,,0,0,0,0,0,52000,51900,0,0,0,0,0,0,0,0,0,29100,0,0,0,0,0,0,0,0,0,51900,0,0,0,0,0,0,0,0,0,29100,104800,0,0,0,0,0,0,0,0,53620,51180,8565100,4748900,0,0,0,0,0,
600027.SH,600027,20251209,92124000,0,0,0,0,0,,,0,0,0,0,0,52000,51900,0,0,0,0,0,0,0,0,0,29100,0,0,0,0,0,0,0,0,0,51900,0,0,0,0,0,0,0,0,0,29100,104800,0,0,0,0,0,0,0,0,53620,51180,8575600,4750100,0,0,0,0,0,
600027.SH,600027,20251209,92127000,0,0,0,0,0,,,0,0,0,0,0,52000,51900,0,0,0,0,0,0,0,0,0,29100,0,0,0,0,0,0,0,0,0,51900,0,0,0,0,0,0,0,0,0,29100,104800,0,0,0,0,0,0,0,0,53620,51180,8582600,4750100,0,0,0,0,0,
600027.SH,600027,20251209,92130000,0,0,0,0,0,,,0,0,0,0,0,52000,51900,0,0,0,0,0,0,0,0,0,29100,0,0,0,0,0,0,0,0,0,51900,0,0,0,0,0,0,0,0,0,29100,104800,0,0,0,0,0,0,0,0,53620,51180,8604400,4750600,0,0,0,0,0,
600027.SH,600027,20251209,92133000,0,0,0,0,0,,,0,0,0,0,0,52000,51900,0,0,0,0,0,0,0,0,0,29100,0,0,0,0,0,0,0,0,0,51900,0,0,0,0,0,0,0,0,0,29100,104800,0,0,0,0,0,0,0,0,53620,51180,8607000,4750600,0,0,0,0,0,
600027.SH,600027,20251209,92136000,0,0,0,0,0,,,0,0,0,0,0,52000,51900,0,0,0,0,0,0,0,0,0,31600,0,0,0,0,0,0,0,0,0,51900,0,0,0,0,0,0,0,0,0,31600,102300,0,0,0,0,0,0,0,0,53620,51180,8624000,4750800,0,0,0,0,0,
600027.SH,600027,20251209,92139000,0,0,0,0,0,,,0,0,0,0,0,52000,51900,0,0,0,0,0,0,0,0,0,31600,0,0,0,0,0,0,0,0,0,51900,0,0,0,0,0,0,0,0,0,31600,102300,0,0,0,0,0,0,0,0,53620,51180,8626100,4774800,0,0,0,0,0,
600027.SH,600027,20251209,92142000,0,0,0,0,0,,,0,0,0,0,0,52000,51900,0,0,0,0,0,0,0,0,0,31600,0,0,0,0,0,0,0,0,0,51900,0,0,0,0,0,0,0,0,0,31600,102400,0,0,0,0,0,0,0,0,53620,51180,8628100,4778900,0,0,0,0,0,
600027.SH,600027,20251209,92145000,0,0,0,0,0,,,0,0,0,0,0,52000,51900,0,0,0,0,0,0,0,0,0,31600,0,0,0,0,0,0,0,0,0,51900,0,0,0,0,0,0,0,0,0,31600,102400,0,0,0,0,0,0,0,0,53610,51180,8662100,4792800,0,0,0,0,0,
600027.SH,600027,20251209,92148000,0,0,0,0,0,,,0,0,0,0,0,52000,51900,0,0,0,0,0,0,0,0,0,31600,0,0,0,0,0,0,0,0,0,51900,0,0,0,0,0,0,0,0,0,31600,102400,0,0,0,0,0,0,0,0,53610,51180,8662100,4822100,0,0,0,0,0,
600027.SH,600027,20251209,92151000,0,0,0,0,0,,,0,0,0,0,0,52000,51900,0,0,0,0,0,0,0,0,0,31600,0,0,0,0,0,0,0,0,0,51900,0,0,0,0,0,0,0,0,0,31600,102400,0,0,0,0,0,0,0,0,53610,51180,8664200,4826100,0,0,0,0,0,
600027.SH,600027,20251209,92154000,0,0,0,0,0,,,0,0,0,0,0,52000,51900,0,0,0,0,0,0,0,0,0,31600,0,0,0,0,0,0,0,0,0,51900,0,0,0,0,0,0,0,0,0,31600,102400,0,0,0,0,0,0,0,0,53610,51180,8664200,4828900,0,0,0,0,0,
600027.SH,600027,20251209,92157000,0,0,0,0,0,,,0,0,0,0,0,52000,51900,0,0,0,0,0,0,0,0,0,31600,0,0,0,0,0,0,0,0,0,51900,0,0,0,0,0,0,0,0,0,31600,102400,0,0,0,0,0,0,0,0,53610,51180,8667300,4829500,0,0,0,0,0,
600027.SH,600027,20251209,92200000,0,0,0,0,0,,,0,0,0,0,0,52000,51900,0,0,0,0,0,0,0,0,0,31600,0,0,0,0,0,0,0,0,0,51900,0,0,0,0,0,0,0,0,0,31600,102600,0,0,0,0,0,0,0,0,53610,51180,8667300,4849700,0,0,0,0,0,
600027.SH,600027,20251209,92203000,0,0,0,0,0,,,0,0,0,0,0,52000,51900,0,0,0,0,0,0,0,0,0,31600,0,0,0,0,0,0,0,0,0,51900,0,0,0,0,0,0,0,0,0,31600,103000,0,0,0,0,0,0,0,0,53610,51180,8667700,4850100,0,0,0,0,0,
600027.SH,600027,20251209,92206000,0,0,0,0,0,,,0,0,0,0,0,52000,51900,0,0,0,0,0,0,0,0,0,31600,0,0,0,0,0,0,0,0,0,51900,0,0,0,0,0,0,0,0,0,31600,120800,0,0,0,0,0,0,0,0,53610,51180,8689500,4867900,0,0,0,0,0,
600027.SH,600027,20251209,92209000,0,0,0,0,0,,,0,0,0,0,0,52000,51900,0,0,0,0,0,0,0,0,0,31600,0,0,0,0,0,0,0,0,0,51900,0,0,0,0,0,0,0,0,0,31600,120800,0,0,0,0,0,0,0,0,53610,51180,8690500,4868100,0,0,0,0,0,
600027.SH,600027,20251209,92212000,0,0,0,0,0,,,0,0,0,0,0,52000,51900,0,0,0,0,0,0,0,0,0,31600,0,0,0,0,0,0,0,0,0,51900,0,0,0,0,0,0,0,0,0,31600,120800,0,0,0,0,0,0,0,0,53610,51180,8694600,4868400,0,0,0,0,0,
600027.SH,600027,20251209,92215000,0,0,0,0,0,,,0,0,0,0,0,52000,51900,0,0,0,0,0,0,0,0,0,31600,0,0,0,0,0,0,0,0,0,51900,0,0,0,0,0,0,0,0,0,31600,120800,0,0,0,0,0,0,0,0,53610,51180,8702400,4873900,0,0,0,0,0,
600027.SH,600027,20251209,92218000,0,0,0,0,0,,,0,0,0,0,0,52000,51900,0,0,0,0,0,0,0,0,0,31600,0,0,0,0,0,0,0,0,0,51900,0,0,0,0,0,0,0,0,0,31600,120800,0,0,0,0,0,0,0,0,53610,51180,8715300,4873900,0,0,0,0,0,
600027.SH,600027,20251209,92221000,0,0,0,0,0,,,0,0,0,0,0,52000,51900,0,0,0,0,0,0,0,0,0,31600,0,0,0,0,0,0,0,0,0,51900,0,0,0,0,0,0,0,0,0,31600,120800,0,0,0,0,0,0,0,0,53610,51180,8720700,4893900,0,0,0,0,0,
600027.SH,600027,20251209,92224000,0,0,0,0,0,,,0,0,0,0,0,52000,51900,0,0,0,0,0,0,0,0,0,31600,0,0,0,0,0,0,0,0,0,51900,0,0,0,0,0,0,0,0,0,31600,120800,0,0,0,0,0,0,0,0,53620,51180,8730700,4893900,0,0,0,0,0,
600027.SH,600027,20251209,92227000,0,0,0,0,0,,,0,0,0,0,0,52000,51900,0,0,0,0,0,0,0,0,0,31600,0,0,0,0,0,0,0,0,0,51900,0,0,0,0,0,0,0,0,0,31600,120800,0,0,0,0,0,0,0,0,53620,51180,8730700,4894900,0,0,0,0,0,
600027.SH,600027,20251209,92230000,0,0,0,0,0,,,0,0,0,0,0,52000,51900,0,0,0,0,0,0,0,0,0,31600,0,0,0,0,0,0,0,0,0,51900,0,0,0,0,0,0,0,0,0,31600,120800,0,0,0,0,0,0,0,0,53620,51180,8730700,4895900,0,0,0,0,0,
600027.SH,600027,20251209,92233000,0,0,0,0,0,,,0,0,0,0,0,52000,51900,0,0,0,0,0,0,0,0,0,31600,0,0,0,0,0,0,0,0,0,51900,0,0,0,0,0,0,0,0,0,31600,120800,0,0,0,0,0,0,0,0,53620,51180,8730700,4918900,0,0,0,0,0,
600027.SH,600027,20251209,92236000,0,0,0,0,0,,,0,0,0,0,0,52000,51900,0,0,0,0,0,0,0,0,0,31600,0,0,0,0,0,0,0,0,0,51900,0,0,0,0,0,0,0,0,0,31600,120800,0,0,0,0,0,0,0,0,53620,51180,8731500,4920900,0,0,0,0,0,
600027.SH,600027,20251209,92239000,0,0,0,0,0,,,0,0,0,0,0,52000,51900,0,0,0,0,0,0,0,0,0,31600,0,0,0,0,0,0,0,0,0,51900,0,0,0,0,0,0,0,0,0,31600,120800,0,0,0,0,0,0,0,0,53620,51180,8734000,4925900,0,0,0,0,0,
600027.SH,600027,20251209,92242000,0,0,0,0,0,,,0,0,0,0,0,52000,51900,0,0,0,0,0,0,0,0,0,31600,0,0,0,0,0,0,0,0,0,51900,0,0,0,0,0,0,0,0,0,31600,120800,0,0,0,0,0,0,0,0,53620,51180,8734000,4932900,0,0,0,0,0,
600027.SH,600027,20251209,92245000,0,0,0,0,0,,,0,0,0,0,0,52000,51900,0,0,0,0,0,0,0,0,0,31600,0,0,0,0,0,0,0,0,0,51900,0,0,0,0,0,0,0,0,0,31600,120800,0,0,0,0,0,0,0,0,53620,51180,8738600,4932900,0,0,0,0,0,
600027.SH,600027,20251209,92251000,0,0,0,0,0,,,0,0,0,0,0,52000,51900,0,0,0,0,0,0,0,0,0,31600,0,0,0,0,0,0,0,0,0,51900,0,0,0,0,0,0,0,0,0,31600,120800,0,0,0,0,0,0,0,0,53620,51180,8738600,4933900,0,0,0,0,0,
600027.SH,600027,20251209,92254000,0,0,0,0,0,,,0,0,0,0,0,52000,51900,0,0,0,0,0,0,0,0,0,31600,0,0,0,0,0,0,0,0,0,51900,0,0,0,0,0,0,0,0,0,31600,120800,0,0,0,0,0,0,0,0,53620,51170,8739100,4992400,0,0,0,0,0,
600027.SH,600027,20251209,92300000,0,0,0,0,0,,,0,0,0,0,0,52000,51900,0,0,0,0,0,0,0,0,0,31600,0,0,0,0,0,0,0,0,0,51900,0,0,0,0,0,0,0,0,0,31600,124600,0,0,0,0,0,0,0,0,53620,51170,8739600,4996200,0,0,0,0,0,
600027.SH,600027,20251209,92303000,0,0,0,0,0,,,0,0,0,0,0,52000,51900,0,0,0,0,0,0,0,0,0,31600,0,0,0,0,0,0,0,0,0,51900,0,0,0,0,0,0,0,0,0,31600,124600,0,0,0,0,0,0,0,0,53620,51170,8739600,5016200,0,0,0,0,0,
600027.SH,600027,20251209,92309000,0,0,0,0,0,,,0,0,0,0,0,52000,51900,0,0,0,0,0,0,0,0,0,31600,0,0,0,0,0,0,0,0,0,51900,0,0,0,0,0,0,0,0,0,31600,124600,0,0,0,0,0,0,0,0,53610,51170,8779600,5017700,0,0,0,0,0,
600027.SH,600027,20251209,92312000,0,0,0,0,0,,,0,0,0,0,0,52000,51900,0,0,0,0,0,0,0,0,0,31600,0,0,0,0,0,0,0,0,0,51900,0,0,0,0,0,0,0,0,0,31600,124600,0,0,0,0,0,0,0,0,53610,51170,8784600,5022700,0,0,0,0,0,
600027.SH,600027,20251209,92315000,0,0,0,0,0,,,0,0,0,0,0,52000,51900,0,0,0,0,0,0,0,0,0,32400,0,0,0,0,0,0,0,0,0,51900,0,0,0,0,0,0,0,0,0,32400,123800,0,0,0,0,0,0,0,0,53610,51170,8787500,5022700,0,0,0,0,0,
600027.SH,600027,20251209,92318000,0,0,0,0,0,,,0,0,0,0,0,52000,51900,0,0,0,0,0,0,0,0,0,32400,0,0,0,0,0,0,0,0,0,51900,0,0,0,0,0,0,0,0,0,32400,123800,0,0,0,0,0,0,0,0,53600,51170,8858900,5024300,0,0,0,0,0,
600027.SH,600027,20251209,92321000,0,0,0,0,0,,,0,0,0,0,0,52000,51900,0,0,0,0,0,0,0,0,0,32400,0,0,0,0,0,0,0,0,0,51900,0,0,0,0,0,0,0,0,0,32400,123900,0,0,0,0,0,0,0,0,53600,51170,8858900,5024400,0,0,0,0,0,
600027.SH,600027,20251209,92327000,0,0,0,0,0,,,0,0,0,0,0,52000,51900,0,0,0,0,0,0,0,0,0,32400,0,0,0,0,0,0,0,0,0,51900,0,0,0,0,0,0,0,0,0,32400,123900,0,0,0,0,0,0,0,0,53600,51170,8865700,5024400,0,0,0,0,0,
600027.SH,600027,20251209,92330000,0,0,0,0,0,,,0,0,0,0,0,52000,51900,0,0,0,0,0,0,0,0,0,32400,0,0,0,0,0,0,0,0,0,51900,0,0,0,0,0,0,0,0,0,32400,124400,0,0,0,0,0,0,0,0,53600,51170,8865700,5024900,0,0,0,0,0,
600027.SH,600027,20251209,92333000,0,0,0,0,0,,,0,0,0,0,0,52000,51900,0,0,0,0,0,0,0,0,0,82400,0,0,0,0,0,0,0,0,0,51900,0,0,0,0,0,0,0,0,0,82400,74400,0,0,0,0,0,0,0,0,53590,51170,8915700,5030900,0,0,0,0,0,
600027.SH,600027,20251209,92336000,0,0,0,0,0,,,0,0,0,0,0,52000,51900,0,0,0,0,0,0,0,0,0,82400,0,0,0,0,0,0,0,0,0,51900,0,0,0,0,0,0,0,0,0,82400,74400,0,0,0,0,0,0,0,0,53590,51170,8915700,5031700,0,0,0,0,0,
600027.SH,600027,20251209,92339000,0,0,0,0,0,,,0,0,0,0,0,52000,51900,0,0,0,0,0,0,0,0,0,82400,0,0,0,0,0,0,0,0,0,51900,0,0,0,0,0,0,0,0,0,82400,74400,0,0,0,0,0,0,0,0,53590,51170,8930100,5031700,0,0,0,0,0,
600027.SH,600027,20251209,92342000,0,0,0,0,0,,,0,0,0,0,0,52000,51900,0,0,0,0,0,0,0,0,0,83500,0,0,0,0,0,0,0,0,0,51900,0,0,0,0,0,0,0,0,0,83500,73300,0,0,0,0,0,0,0,0,53590,51170,8931200,5031700,0,0,0,0,0,
600027.SH,600027,20251209,92345000,0,0,0,0,0,,,0,0,0,0,0,52000,51900,0,0,0,0,0,0,0,0,0,83500,0,0,0,0,0,0,0,0,0,51900,0,0,0,0,0,0,0,0,0,83500,73300,0,0,0,0,0,0,0,0,53590,51170,8941200,5031700,0,0,0,0,0,
600027.SH,600027,20251209,92348000,0,0,0,0,0,,,0,0,0,0,0,52000,51900,0,0,0,0,0,0,0,0,0,83500,0,0,0,0,0,0,0,0,0,51900,0,0,0,0,0,0,0,0,0,83500,73300,0,0,0,0,0,0,0,0,53590,51170,8943300,5039200,0,0,0,0,0,
600027.SH,600027,20251209,92351000,0,0,0,0,0,,,0,0,0,0,0,52000,51900,0,0,0,0,0,0,0,0,0,83500,0,0,0,0,0,0,0,0,0,51900,0,0,0,0,0,0,0,0,0,83500,73300,0,0,0,0,0,0,0,0,53590,51170,8943800,5043200,0,0,0,0,0,
600027.SH,600027,20251209,92354000,0,0,0,0,0,,,0,0,0,0,0,52000,51900,0,0,0,0,0,0,0,0,0,83500,0,0,0,0,0,0,0,0,0,51900,0,0,0,0,0,0,0,0,0,83500,73300,0,0,0,0,0,0,0,0,53580,51170,8993800,5043200,0,0,0,0,0,
600027.SH,600027,20251209,92357000,0,0,0,0,0,,,0,0,0,0,0,52000,51900,0,0,0,0,0,0,0,0,0,83500,0,0,0,0,0,0,0,0,0,51900,0,0,0,0,0,0,0,0,0,83500,73300,0,0,0,0,0,0,0,0,53580,51170,8995800,5044200,0,0,0,0,0,
600027.SH,600027,20251209,92400000,0,0,0,0,0,,,0,0,0,0,0,52000,51900,0,0,0,0,0,0,0,0,0,83500,0,0,0,0,0,0,0,0,0,51900,0,0,0,0,0,0,0,0,0,83500,74400,0,0,0,0,0,0,0,0,53580,51170,9001900,5095300,0,0,0,0,0,
600027.SH,600027,20251209,92403000,0,0,0,0,0,,,0,0,0,0,0,52000,51900,0,0,0,0,0,0,0,0,0,83500,0,0,0,0,0,0,0,0,0,51900,0,0,0,0,0,0,0,0,0,83500,74400,0,0,0,0,0,0,0,0,53580,51170,9003900,5107300,0,0,0,0,0,
600027.SH,600027,20251209,92406000,0,0,0,0,0,,,0,0,0,0,0,52000,51900,0,0,0,0,0,0,0,0,0,83700,0,0,0,0,0,0,0,0,0,51900,0,0,0,0,0,0,0,0,0,83700,76200,0,0,0,0,0,0,0,0,53580,51170,9004100,5114700,0,0,0,0,0,
600027.SH,600027,20251209,92409000,0,0,0,0,0,,,0,0,0,0,0,52000,51900,0,0,0,0,0,0,0,0,0,83700,0,0,0,0,0,0,0,0,0,51900,0,0,0,0,0,0,0,0,0,83700,76200,0,0,0,0,0,0,0,0,53580,51170,9004900,5114700,0,0,0,0,0,
600027.SH,600027,20251209,92412000,0,0,0,0,0,,,0,0,0,0,0,52000,51900,0,0,0,0,0,0,0,0,0,83700,0,0,0,0,0,0,0,0,0,51900,0,0,0,0,0,0,0,0,0,83700,76200,0,0,0,0,0,0,0,0,53580,51180,9012900,5165200,0,0,0,0,0,
600027.SH,600027,20251209,92415000,0,0,0,0,0,,,0,0,0,0,0,52000,51900,0,0,0,0,0,0,0,0,0,83700,0,0,0,0,0,0,0,0,0,51900,0,0,0,0,0,0,0,0,0,83700,76300,0,0,0,0,0,0,0,0,53580,51180,9023900,5165300,0,0,0,0,0,
600027.SH,600027,20251209,92418000,0,0,0,0,0,,,0,0,0,0,0,52000,51900,0,0,0,0,0,0,0,0,0,84700,0,0,0,0,0,0,0,0,0,51900,0,0,0,0,0,0,0,0,0,84700,80300,0,0,0,0,0,0,0,0,53570,51180,9075100,5174800,0,0,0,0,0,
600027.SH,600027,20251209,92424000,0,0,0,0,0,,,0,0,0,0,0,52000,51900,0,0,0,0,0,0,0,0,0,84700,0,0,0,0,0,0,0,0,0,51900,0,0,0,0,0,0,0,0,0,84700,80300,0,0,0,0,0,0,0,0,53570,51180,9085100,5179400,0,0,0,0,0,
600027.SH,600027,20251209,92427000,0,0,0,0,0,,,0,0,0,0,0,52000,51900,0,0,0,0,0,0,0,0,0,84700,0,0,0,0,0,0,0,0,0,51900,0,0,0,0,0,0,0,0,0,84700,80300,0,0,0,0,0,0,0,0,53570,51180,9137100,5182400,0,0,0,0,0,
600027.SH,600027,20251209,92430000,0,0,0,0,0,,,0,0,0,0,0,52000,51900,0,0,0,0,0,0,0,0,0,91100,0,0,0,0,0,0,0,0,0,51900,0,0,0,0,0,0,0,0,0,91100,73900,0,0,0,0,0,0,0,0,53560,51180,9143500,5184300,0,0,0,0,0,
600027.SH,600027,20251209,92433000,0,0,0,0,0,,,0,0,0,0,0,52000,51900,0,0,0,0,0,0,0,0,0,91100,0,0,0,0,0,0,0,0,0,51900,0,0,0,0,0,0,0,0,0,91100,73900,0,0,0,0,0,0,0,0,53560,51180,9201000,5185300,0,0,0,0,0,
600027.SH,600027,20251209,92436000,0,0,0,0,0,,,0,0,0,0,0,52000,51900,0,0,0,0,0,0,0,0,0,91100,0,0,0,0,0,0,0,0,0,51900,0,0,0,0,0,0,0,0,0,91100,73900,0,0,0,0,0,0,0,0,53560,51180,9214500,5185300,0,0,0,0,0,
600027.SH,600027,20251209,92439000,0,0,0,0,0,,,0,0,0,0,0,52000,51900,0,0,0,0,0,0,0,0,0,96500,0,0,0,0,0,0,0,0,0,51900,0,0,0,0,0,0,0,0,0,96500,95100,0,0,0,0,0,0,0,0,53560,51190,9220200,5211900,0,0,0,0,0,
600027.SH,600027,20251209,92442000,0,0,0,0,0,,,0,0,0,0,0,52000,51900,0,0,0,0,0,0,0,0,0,102600,0,0,0,0,0,0,0,0,0,51900,0,0,0,0,0,0,0,0,0,102600,89000,0,0,0,0,0,0,0,0,53560,51190,9237800,5265900,0,0,0,0,0,
600027.SH,600027,20251209,92445000,0,0,0,0,0,,,0,0,0,0,0,52000,51900,0,0,0,0,0,0,0,0,0,120600,0,0,0,0,0,0,0,0,0,51900,0,0,0,0,0,0,0,0,0,120600,71000,0,0,0,0,0,0,0,0,53550,51190,9261800,5267900,0,0,0,0,0,
600027.SH,600027,20251209,92448000,0,0,0,0,0,,,0,0,0,0,0,52000,51900,0,0,0,0,0,0,0,0,0,120600,0,0,0,0,0,0,0,0,0,51900,0,0,0,0,0,0,0,0,0,120600,71000,0,0,0,0,0,0,0,0,53550,51190,9261800,5268200,0,0,0,0,0,
600027.SH,600027,20251209,92451000,0,0,0,0,0,,,0,0,0,0,0,52000,51900,0,0,0,0,0,0,0,0,0,128300,0,0,0,0,0,0,0,0,0,51900,0,0,0,0,0,0,0,0,0,128300,66000,0,0,0,0,0,0,0,0,53550,51200,9269500,5280900,0,0,0,0,0,
600027.SH,600027,20251209,92454000,0,0,0,0,0,,,0,0,0,0,0,52000,51900,0,0,0,0,0,0,0,0,0,137700,0,0,0,0,0,0,0,0,0,51900,0,0,0,0,0,0,0,0,0,137700,59100,0,0,0,0,0,0,0,0,53550,51200,9288500,5287500,0,0,0,0,0,
600027.SH,600027,20251209,92457000,0,0,0,0,0,,,0,0,0,0,0,52000,51900,0,0,0,0,0,0,0,0,0,144900,0,0,0,0,0,0,0,0,0,51900,0,0,0,0,0,0,0,0,0,144900,53600,0,0,0,0,0,0,0,0,53550,51200,9295700,5319700,0,0,0,0,0,
600027.SH,600027,20251209,92500000,0,0,0,0,0,,,0,0,0,0,0,52000,51900,0,0,0,0,0,0,0,0,0,149600,0,0,0,0,0,0,0,0,0,51900,0,0,0,0,0,0,0,0,0,149600,77300,0,0,0,0,0,0,0,0,53540,51210,9312100,5348100,0,0,0,0,0,
600027.SH,600027,20251209,92503000,51900,149600,776424,117,0,,,149600,776424,51900,51900,51900,52000,52000,52100,52200,52300,52400,52500,52600,52700,52800,52900,204700,569300,765500,307900,617000,609300,470000,672600,623100,348400,51900,51800,51700,51600,51500,51400,51300,51200,51100,51000,77300,211000,476200,460800,877400,368200,235700,350700,469800,438600,53580,51160,9162500,5198500,0,0,0,0,0,
600027.SH,600027,20251209,93000000,51900,20700,107433,125,0,,,170300,883857,51900,51900,51900,52000,52000,52100,52200,52300,52400,52500,52600,52700,52800,52900,217400,569300,765500,307900,617000,609300,470000,672600,623100,348400,51900,51800,51700,51600,51500,51400,51300,51200,51100,51000,56600,211000,476200,460900,877400,368200,236700,350700,469800,438600,53580,51160,9175200,5178900,0,0,0,0,0,
600027.SH,600027,20251209,93003000,52000,20300,105359,138,0,,,190600,989216,52000,51900,51900,52000,52000,52100,52200,52300,52400,52500,52600,52700,52800,52900,235000,569300,789800,317900,637000,609300,470000,672600,623100,349400,51900,51800,51700,51600,51500,51400,51300,51200,51100,51000,51700,217000,494700,467100,889800,369500,241700,350700,471000,441700,53570,51160,9259600,5237900,0,0,0,0,0,
600027.SH,600027,20251209,93006000,51900,28700,148956,170,0,,,219300,1138172,52000,51900,51900,52000,52000,52100,52200,52300,52400,52500,52600,52700,52800,52900,282400,522300,745800,327100,687900,620800,478000,672600,687100,379400,51900,51800,51700,51600,51500,51400,51300,51200,51100,51000,25800,228000,506700,488700,916700,373100,254200,351800,482800,454700,53560,51160,9408500,5342200,0,0,0,0,0,
600027.SH,600027,20251209,93009000,51900,27500,142730,211,0,,,246800,1280902,52000,51900,51900,52000,52000,52100,52200,52300,52400,52500,52600,52700,52800,52900,300800,527600,745800,357200,697900,624800,478000,680500,695900,379400,51900,51800,51700,51600,51500,51400,51300,51200,51100,51000,8200,253800,509200,493700,926700,377000,265200,351800,485200,454700,53550,51160,9528400,5399100,0,0,0,0,0,
600027.SH,600027,20251209,93012000,51900,57300,297520,236,0,,,304100,1578422,52000,51900,51900,52000,52000,52100,52200,52300,52400,52500,52600,52700,52800,52900,109600,526600,753500,307200,647900,630800,500300,681500,703900,379400,51900,51800,51700,51600,51500,51400,51300,51200,51100,51000,20500,263800,689900,710200,1177600,377000,267200,351800,485700,454700,53580,51210,9263400,6077000,0,0,0,0,0,
600027.SH,600027,20251209,93015000,51900,17700,91871,267,0,,,321800,1670293,52000,51900,51900,52000,52000,52100,52200,52300,52400,52500,52600,52700,52800,52900,208600,523200,758500,316300,651800,641500,501300,682300,705200,379400,51900,51800,51700,51600,51500,51400,51300,51200,51100,51000,15000,345100,701200,716800,1206900,377000,267400,353800,486200,784200,53590,51200,9662400,6587500,0,0,0,0,0,
600027.SH,600027,20251209,93018000,51900,23800,123472,302,0,,,345600,1793765,52000,51800,51900,52000,51900,52000,52100,52200,52300,52400,52500,52600,52700,52800,13300,235700,522300,758500,328300,651800,661900,548500,682300,753500,51800,51700,51600,51500,51400,51300,51200,51100,51000,50900,350200,701300,736800,1205900,379000,268400,353800,486200,786100,69300,53580,51200,9873900,6608700,0,0,0,0,0,
600027.SH,600027,20251209,93021000,51800,13600,70517,324,0,,,359200,1864282,52000,51800,51900,52000,51900,52000,52100,52200,52300,52400,52500,52600,52700,52800,27400,244900,522300,764500,334100,676800,662100,573500,694900,753500,51800,51700,51600,51500,51400,51300,51200,51100,51000,50900,347400,710000,801400,1230400,379000,268400,354400,486200,789600,69300,53570,51210,9993600,6711000,0,0,0,0,0,
600027.SH,600027,20251209,93024000,51900,56800,294782,372,0,,,416000,2159064,52000,51800,51900,52000,52000,52100,52200,52300,52400,52500,52600,52700,52800,52900,283700,544300,766700,344300,679100,665900,573500,694900,754200,379400,51900,51800,51700,51600,51500,51400,51300,51200,51100,51000,5700,350400,747500,801400,1263900,376000,259500,354400,486200,789600,53570,51210,10058600,6796300,0,0,0,0,0,
600027.SH,600027,20251209,93027000,51800,42300,219517,408,0,,,458300,2378581,52000,51800,51900,52000,51900,52000,52100,52200,52300,52400,52500,52600,52700,52800,12900,282700,583200,767700,344300,679100,671900,583500,694900,754200,51800,51700,51600,51500,51400,51300,51200,51100,51000,50900,354000,754200,806400,1214900,376000,259500,354400,488200,792100,69300,53560,51200,10129700,6767600,0,0,0,0,0,
600027.SH,600027,20251209,93030000,51900,15200,78844,431,0,,,473500,2457425,52000,51800,51900,52000,51900,52000,52100,52200,52300,52400,52500,52600,52700,52800,39900,316900,583200,774000,346300,679100,671900,588800,698900,754200,51800,51700,51600,51500,51400,51300,51200,51100,51000,50900,355500,757600,811400,1214900,376000,259500,354400,488200,799400,69300,53550,51200,10230600,6788800,0,0,0,0,0,
600027.SH,600027,20251209,93033000,51800,42500,220325,475,0,,,516000,2677750,52000,51800,51900,52000,51900,52000,52100,52200,52300,52400,52500,52600,52700,52800,70000,321200,583200,774000,349300,679100,671900,588800,698900,760000,51800,51700,51600,51500,51400,51300,51200,51100,51000,50900,345700,759100,813600,1219200,386000,254500,354900,488200,806400,70300,53550,51200,10283400,6800500,0,0,0,0,0,
600027.SH,600027,20251209,93036000,51800,65800,341344,524,0,,,581800,3019094,52000,51800,51900,52000,51900,52000,52100,52200,52300,52400,52500,52600,52700,52800,37100,322700,583200,774000,353300,689100,672500,588800,698900,760000,51800,51700,51600,51500,51400,51300,51200,51100,51000,50900,367800,758100,816500,1221500,391000,254500,354900,488200,804400,70300,53560,51200,10315900,6830800,0,0,0,0,0,
600027.SH,600027,20251209,93039000,51900,39300,203707,565,0,,,621100,3222801,52000,51800,51900,52000,51900,52000,52100,52200,52300,52400,52500,52600,52700,52800,79300,318500,588300,774000,353300,689000,672500,588800,698900,760400,51800,51700,51600,51500,51400,51300,51200,51100,51000,50900,359600,758100,819300,1222600,391000,254500,355000,489200,804400,70300,53550,51200,10386600,6837300,0,0,0,0,0,
600027.SH,600027,20251209,93042000,51900,38600,200257,599,0,,,659700,3423058,52000,51800,51900,52000,51900,52000,52100,52200,52300,52400,52500,52600,52700,52800,137300,319900,588300,772000,353300,689000,672500,588800,698900,760400,51800,51700,51600,51500,51400,51300,51200,51100,51000,50900,359900,758100,821300,1222600,391000,254500,355000,489200,809400,70300,53540,51200,10444000,6844600,0,0,0,0,0,
600027.SH,600027,20251209,93045000,51900,9600,49757,612,0,,,669300,3472815,52000,51800,51900,52000,51900,52000,52100,52200,52300,52400,52500,52600,52700,52800,159400,313300,588300,773500,353300,689000,672500,588800,698900,760400,51800,51700,51600,51500,51400,51300,51200,51100,51000,50900,372000,748100,821300,1235600,401000,254500,355000,489200,809900,70300,53570,51200,10569500,6871300,0,0,0,0,0,
600027.SH,600027,20251209,93048000,51900,1100,5709,618,0,,,670400,3478524,52000,51800,51900,52000,51900,52000,52100,52200,52300,52400,52500,52600,52700,52800,170300,313600,588300,773500,353300,689000,672500,588800,698900,760400,51800,51700,51600,51500,51400,51300,51200,51100,51000,50900,425100,753100,821800,1233300,401000,254500,355000,489200,811600,70300,53570,51210,10584900,6929300,0,0,0,0,0,
600027.SH,600027,20251209,93051000,51900,5600,29046,621,0,,,676000,3507570,52000,51800,51900,52000,51900,52000,52100,52200,52300,52400,52500,52600,52700,52800,291200,265400,588300,775500,353300,689000,672500,588800,698900,760400,51800,51700,51600,51500,51400,51300,51200,51100,51000,50900,427100,753100,821800,1243300,401000,255000,355000,489200,811600,70300,53560,51210,10665200,6941800,0,0,0,0,0,
600027.SH,600027,20251209,93054000,51800,137300,711214,646,0,,,813300,4218784,52000,51800,51900,52000,51900,52000,52100,52200,52300,52400,52500,52600,52700,52800,352300,265300,588300,775500,353300,689000,672500,588800,698900,760400,51800,51700,51600,51500,51400,51300,51200,51100,51000,50900,295900,753100,827300,1243300,401500,255000,355000,489200,811600,70300,53560,51200,10729500,6816600,0,0,0,0,0,
600027.SH,600027,20251209,93057000,51800,20800,107744,659,0,,,834100,4326528,52000,51800,51900,52000,51900,52000,52100,52200,52300,52400,52500,52600,52700,52800,360400,260500,588300,775500,353300,689000,673000,588800,698900,760400,51800,51700,51600,51500,51400,51300,51200,51100,51000,50900,276100,754100,840200,1244800,401500,255000,355000,489200,811600,70300,53550,51200,10735300,6812200,0,0,0,0,0,
600027.SH,600027,20251209,93100000,51900,4000,20744,665,0,,,838100,4347272,52000,51800,51900,52000,51900,52000,52100,52200,52300,52400,52500,52600,52700,52800,362500,410200,588300,777900,353300,689000,663800,598800,698900,760400,51800,51700,51600,51500,51400,51300,51200,51100,51000,50900,278000,762800,845200,1244800,405800,255000,355000,489200,811600,70300,53530,51200,10907700,6832100,0,0,0,0,0,
600027.SH,600027,20251209,93103000,51800,2000,10360,667,0,,,840100,4357632,52000,51800,51900,52000,51900,52000,52100,52200,52300,52400,52500,52600,52700,52800,367500,410200,588300,777900,353300,689000,663800,598800,698900,760400,51800,51700,51600,51500,51400,51300,51200,51100,51000,50900,309000,762800,845200,1241800,415800,255000,355000,489200,811600,70300,53530,51200,10912700,6870100,0,0,0,0,0,
600027.SH,600027,20251209,93106000,51900,17700,91700,672,0,,,857800,4449332,52000,51800,51900,52000,51900,52000,52100,52200,52300,52400,52500,52600,52700,52800,378100,410100,588300,777900,353300,689000,663800,598800,698900,760400,51800,51700,51600,51500,51400,51300,51200,51100,51000,50900,299000,764800,845200,1241800,418800,255000,355000,490200,811600,70300,53530,51200,10924200,6844300,0,0,0,0,0,
600027.SH,600027,20251209,93109000,51800,52400,271432,692,0,,,910200,4720764,52000,51800,51900,52000,51900,52000,52100,52200,52300,52400,52500,52600,52700,52800,381200,410100,588300,777900,362500,689000,663800,570800,698900,760400,51800,51700,51600,51500,51400,51300,51200,51100,51000,50900,246700,765800,845300,1242800,418800,255000,355000,490200,811600,70300,53540,51200,10928500,6794100,0,0,0,0,0,
600027.SH,600027,20251209,93112000,51900,28300,146598,733,0,,,938500,4867362,52000,51800,51900,52000,51900,52000,52100,52200,52300,52400,52500,52600,52700,52800,409500,405500,588300,777900,365000,689000,663800,570800,698900,760400,51800,51700,51600,51500,51400,51300,51200,51100,51000,50900,218800,765800,846400,1312600,418800,254800,355000,490200,811600,70300,53530,51200,10953200,6836900,0,0,0,0,0,
600027.SH,600027,20251209,93115000,51900,26800,138825,801,0,,,965300,5006187,52000,51800,51900,52000,51900,52000,52100,52200,52300,52400,52500,52600,52700,52800,419200,404200,588300,778800,365000,689000,663800,576500,698900,760400,51800,51700,51600,51500,51400,51300,51200,51100,51000,50900,195300,766200,844500,1315600,418800,254800,355000,490700,811600,70300,53530,51200,10968100,6815400,0,0,0,0,0,
600027.SH,600027,20251209,93118000,51900,1000,5187,803,0,,,966300,5011374,52000,51800,51900,52000,51900,52000,52100,52200,52300,52400,52500,52600,52700,52800,451900,404200,588300,778800,365000,689000,666800,576500,698900,760400,51800,51700,51600,51500,51400,51300,51200,51100,51000,50900,210500,766200,844500,1315600,418800,254800,355000,490700,830600,70300,53530,51200,11019500,6860600,0,0,0,0,0,
600027.SH,600027,20251209,93121000,51800,2000,10360,809,0,,,968300,5021734,52000,51800,51900,52000,51900,52000,52100,52200,52300,52400,52500,52600,52700,52800,455100,404200,596500,778800,365000,690000,666800,576500,698900,760400,51800,51700,51600,51500,51400,51300,51200,51100,51000,50900,209400,766200,844500,1325600,418800,264800,355000,490700,830600,70300,53530,51200,11033100,6879500,0,0,0,0,0,
600027.SH,600027,20251209,93124000,51800,16700,86507,842,0,,,985000,5108241,52000,51800,51900,52000,51900,52000,52100,52200,52300,52400,52500,52600,52700,52800,452500,302000,596500,778800,365000,690000,666800,576500,698900,760400,51800,51700,51600,51500,51400,51300,51200,51100,51000,50900,192900,762600,845000,1325600,418800,264800,355000,490700,834600,70300,53540,51200,10931300,6863900,0,0,0,0,0,
600027.SH,600027,20251209,93127000,51800,2000,10360,848,0,,,987000,5118601,52000,51800,51900,52000,51900,52000,52100,52200,52300,52400,52500,52600,52700,52800,447600,306600,596500,778800,359100,690000,670800,576500,698900,760400,51800,51700,51600,51500,51400,51300,51200,51100,51000,50900,190900,762700,845000,1325600,418800,264800,355000,490700,834600,70300,53540,51200,10929900,6862000,0,0,0,0,0,
600027.SH,600027,20251209,93130000,51800,14800,76767,862,0,,,1001800,5195368,52000,51800,51900,52000,51900,52000,52100,52200,52300,52400,52500,52600,52700,52800,486600,306600,574500,778800,359100,690000,670800,576500,698900,760400,51800,51700,51600,51500,51400,51300,51200,51100,51000,50900,202400,762700,850000,1325600,418800,264800,355000,490700,834600,70300,53540,51200,10957100,6879500,0,0,0,0,0,
600027.SH,600027,20251209,93133000,51800,3300,17094,871,0,,,1005100,5212462,52000,51800,51900,52000,51900,52000,52100,52200,52300,52400,52500,52600,52700,52800,544100,305100,574500,778800,359100,692500,678500,576500,698900,760400,51800,51700,51600,51500,51400,51300,51200,51100,51000,50900,205400,762700,860100,1330900,418800,264800,355000,490700,834600,70300,53530,51200,11024200,6897900,0,0,0,0,0,
600027.SH,600027,20251209,93136000,51800,3200,16576,876,0,,,1008300,5229038,52000,51800,51900,52000,51900,52000,52100,52200,52300,52400,52500,52600,52700,52800,546600,302300,574500,778800,359100,692500,678500,576500,698900,760400,51800,51700,51600,51500,51400,51300,51200,51100,51000,50900,202500,762700,868700,1330900,420800,264800,355000,490700,834600,70300,53530,51200,11024900,6905600,0,0,0,0,0,
600027.SH,600027,20251209,93139000,51800,12200,63196,910,0,,,1020500,5292234,52000,51800,51900,52000,51900,52000,52100,52200,52300,52400,52500,52600,52700,52800,545200,350700,574500,779800,359100,692500,678500,578500,698900,760400,51800,51700,51600,51500,51400,51300,51200,51100,51000,50900,193400,769800,866700,1330900,430800,271000,355000,490700,835100,70300,53530,51200,11074900,6918300,0,0,0,0,0,
600027.SH,600027,20251209,93142000,51800,12000,62160,922,0,,,1032500,5354394,52000,51800,51900,52000,51900,52000,52100,52200,52300,52400,52500,52600,52700,52800,551300,328300,574500,779800,359100,692500,678500,578500,698900,760400,51800,51700,51600,51500,51400,51300,51200,51100,51000,50900,184500,796500,879700,1330900,430800,271000,355000,490700,835100,70300,53530,51200,11058500,6949100,0,0,0,0,0,
600027.SH,600027,20251209,93145000,51800,84700,438746,959,0,,,1117200,5793140,52000,51800,51900,52000,51900,52000,52100,52200,52300,52400,52500,52600,52700,52800,552600,328300,574500,779800,359100,692500,678500,578500,699900,760400,51800,51700,51600,51500,51400,51300,51200,51100,51000,50900,102900,821500,879700,1340900,430800,276000,355000,490700,835100,70300,53530,51200,11070800,6907500,0,0,0,0,0,
600027.SH,600027,20251209,93148000,51800,14900,77211,982,0,,,1132100,5870351,52000,51800,51900,52000,51900,52000,52100,52200,52300,52400,52500,52600,52700,52800,561300,354000,584500,779800,359100,692500,678500,578500,699900,760400,51800,51700,51600,51500,51400,51300,51200,51100,51000,50900,83400,821500,881600,1341900,430800,276000,355000,492700,835100,70300,53520,51190,11117100,6892900,0,0,0,0,0,
600027.SH,600027,20251209,93151000,51800,5100,26418,990,0,,,1137200,5896769,52000,51800,51900,52000,51900,52000,52100,52200,52300,52400,52500,52600,52700,52800,586800,376000,584500,779800,359100,692500,678500,578500,699900,760400,51800,51700,51600,51500,51400,51300,51200,51100,51000,50900,113000,821500,881600,1342900,430800,276000,355700,494800,835100,70300,53520,51200,11191300,6926300,0,0,0,0,0,
600027.SH,600027,20251209,93154000,51800,71400,369852,1023,0,,,1208600,6266621,52000,51800,51900,52000,51900,52000,52100,52200,52300,52400,52500,52600,52700,52800,580000,377200,590000,773300,359100,692500,678500,578500,699900,760400,51800,51700,51600,51500,51400,51300,51200,51100,51000,50900,37900,826100,883100,1342900,430800,276000,355700,494800,835100,70300,53520,51190,11184700,6857300,0,0,0,0,0,
600027.SH,600027,20251209,93157000,51800,44800,232064,1061,0,,,1253400,6498685,52000,51800,51900,52000,51800,51900,52000,52100,52200,52300,52400,52500,52600,52700,2800,585800,377200,590000,773300,359100,692500,678500,578500,699900,51700,51600,51500,51400,51300,51200,51100,51000,50900,50800,827100,888100,1342900,430800,276300,355700,494800,835400,70300,232800,53520,51190,11193300,6826000,0,0,0,0,0,
600027.SH,600027,20251209,93200000,51800,44100,228404,1115,0,,,1297500,6727089,52000,51700,51900,52000,51800,51900,52000,52100,52200,52300,52400,52500,52600,52700,12800,541200,374000,590000,773300,359100,692500,678500,578500,699900,51700,51600,51500,51400,51300,51200,51100,51000,50900,50800,899100,888100,1343900,430800,276300,356700,494800,835400,70300,232800,53520,51190,11155400,6900000,0,0,0,0,0,
600027.SH,600027,20251209,93203000,51800,61400,318026,1162,0,,,1358900,7045115,52000,51700,51900,52000,51900,52000,52100,52200,52300,52400,52500,52600,52700,52800,540600,371600,640000,773300,359100,692500,678500,578500,699900,760300,51800,51700,51600,51500,51400,51300,51200,51100,51000,50900,20400,953400,888100,1343900,431200,277200,356700,494800,835400,60300,53520,51200,11189600,6966000,0,0,0,0,0,
600027.SH,600027,20251209,93206000,51900,347100,1801298,1272,0,,,1706000,8846413,52000,51700,51900,52000,51900,52000,52100,52200,52300,52400,52500,52600,52700,52800,283000,371600,640000,770200,359100,692500,668500,578500,699900,763100,51800,51700,51600,51500,51400,51300,51200,51100,51000,50900,117400,954700,888100,1344400,433200,277200,356700,495800,835400,60300,53560,51210,10922300,7070000,0,0,0,0,0,
600027.SH,600027,20251209,93209000,51900,69100,358184,1313,0,,,1775100,9204597,52000,51700,51900,52000,51900,52000,52100,52200,52300,52400,52500,52600,52700,52800,280700,371600,640000,770200,359100,692500,668500,578500,699900,763100,51800,51700,51600,51500,51400,51300,51200,51100,51000,50900,120200,954700,888100,1344400,436200,277200,356900,495800,825400,60300,53560,51210,10920000,7066000,0,0,0,0,0,
600027.SH,600027,20251209,93212000,51800,43700,226542,1324,0,,,1818800,9431139,52000,51700,51900,52000,51900,52000,52100,52200,52300,52400,52500,52600,52700,52800,265400,371500,640000,770200,359100,692500,668500,578500,699900,759200,51800,51700,51600,51500,51400,51300,51200,51100,51000,50900,97600,961800,889100,1344400,436200,277200,356900,495800,826400,60300,53560,51210,10904100,7052500,0,0,0,0,0,
600027.SH,600027,20251209,93215000,51900,9400,48712,1340,0,,,1828200,9479851,52000,51700,51900,52000,51900,52000,52100,52200,52300,52400,52500,52600,52700,52800,263800,371500,640900,770200,359100,692500,668500,578500,699900,759200,51800,51700,51600,51500,51400,51300,51200,51100,51000,50900,103000,961900,913800,1344400,436200,277200,356700,495800,826400,60300,53560,51210,10903400,7083700,0,0,0,0,0,
600027.SH,600027,20251209,93218000,51900,0,0,1340,0,,,1828200,9479851,52000,51700,51900,52000,51900,52000,52100,52200,52300,52400,52500,52600,52700,52800,266700,371500,640900,770200,359100,692500,668500,579500,699900,759200,51800,51700,51600,51500,51400,51300,51200,51100,51000,50900,210700,961900,920400,1344400,436200,280200,356700,495800,826400,60300,53560,51220,10910300,7201000,0,0,0,0,0,
600027.SH,600027,20251209,93221000,51900,200,1038,1342,0,,,1828400,9480889,52000,51700,51900,52000,51900,52000,52100,52200,52300,52400,52500,52600,52700,52800,289200,366900,640900,755900,359100,692500,668500,579500,699900,759200,51800,51700,51600,51500,51400,51300,51200,51100,51000,50900,219800,962200,922900,1345400,441200,280200,356800,495800,826400,60300,53560,51220,10913900,7219000,0,0,0,0,0,
600027.SH,600027,20251209,93224000,51900,13500,69947,1352,0,,,1841900,9550836,52000,51700,51900,52000,51900,52000,52100,52200,52300,52400,52500,52600,52700,52800,306100,366900,640900,755900,359100,692500,668500,579500,699900,759200,51800,51700,51600,51500,51400,51300,51200,51100,51000,50900,209500,962900,922900,1345400,441200,280200,356100,496800,826400,60300,53560,51220,10930800,7210100,0,0,0,0,0,
600027.SH,600027,20251209,93227000,51900,2100,10888,1354,0,,,1844000,9561724,52000,51700,51900,52000,51900,52000,52100,52200,52300,52400,52500,52600,52700,52800,307100,366900,640900,718100,359100,692500,668500,579500,699900,759200,51800,51700,51600,51500,51400,51300,51200,51100,51000,50900,217600,962900,943800,1365400,441200,280200,356100,496800,826400,60300,53560,51220,10894200,7259300,0,0,0,0,0,
600027.SH,600027,20251209,93230000,51900,200,1038,1356,0,,,1844200,9562762,52000,51700,51900,52000,51900,52000,52100,52200,52300,52400,52500,52600,52700,52800,310900,366900,640900,718100,359100,692500,668500,579500,699900,759200,51800,51700,51600,51500,51400,51300,51200,51100,51000,50900,222100,962900,954100,1368800,441200,280200,356100,496800,826400,60300,53560,51220,10898000,7277500,0,0,0,0,0,
600027.SH,600027,20251209,93233000,51900,12000,62261,1359,0,,,1856200,9625023,52000,51700,51900,52000,51900,52000,52100,52200,52300,52400,52500,52600,52700,52800,293500,366900,640900,718100,359200,692500,668500,579500,699900,759200,51800,51700,51600,51500,51400,51300,51200,51100,51000,50900,254000,962900,954100,1368800,451200,280200,356100,496800,826400,60300,53560,51220,10882200,7320100,0,0,0,0,0,
600027.SH,600027,20251209,93236000,51900,9300,48235,1367,0,,,1865500,9673258,52000,51700,51900,52000,51900,52000,52100,52200,52300,52400,52500,52600,52700,52800,289600,404700,640900,718100,359200,692500,668500,579500,699900,759200,51800,51700,51600,51500,51400,51300,51200,51100,51000,50900,269900,963200,976100,1370300,451200,280200,356100,496800,826400,60300,53560,51230,10916100,7359800,0,0,0,0,0,
600027.SH,600027,20251209,93239000,51800,137300,712577,1432,0,,,2002800,10385835,52000,51700,51900,52000,51900,52000,52100,52200,52300,52400,52500,52600,52700,52800,138400,409700,640900,718100,359200,692500,668500,579500,699900,759200,51800,51700,51600,51500,51400,51300,51200,51100,51000,50900,297200,963200,982600,1370300,456200,290200,356100,496800,826400,60300,53580,51230,10772500,7409600,0,0,0,0,0,
600027.SH,600027,20251209,93242000,51900,51900,269361,1459,0,,,2054700,10655196,52000,51700,51900,52000,51900,52000,52100,52200,52300,52400,52500,52600,52700,52800,88400,410700,640900,718100,359200,695500,668500,579500,699900,759200,51800,51700,51600,51500,51400,51300,51200,51100,51000,50900,301200,963200,983600,1373300,456200,290200,356100,496800,826400,60300,53590,51230,10726500,7418600,0,0,0,0,0,
600027.SH,600027,20251209,93245000,52000,274000,1423385,1600,0,,,2328700,12078581,52000,51700,51900,52000,52000,52100,52200,52300,52400,52500,52600,52700,52800,52900,278700,640900,718100,359200,695500,668500,579500,699900,759200,406000,51900,51800,51700,51600,51500,51400,51300,51200,51100,51000,71900,351500,963200,985600,1373300,458200,290200,356100,496800,826400,53620,51240,10506100,7544800,0,0,0,0,0,
600027.SH,600027,20251209,93248000,51900,81300,422333,1608,0,,,2410000,12500914,52000,51700,51900,52000,52000,52100,52200,52300,52400,52500,52600,52700,52800,52900,244200,640900,718100,359200,695500,668500,579500,699900,759200,406000,51900,51800,51700,51600,51500,51400,51300,51200,51100,51000,51900,385400,963200,985600,1380200,458200,290800,356100,496800,826400,53630,51240,10503300,7566200,0,0,0,0,0,
600027.SH,600027,20251209,93251000,52000,26200,136240,1610,0,,,2436200,12637154,52000,51700,51900,52000,52000,52100,52200,52300,52400,52500,52600,52700,52800,52900,219900,640900,718100,359200,695500,668500,579500,701900,759200,406000,51900,51800,51700,51600,51500,51400,51300,51200,51100,51000,210600,385400,963700,985600,1368900,458200,290800,356100,501800,826400,53630,51250,10483400,7721100,0,0,0,0,0,
600027.SH,600027,20251209,93254000,52100,294000,1528991,1679,0,,,2730200,14166145,52100,51700,51900,52000,52100,52200,52300,52400,52500,52600,52700,52800,52900,53000,613700,719900,359200,695500,668500,579500,701900,759200,406000,501600,52000,51900,51800,51700,51600,51500,51400,51300,51200,51100,48300,234100,407600,943700,987600,1368900,458800,290800,356100,501800,53670,51260,10238100,7801700,0,0,0,0,0,
600027.SH,600027,20251209,93257000,52100,2200,11449,1683,0,,,2732400,14177594,52100,51700,51900,52000,52100,52200,52300,52400,52500,52600,52700,52800,52900,53000,562800,719900,363800,695500,668500,579500,701900,759200,406000,501600,52000,51900,51800,51700,51600,51500,51400,51300,51200,51100,29300,226500,404800,943000,988600,1368900,459300,290800,356100,501800,53680,51260,10191800,7777200,0,0,0,0,0,
600027.SH,600027,20251209,93300000,52100,7000,36439,1688,0,,,2739400,14214033,52100,51700,51900,52000,52100,52200,52300,52400,52500,52600,52700,52800,52900,53000,559000,719900,363800,695500,668500,579500,701900,759200,406000,501600,52000,51900,51800,51700,51600,51500,51400,51300,51200,51100,48900,253300,445800,943000,989100,1368900,459300,290800,356100,501800,53680,51260,10189000,7866100,0,0,0,0,0,
600027.SH,600027,20251209,93303000,52100,94700,493383,1694,0,,,2834100,14707416,52100,51700,51900,52000,52100,52200,52300,52400,52500,52600,52700,52800,52900,53000,459100,718900,354600,695500,668500,579500,701900,759200,406000,561600,52000,51900,51800,51700,51600,51500,51400,51300,51200,51100,244700,253000,435800,948200,989100,1369900,459300,290800,356100,501800,53690,51280,10138900,8057800,0,0,0,0,0,
600027.SH,600027,20251209,93306000,52100,16000,83360,1700,0,,,2850100,14790776,52100,51700,51900,52000,52100,52200,52300,52400,52500,52600,52700,52800,52900,53000,446500,718900,334600,695500,668500,579500,701900,759200,406000,561600,52000,51900,51800,51700,51600,51500,51400,51300,51200,51100,298200,257000,435900,951000,991100,1369900,459300,290800,358100,501800,53700,51290,10107400,8103200,0,0,0,0,0,
600027.SH,600027,20251209,93309000,52100,326200,1699502,1724,0,,,3176300,16490278,52100,51700,51900,52000,52100,52200,52300,52400,52500,52600,52700,52800,52900,53000,120300,718900,334600,695500,668500,579500,701900,759200,406000,561600,52000,51900,51800,51700,51600,51500,51400,51300,51200,51100,474300,307000,438400,951000,991100,1372400,459300,290800,358100,501800,53750,51310,9783100,8334300,0,0,0,0,0,
600027.SH,600027,20251209,93312000,52200,176100,918017,1766,0,,,3352400,17408295,52200,51700,51900,52000,52200,52300,52400,52500,52600,52700,52800,52900,53000,53100,665300,334600,695600,668500,579500,701900,759200,406000,592200,175800,52100,52000,51900,51800,51700,51600,51500,51400,51300,51200,193600,561200,301600,451500,973300,991100,1372300,459300,290800,358100,53780,51330,9639900,8644700,0,0,0,0,0,
600027.SH,600027,20251209,93315000,52200,8900,46443,1772,0,,,3361300,17454738,52200,51700,51900,52000,52200,52300,52400,52500,52600,52700,52800,52900,53000,53100,661400,341600,695600,670500,579500,701900,759200,406000,592200,175800,52100,52000,51900,51800,51700,51600,51500,51400,51300,51200,250200,537100,301800,457600,953300,981100,1376300,459300,290800,408100,53780,51330,9647000,8707500,0,0,0,0,0,
600027.SH,600027,20251209,93318000,52200,10000,52176,1778,0,,,3371300,17506914,52200,51700,51900,52000,52200,52300,52400,52500,52600,52700,52800,52900,53000,53100,659900,341600,695600,680500,588700,701900,759200,406500,592200,175800,52100,52000,51900,51800,51700,51600,51500,51400,51300,51200,342500,537000,303700,470600,949500,981100,1376300,459300,290800,408100,53770,51340,9669300,8811800,0,0,0,0,0,
600027.SH,600027,20251209,93321000,52100,7000,36470,1779,0,,,3378300,17543384,52200,51700,51900,52000,52200,52300,52400,52500,52600,52700,52800,52900,53000,53100,665600,352400,695600,680500,591000,701900,759200,406500,588300,175800,52100,52000,51900,51800,51700,51600,51500,51400,51300,51200,341900,542000,303700,472200,962000,981100,1376300,459300,290800,408100,53770,51340,9686200,8829600,0,0,0,0,0,
600027.SH,600027,20251209,93324000,52200,4100,21383,1785,0,,,3382400,17564767,52200,51700,51900,52000,52200,52300,52400,52500,52600,52700,52800,52900,53000,53100,686400,352400,695600,680500,591000,701900,759200,406500,588300,175800,52100,52000,51900,51800,51700,51600,51500,51400,51300,51200,347700,562000,303700,490000,962000,981100,1376300,459300,290800,408100,53770,51350,9709800,8928200,0,0,0,0,0,
600027.SH,600027,20251209,93327000,52200,0,0,1785,0,,,3382400,17564767,52200,51700,51900,52000,52200,52300,52400,52500,52600,52700,52800,52900,53000,53100,687400,352400,695600,680500,591000,701900,762100,406500,588300,175800,52100,52000,51900,51800,51700,51600,51500,51400,51300,51200,373200,562000,303700,493000,966300,981500,1376300,459300,290800,408100,53770,51350,9728100,8961400,0,0,0,0,0,
600027.SH,600027,20251209,93330000,52200,8400,43798,1794,0,,,3390800,17608565,52200,51700,51900,52000,52200,52300,52400,52500,52600,52700,52800,52900,53000,53100,702800,352400,695600,680500,591000,701900,762100,406500,563600,175800,52100,52000,51900,51800,51700,51600,51500,51400,51300,51200,378900,557100,303700,443000,966300,983500,1321300,409300,290800,408100,53770,51340,9718800,8809200,0,0,0,0,0,
600027.SH,600027,20251209,93333000,52200,5000,26100,1795,0,,,3395800,17634665,52200,51700,51900,52000,52200,52300,52400,52500,52600,52700,52800,52900,53000,53100,767900,352800,699700,680500,591000,701900,762600,406500,563600,175800,52100,52000,51900,51800,51700,51600,51500,51400,51300,51200,379900,559600,323700,445000,966300,983500,1350800,409300,290200,408100,53770,51340,9825100,8913600,0,0,0,0,0,
600027.SH,600027,20251209,93336000,52200,17000,88686,1816,0,,,3412800,17723351,52200,51700,51900,52000,52200,52300,52400,52500,52600,52700,52800,52900,53000,53100,758700,367800,439700,680500,594800,701900,762600,390200,563600,175800,52100,52000,51900,51800,51700,51600,51500,51400,51300,51200,384000,559600,323700,445000,966300,983500,1350800,409300,290200,408100,53810,51340,9568400,8917700,0,0,0,0,0,
600027.SH,600027,20251209,93339000,52200,29000,151180,1843,0,,,3441800,17874531,52200,51700,51900,52000,52200,52300,52400,52500,52600,52700,52800,52900,53000,53100,629800,369700,440700,670500,594800,701900,762600,412800,563600,175800,52100,52000,51900,51800,51700,51600,51500,51400,51300,51200,349100,559600,318600,424700,927800,983500,1352800,409300,290200,408100,53830,51340,9491900,8821500,0,0,0,0,0,
600027.SH,600027,20251209,93342000,52200,23300,121606,1847,0,,,3465100,17996137,52200,51700,51900,52000,52200,52300,52400,52500,52600,52700,52800,52900,53000,53100,673100,368900,466300,690500,597900,701900,762600,412800,563600,175800,52100,52000,51900,51800,51700,51600,51500,51400,51300,51200,349200,554100,290000,429600,927800,983500,1352800,409300,280200,408100,53810,51330,9591400,8837400,0,0,0,0,0,
600027.SH,600027,20251209,93345000,52200,2800,14616,1849,0,,,3467900,18010753,52200,51700,51900,52000,52200,52300,52400,52500,52600,52700,52800,52900,53000,53100,680300,368900,466300,690500,597900,702900,762600,412800,563600,175800,52100,52000,51900,51800,51700,51600,51500,51400,51300,51200,349200,552100,290000,429600,923800,983500,1352800,409300,279200,408100,53810,51330,9601900,8831200,0,0,0,0,0,
600027.SH,600027,20251209,93348000,52200,25700,134134,1854,0,,,3493600,18144887,52200,51700,51900,52000,52200,52300,52400,52500,52600,52700,52800,52900,53000,53100,664200,388900,469300,692500,589900,702900,762600,412800,563600,175800,52100,52000,51900,51800,51700,51600,51500,51400,51300,51200,348700,582600,290100,430900,921100,983000,1352800,409300,279200,408100,53810,51340,9605900,8859400,0,0,0,0,0,
600027.SH,600027,20251209,93351000,52100,4500,23455,1859,0,,,3498100,18168342,52200,51700,51900,52000,52200,52300,52400,52500,52600,52700,52800,52900,53000,53100,664000,478900,474200,706900,599900,702900,762600,412800,563600,175800,52100,52000,51900,51800,51700,51600,51500,51400,51300,51200,346200,582600,289400,430900,921100,983500,1353300,409300,279200,408100,53790,51330,9750200,8912200,0,0,0,0,0,
600027.SH,600027,20251209,93354000,52200,63400,330948,1864,0,,,3561500,18499290,52200,51700,51900,52000,52200,52300,52400,52500,52600,52700,52800,52900,53000,53100,603000,480100,474200,735800,601800,702900,767600,412800,563600,175800,52100,52000,51900,51800,51700,51600,51500,51400,51300,51200,348700,597600,291900,430900,916000,979500,1349300,405300,275200,408100,53800,51330,9728300,8910900,0,0,0,0,0,
600027.SH,600027,20251209,93357000,52200,0,0,1864,0,,,3561500,18499290,52200,51700,51900,52000,52200,52300,52400,52500,52600,52700,52800,52900,53000,53100,603000,491300,474200,750800,596800,707900,767600,412800,563600,175800,52100,52000,51900,51800,51700,51600,51500,51400,51300,51200,373000,597600,291900,430700,906000,979500,1349300,405300,275200,408100,53800,51330,9755700,8925300,0,0,0,0,0,
600027.SH,600027,20251209,93400000,52200,44300,231128,1880,0,,,3605800,18730418,52200,51700,51900,52000,52200,52300,52400,52500,52600,52700,52800,52900,53000,53100,571800,491300,481200,753800,596800,717900,767600,412800,563600,175800,52100,52000,51900,51800,51700,51600,51500,51400,51300,51200,408400,597600,291900,427900,911000,979100,1348300,405300,275200,408100,53800,51330,9744500,8971500,0,0,0,0,0,
600027.SH,600027,20251209,93403000,52200,633700,3308138,2001,0,,,4239500,22038556,52300,51700,51900,52000,52300,52400,52500,52600,52700,52800,52900,53000,53100,53200,482800,481200,803800,596800,717900,768600,412800,563600,175800,249900,52200,52100,52000,51900,51800,51700,51600,51500,51400,51300,97000,400100,578100,300100,430100,911000,969100,1377100,405300,275200,53890,51340,9216200,9069900,0,0,0,0,0,
600027.SH,600027,20251209,93406000,52300,15700,82106,2004,0,,,4255200,22120662,52300,51700,51900,52000,52300,52400,52500,52600,52700,52800,52900,53000,53100,53200,468100,489700,807400,604100,717900,768600,412800,563600,175800,249900,52200,52100,52000,51900,51800,51700,51600,51500,51400,51300,165600,394100,544800,300100,429300,911000,969100,1379100,405300,275200,53890,51350,9220700,9100400,0,0,0,0,0,
600027.SH,600027,20251209,93409000,52200,12300,64274,2010,0,,,4267500,22184936,52300,51700,51900,52000,52300,52400,52500,52600,52700,52800,52900,53000,53100,53200,463600,497200,818900,605900,717900,768600,412800,563600,175800,249900,52200,52100,52000,51900,51800,51700,51600,51500,51400,51300,170700,384800,544600,301100,443800,911000,969100,1380100,405300,275200,53890,51340,9240900,9212700,0,0,0,0,0,
600027.SH,600027,20251209,93412000,52200,110200,576317,2020,0,,,4377700,22761253,52300,51700,51900,52000,52300,52400,52500,52600,52700,52800,52900,53000,53100,53200,373900,494200,818900,595900,717900,771600,412800,566800,175800,249900,52200,52100,52000,51900,51800,51700,51600,51500,51400,51300,210000,392700,544600,301000,445200,913000,969100,1380100,405300,275200,53910,51340,9145400,9263200,0,0,0,0,0,
600027.SH,600027,20251209,93415000,52300,37200,194241,2033,0,,,4414900,22955494,52300,51700,51900,52000,52300,52400,52500,52600,52700,52800,52900,53000,53100,53200,375200,494200,816900,615900,717900,771600,412800,566800,197200,249900,52200,52100,52000,51900,51800,51700,51600,51500,51400,51300,178600,398700,540300,301000,441400,913000,969100,1380100,405800,275200,53900,51340,9186500,9226800,0,0,0,0,0,
600027.SH,600027,20251209,93418000,52200,252300,1316994,2105,0,,,4667200,24272488,52300,51700,51900,52000,52200,52300,52400,52500,52600,52700,52800,52900,53000,53100,39000,401100,495200,818900,625900,717900,771600,412800,576800,197200,52100,52000,51900,51800,51700,51600,51500,51400,51300,51200,407200,531100,301700,436900,913000,969100,1380100,405800,275200,408100,53900,51310,9295700,9153700,0,0,0,0,0,
600027.SH,600027,20251209,93421000,52100,33900,176939,2130,0,,,4701100,24449427,52300,51700,51900,52000,52200,52300,52400,52500,52600,52700,52800,52900,53000,53100,60100,404100,547400,818900,625900,717900,771600,412800,479500,197200,52100,52000,51900,51800,51700,51600,51500,51400,51300,51200,415200,531100,301700,436900,913000,969100,1380500,400800,275200,408100,53890,51320,9315700,9157100,0,0,0,0,0,
600027.SH,600027,20251209,93424000,52100,2900,15109,2133,0,,,4704000,24464536,52300,51700,51900,52000,52200,52300,52400,52500,52600,52700,52800,52900,53000,53100,61900,412800,638800,818900,627900,717900,776600,412800,479500,197200,52100,52000,51900,51800,51700,51600,51500,51400,51300,51200,413500,531100,301700,436900,913000,969100,1380500,400800,275200,408100,53870,51310,9425800,9155500,0,0,0,0,0,
600027.SH,600027,20251209,93427000,52200,5100,26622,2145,0,,,4709100,24491158,52300,51700,51900,52000,52200,52300,52400,52500,52600,52700,52800,52900,53000,53100,63000,418800,640200,822400,632900,717900,776600,423100,479500,202400,52100,52000,51900,51800,51700,51600,51500,51400,51300,51200,414700,531100,301700,442900,913000,971100,1379500,400800,275200,408100,53870,51310,9468400,9263700,0,0,0,0,0,
600027.SH,600027,20251209,93430000,52200,500,2610,2146,0,,,4709600,24493768,52300,51700,51900,52000,52200,52300,52400,52500,52600,52700,52800,52900,53000,53100,72200,438800,640200,832400,634000,717900,776600,423100,479500,202400,52100,52000,51900,51800,51700,51600,51500,51400,51300,51200,398100,531000,302000,442900,913000,1181100,1380500,401800,275200,408100,53860,51310,9511700,9459300,0,0,0,0,0,
600027.SH,600027,20251209,93433000,52100,469100,2444117,2266,0,,,5178700,26937885,52300,51700,51900,52000,52200,52300,52400,52500,52600,52700,52800,52900,53000,53100,126300,438300,640200,835400,634000,717900,781600,423100,479500,202400,52100,52000,51900,51800,51700,51600,51500,51400,51300,51200,4200,526800,302000,451200,908000,1181100,1382800,401800,275200,408100,53850,51280,9579300,9067400,0,0,0,0,0,
600027.SH,600027,20251209,93436000,52100,13500,70338,2299,0,,,5192200,27008223,52300,51700,51900,52000,52100,52200,52300,52400,52500,52600,52700,52800,52900,53000,200,127400,438200,657200,845900,634000,720200,781600,423100,481100,52000,51900,51800,51700,51600,51500,51400,51300,51200,51100,527700,312000,451500,903000,1181100,1383900,401800,277200,408100,550000,53850,51280,9645700,9069200,0,0,0,0,0,
600027.SH,600027,20251209,93439000,52000,7300,38011,2310,0,,,5199500,27046234,52300,51700,51900,52000,52100,52200,52300,52400,52500,52600,52700,52800,52900,53000,1800,134400,438200,657200,854800,634000,720200,781600,423100,481100,52000,51900,51800,51700,51600,51500,51400,51300,51200,51100,533700,313200,461500,903000,1180100,1383900,401800,277200,408100,550000,53850,51280,9705700,9086500,0,0,0,0,0,
600027.SH,600027,20251209,93442000,52100,33800,176098,2324,0,,,5233300,27222332,52300,51700,51900,52000,52100,52200,52300,52400,52500,52600,52700,52800,52900,53000,600,257000,437600,657200,854800,635300,720200,781600,423100,483100,52000,51900,51800,51700,51600,51500,51400,51300,51200,51100,527500,318700,471500,903000,1177100,1383900,401800,277200,408100,550000,53830,51280,9835900,9092800,0,0,0,0,0,
600027.SH,600027,20251209,93445000,52100,3700,19251,2330,0,,,5237000,27241583,52300,51700,51900,52000,52100,52200,52300,52400,52500,52600,52700,52800,52900,53000,32100,270500,440600,658200,855800,635300,730200,781600,423100,483100,52000,51900,51800,51700,51600,51500,51400,51300,51200,51100,523100,318700,471500,903000,1177700,1383900,401800,277200,408100,550000,53830,51280,9896900,9089000,0,0,0,0,0,
600027.SH,600027,20251209,93448000,52000,100,520,2331,0,,,5237100,27242103,52300,51700,51900,52000,52100,52200,52300,52400,52500,52600,52700,52800,52900,53000,36500,280700,450000,661700,857800,667900,730200,781600,423100,483100,52000,51900,51800,51700,51600,51500,51400,51300,51200,51100,643000,318700,471500,907000,1177700,1383900,401800,277200,408100,550000,53820,51290,9961300,9211000,0,0,0,0,0,
600027.SH,600027,20251209,93451000,52100,33300,173493,2350,0,,,5270400,27415596,52300,51700,51900,52000,52100,52200,52300,52400,52500,52600,52700,52800,52900,53000,7700,301500,460700,661700,857800,667900,730200,791600,423100,486900,52000,51900,51800,51700,51600,51500,51400,51300,51200,51100,644000,318700,479300,909000,1177700,1382900,401800,277200,408100,550000,53820,51290,9978100,9204600,0,0,0,0,0,
600027.SH,600027,20251209,93454000,52100,1600,8336,2353,0,,,5272000,27423932,52300,51700,51900,52000,52100,52200,52300,52400,52500,52600,52700,52800,52900,53000,6200,300400,467000,661700,861100,669400,734800,791600,423100,486900,52000,51900,51800,51700,51600,51500,51400,51300,51200,51100,648700,318700,484500,909000,1177700,1382900,401800,277200,408100,550000,53810,51290,9993500,9214500,0,0,0,0,0,
600027.SH,600027,20251209,93457000,52100,14600,76066,2362,0,,,5286600,27499998,52300,51700,51900,52000,52200,52300,52400,52500,52600,52700,52800,52900,53000,53100,323700,467000,661700,853400,669400,736300,792600,423100,486900,205100,52100,52000,51900,51800,51700,51600,51500,51400,51300,51200,1700,700600,318700,484500,909000,1182700,1382900,401800,277200,408100,53810,51300,10006500,9264900,0,0,0,0,0,
600027.SH,600027,20251209,93500000,52200,11600,60443,2371,0,,,5298200,27560441,52300,51700,51900,52000,52200,52300,52400,52500,52600,52700,52800,52900,53000,53100,453100,470500,651700,853400,671500,736300,792600,423100,486900,205100,52000,51900,51800,51700,51600,51500,51400,51300,51200,51100,828000,318700,484500,910200,1182700,1382900,404800,277200,408100,550000,53790,51310,10132500,9394300,0,0,0,0,0,
600027.SH,600027,20251209,93503000,52100,27200,141688,2383,0,,,5325400,27702129,52300,51700,51900,52000,52200,52300,52400,52500,52600,52700,52800,52900,53000,53100,498100,466900,651700,853900,671500,736300,797600,422800,486900,205100,52000,51900,51800,51700,51600,51500,51400,51300,51200,51100,838200,318700,485000,910800,1185700,1382900,404800,277200,408100,550000,53790,51310,10179100,9408600,0,0,0,0,0,
600027.SH,600027,20251209,93506000,52200,1000,5211,2385,0,,,5326400,27707340,52300,51700,51900,52000,52200,52300,52400,52500,52600,52700,52800,52900,53000,53100,501300,463800,651700,853900,671500,736300,797600,422800,487000,205100,52100,52000,51900,51800,51700,51600,51500,51400,51300,51200,9700,839300,318700,425400,910800,1186700,1382900,404800,277200,408100,53790,51300,10179300,9361800,0,0,0,0,0,
600027.SH,600027,20251209,93509000,52100,19000,99011,2405,0,,,5345400,27806351,52300,51700,51900,52000,52100,52200,52300,52400,52500,52600,52700,52800,52900,53000,200,551600,466900,651700,856900,671500,736300,797600,422800,511900,52000,51900,51800,51700,51600,51500,51400,51300,51200,51100,839400,318700,429400,910800,1186700,1382900,404800,277200,408100,550000,53770,51300,10260800,9356200,0,0,0,0,0,
600027.SH,600027,20251209,93512000,52100,0,0,2405,0,,,5345400,27806351,52300,51700,51900,52000,52100,52200,52300,52400,52500,52600,52700,52800,52900,53000,40200,472500,466900,648700,857100,671500,736300,797600,422800,511900,52000,51900,51800,51700,51600,51500,51400,51300,51200,51100,842500,318700,433700,917800,1186700,1382900,404800,278800,408100,550000,53780,51300,10218900,9372200,0,0,0,0,0,
600027.SH,600027,20251209,93515000,52100,1400,7292,2409,0,,,5346800,27813643,52300,51700,51900,52000,52100,52200,52300,52400,52500,52600,52700,52800,52900,53000,59000,472500,495400,645500,857100,671500,736300,799600,422800,512300,52000,51900,51800,51700,51600,51500,51400,51300,51200,51100,959800,318000,436100,917800,1186700,1382900,404800,278800,408100,550000,53770,51310,10268400,9492200,0,0,0,0,0,
600027.SH,600027,20251209,93518000,52100,3900,20300,2413,0,,,5350700,27833943,52300,51700,51900,52000,52100,52200,52300,52400,52500,52600,52700,52800,52900,53000,47500,472500,495400,717400,888100,671500,736300,799600,422800,513300,52000,51900,51800,51700,51600,51500,51400,51300,51200,51100,962900,318000,450100,921800,1186700,1383900,404800,278800,408100,550000,53760,51310,10370200,9512300,0,0,0,0,0,
600027.SH,600027,20251209,93521000,52100,700,3647,2414,0,,,5351400,27837590,52300,51700,51900,52000,52100,52200,52300,52400,52500,52600,52700,52800,52900,53000,59200,472500,498400,717400,903100,671500,716300,799600,422800,538300,52000,51900,51800,51700,51600,51500,51400,51300,51200,51100,970100,318000,454100,921800,1186700,1383900,404800,278800,408100,550000,53760,51320,10404900,9523500,0,0,0,0,0,
600027.SH,600027,20251209,93524000,52100,1000,5210,2415,0,,,5352400,27842800,52300,51700,51900,52000,52100,52200,52300,52400,52500,52600,52700,52800,52900,53000,101200,467000,510400,717400,903100,671500,716300,799600,426500,538300,52000,51900,51800,51700,51600,51500,51400,51300,51200,51100,970000,319300,455000,921800,1186700,1383900,404800,278800,408100,550000,53750,51310,10478000,9526100,0,0,0,0,0,
600027.SH,600027,20251209,93527000,52100,3200,16672,2419,0,,,5355600,27859472,52300,51700,51900,52000,52100,52200,52300,52400,52500,52600,52700,52800,52900,53000,99300,462200,530400,718400,910100,671500,716300,799600,426500,538700,52000,51900,51800,51700,51600,51500,51400,51300,51200,51100,959800,320300,455000,921800,1186700,1383900,404800,278800,408100,550000,53750,51310,10519200,9516900,0,0,0,0,0,
600027.SH,600027,20251209,93530000,52000,5300,27563,2425,0,,,5360900,27887035,52300,51700,51900,52000,52100,52200,52300,52400,52500,52600,52700,52800,52900,53000,100000,466000,550400,728400,910100,671500,716300,799600,403900,538700,52000,51900,51800,51700,51600,51500,51400,51300,51200,51100,956400,320300,455000,921800,1186700,1383900,404800,283800,408100,550000,53750,51310,10531100,9519500,0,0,0,0,0,
600027.SH,600027,20251209,93533000,52000,6800,35399,2431,0,,,5367700,27922434,52300,51700,51900,52000,52100,52200,52300,52400,52500,52600,52700,52800,52900,53000,112100,470600,550400,728500,922200,673500,716300,799600,403900,558700,52000,51900,51800,51700,51600,51500,51400,51300,51200,51100,953500,320300,455000,921800,1186700,1383900,404800,283800,408100,550000,53740,51310,10586800,9516600,0,0,0,0,0,
600027.SH,600027,20251209,93536000,52100,29300,152653,2444,0,,,5397000,28075087,52300,51700,51900,52000,52100,52200,52300,52400,52500,52600,52700,52800,52900,53000,83200,444500,550700,728500,922200,674500,716300,799600,403900,561700,52000,51900,51800,51700,51600,51500,51400,51300,51200,51100,953500,320300,441500,921800,1186700,1373900,404800,283800,408100,550000,53750,51310,10537100,9493100,0,0,0,0,0,
600027.SH,600027,20251209,93539000,52100,0,0,2444,0,,,5397000,28075087,52300,51700,51900,52000,52100,52200,52300,52400,52500,52600,52700,52800,52900,53000,97200,444500,558900,728500,922200,674500,716300,799600,403900,562200,52000,51900,51800,51700,51600,51500,51400,51300,51200,51100,954300,320300,441500,921800,1186700,1373900,404800,283800,408100,550000,53750,51310,10559800,9493900,0,0,0,0,0,
600027.SH,600027,20251209,93542000,52100,400,2084,2445,0,,,5397400,28077171,52300,51700,51900,52000,52100,52200,52300,52400,52500,52600,52700,52800,52900,53000,122200,444500,558900,728500,922200,674500,716300,799600,405900,562200,52000,51900,51800,51700,51600,51500,51400,51300,51200,51100,956400,320300,441500,921800,1191700,1373900,404800,293800,408100,550000,53750,51310,10604900,9511000,0,0,0,0,0,
600027.SH,600027,20251209,93545000,52100,28000,145880,2470,0,,,5425400,28223051,52300,51700,51900,52000,52100,52200,52300,52400,52500,52600,52700,52800,52900,53000,90600,444500,558900,728500,927200,674500,728700,799600,405900,562200,52000,51900,51800,51700,51600,51500,51400,51300,51200,51100,959200,320300,461500,921800,1191700,1373900,404800,293800,408100,550000,53750,51310,10590700,9533100,0,0,0,0,0,
600027.SH,600027,20251209,93548000,52100,800,4166,2473,0,,,5426200,28227217,52300,51700,51900,52000,52100,52200,52300,52400,52500,52600,52700,52800,52900,53000,99800,444500,558900,728500,927200,674500,738700,801000,408900,562200,52000,51900,51800,51700,51600,51500,51400,51300,51200,51100,962000,322200,461500,921800,1191700,1374900,404800,293800,408100,550000,53760,51310,10640000,9538800,0,0,0,0,0,
600027.SH,600027,20251209,93551000,52000,2000,10410,2477,0,,,5428200,28237627,52300,51700,51900,52000,52100,52200,52300,52400,52500,52600,52700,52800,52900,53000,68800,444500,558900,738500,927200,674500,738700,801000,408900,562200,52000,51900,51800,51700,51600,51500,51400,51300,51200,51100,1026800,322200,461500,921800,1191700,1374900,404800,293800,408100,550000,53760,51320,10619000,9603600,0,0,0,0,0,
600027.SH,600027,20251209,93554000,52100,40300,209963,2519,0,,,5468500,28447590,52300,51700,51900,52000,52100,52200,52300,52400,52500,52600,52700,52800,52900,53000,35300,445700,557900,738500,925100,674500,738700,801000,408900,562700,52000,51900,51800,51700,51600,51500,51400,51300,51200,51100,1028900,322200,481500,921800,1191700,1374900,405300,293800,408100,550000,53770,51320,10585600,9626200,0,0,0,0,0,
600027.SH,600027,20251209,93557000,52100,37800,196938,2570,0,,,5506300,28644528,52300,51700,51900,52000,52200,52300,52400,52500,52600,52700,52800,52900,53000,53100,401500,557900,738500,925100,674500,738700,801000,408900,562700,209100,52100,52000,51900,51800,51700,51600,51500,51400,51300,51200,44500,1037100,322200,481500,921800,1191700,1374900,405300,293800,408100,53780,51320,10520400,9678900,0,0,0,0,0,
600027.SH,600027,20251209,93600000,52100,0,0,2570,0,,,5506300,28644528,52300,51700,51900,52000,52200,52300,52400,52500,52600,52700,52800,52900,53000,53100,398700,557900,738500,925100,674500,739700,801000,408900,562700,209100,52100,52000,51900,51800,51700,51600,51500,51400,51300,51200,190000,1027800,322200,481500,922400,1200100,1374900,405300,293800,408100,53780,51340,10518600,9824100,0,0,0,0,0,
600027.SH,600027,20251209,93603000,52100,3400,17714,2588,0,,,5509700,28662242,52300,51700,51900,52000,52200,52300,52400,52500,52600,52700,52800,52900,53000,53100,407400,557900,752000,925100,681700,739700,804000,408900,562700,209100,52100,52000,51900,51800,51700,51600,51500,51400,51300,51200,218500,1032200,322200,482600,922300,1200100,1379900,405300,293800,408100,53780,51340,10571000,9863000,0,0,0,0,0,
600027.SH,600027,20251209,93606000,52100,0,0,2588,0,,,5509700,28662242,52300,51700,51900,52000,52200,52300,52400,52500,52600,52700,52800,52900,53000,53100,419400,557900,752000,927200,681700,749700,804000,408900,562700,209100,52100,52000,51900,51800,51700,51600,51500,51400,51300,51200,225900,1031200,326200,482600,922300,1200100,1379900,405300,293800,408100,53780,51340,10598600,9876400,0,0,0,0,0,
600027.SH,600027,20251209,93609000,52100,0,0,2588,0,,,5509700,28662242,52300,51700,51900,52000,52200,52300,52400,52500,52600,52700,52800,52900,53000,53100,430200,558000,752000,927200,681700,749700,804000,408900,562700,209100,52100,52000,51900,51800,51700,51600,51500,51400,51300,51200,233600,1024800,335200,482000,922300,1200100,1380900,405300,293800,408100,53770,51340,10609500,9887100,0,0,0,0,0,
600027.SH,600027,20251209,93612000,52100,0,0,2588,0,,,5509700,28662242,52300,51700,51900,52000,52200,52300,52400,52500,52600,52700,52800,52900,53000,53100,428200,558000,752000,928100,684700,751700,804000,528900,562700,209100,52100,52000,51900,51800,51700,51600,51500,51400,51300,51200,237700,1034900,335200,492000,922300,1200100,1380400,405300,293800,408100,53760,51340,10733400,9910800,0,0,0,0,0,
600027.SH,600027,20251209,93615000,52100,0,0,2588,0,,,5509700,28662242,52300,51700,51900,52000,52200,52300,52400,52500,52600,52700,52800,52900,53000,53100,427700,558000,752000,928100,684700,751700,804000,528900,562700,209100,52100,52000,51900,51800,51700,51600,51500,51400,51300,51200,250600,1082500,335200,492000,922300,1200100,1379900,404300,293800,408100,53760,51350,10732900,9969800,0,0,0,0,0,
600027.SH,600027,20251209,93618000,52200,5100,26622,2590,0,,,5514800,28688864,52300,51700,51900,52000,52200,52300,52400,52500,52600,52700,52800,52900,53000,53100,431800,563000,752000,928100,684700,750700,804000,528900,562700,209100,52100,52000,51900,51800,51700,51600,51500,51400,51300,51200,251300,1085300,373200,492000,922300,1200100,1379900,404300,293800,408100,53770,51350,10771200,10011300,0,0,0,0,0,
600027.SH,600027,20251209,93621000,52200,9600,50112,2592,0,,,5524400,28738976,52300,51700,51900,52000,52200,52300,52400,52500,52600,52700,52800,52900,53000,53100,424600,563000,752000,928100,684700,750700,805000,498900,562700,209100,52100,52000,51900,51800,51700,51600,51500,51400,51300,51200,251300,1085300,372200,494000,930200,1199600,1379900,404300,293800,408100,53780,51350,10769500,10019700,0,0,0,0,0,
600027.SH,600027,20251209,93624000,52100,7900,41219,2610,0,,,5532300,28780195,52300,51700,51900,52000,52200,52300,52400,52500,52600,52700,52800,52900,53000,53100,423600,563000,749500,929100,686700,750700,805000,498900,562700,209100,52100,52000,51900,51800,51700,51600,51500,51400,51300,51200,255000,1085900,364200,496000,930200,1199600,1389900,404300,293800,408100,53780,51350,10772300,10028000,0,0,0,0,0,
600027.SH,600027,20251209,93627000,52200,100,522,2611,0,,,5532400,28780717,52300,51700,51900,52000,52200,52300,52400,52500,52600,52700,52800,52900,53000,53100,424100,563000,749500,929100,686700,750700,805000,498900,562700,209100,52100,52000,51900,51800,51700,51600,51500,51400,51300,51200,408200,1086800,364200,496000,930200,1199600,1389900,404300,293800,408100,53780,51360,10773800,10182100,0,0,0,0,0,
600027.SH,600027,20251209,93630000,52200,2000,10440,2612,0,,,5534400,28791157,52300,51700,51900,52000,52200,52300,52400,52500,52600,52700,52800,52900,53000,53100,375100,564000,749500,928100,686700,750700,805000,498900,560800,209100,52100,52000,51900,51800,51700,51600,51500,51400,51300,51200,410200,1086800,364200,482000,923000,1199600,1389900,404300,293800,408100,53790,51360,10723500,10162900,0,0,0,0,0,
600027.SH,600027,20251209,93633000,52100,2600,13548,2615,0,,,5537000,28804705,52300,51700,51900,52000,52200,52300,52400,52500,52600,52700,52800,52900,53000,53100,422200,564000,749500,928100,686700,759600,805000,498900,562800,209100,52100,52000,51900,51800,51700,51600,51500,51400,51300,51200,411300,1087800,364800,482000,923000,1201200,1389900,404300,293800,408100,53790,51360,10787000,10169200,0,0,0,0,0,
600027.SH,600027,20251209,93636000,52100,2400,12504,2616,0,,,5539400,28817209,52300,51700,51900,52000,52200,52300,52400,52500,52600,52700,52800,52900,53000,53100,416100,564000,751500,928100,686700,759600,805000,498900,562800,209100,52100,52000,51900,51800,51700,51600,51500,51400,51300,51200,419400,1087800,364800,482000,934000,1201200,1389900,404300,293800,408100,53790,51360,10786900,10188300,0,0,0,0,0,
600027.SH,600027,20251209,93639000,52100,0,0,2616,0,,,5539400,28817209,52300,51700,51900,52000,52200,52300,52400,52500,52600,52700,52800,52900,53000,53100,419900,574000,751500,928100,686700,759600,805000,498900,562800,209100,52100,52000,51900,51800,51700,51600,51500,51400,51300,51200,436500,1089200,364800,487000,934000,1201200,1389900,404300,293800,408100,53790,51360,10801400,10211800,0,0,0,0,0,
600027.SH,600027,20251209,93642000,52200,6300,32886,2619,0,,,5545700,28850095,52300,51700,51900,52000,52200,52300,52400,52500,52600,52700,52800,52900,53000,53100,413600,574000,751500,928100,687800,759600,805000,498900,562800,209100,52100,52000,51900,51800,51700,51600,51500,51400,51300,51200,432500,1089200,369800,454400,934000,1200400,1389900,404300,293800,408100,53790,51360,10796200,10179400,0,0,0,0,0,
600027.SH,600027,20251209,93645000,52200,500,2610,2620,0,,,5546200,28852705,52300,51700,51900,52000,52200,52300,52400,52500,52600,52700,52800,52900,53000,53100,413100,577500,753500,928100,687800,759600,805000,498900,562800,209100,52100,52000,51900,51800,51700,51600,51500,51400,51300,51200,434800,1089200,374800,454400,933400,1200400,1389900,404300,293800,408100,53790,51360,10801200,10186100,0,0,0,0,0,
600027.SH,600027,20251209,93648000,52200,0,0,2620,0,,,5546200,28852705,52300,51700,51900,52000,52200,52300,52400,52500,52600,52700,52800,52900,53000,53100,413500,581500,753500,928800,687800,759600,805000,498900,562800,209100,52100,52000,51900,51800,51700,51600,51500,51400,51300,51200,447800,1089200,374800,454400,933400,1200400,1389900,401800,293800,408100,53780,51360,10806300,10196600,0,0,0,0,0,
600027.SH,600027,20251209,93651000,52200,0,0,2620,0,,,5546200,28852705,52300,51700,51900,52000,52200,52300,52400,52500,52600,52700,52800,52900,53000,53100,423900,581500,753500,928800,727800,759600,805000,498900,562800,209100,52100,52000,51900,51800,51700,51600,51500,51400,51300,51200,448200,1089200,374800,454400,933400,1200400,1389900,401800,293800,408100,53780,51360,10857200,10197000,0,0,0,0,0,
600027.SH,600027,20251209,93654000,52200,300,1566,2621,0,,,5546500,28854271,52300,51700,51900,52000,52200,52300,52400,52500,52600,52700,52800,52900,53000,53100,432500,595400,753500,928800,727800,759600,805000,498900,562800,209100,52100,52000,51900,51800,51700,51600,51500,51400,51300,51200,442800,1090200,374800,467400,933400,1202400,1389900,401800,293800,408100,53780,51360,10880800,10207600,0,0,0,0,0,
600027.SH,600027,20251209,93657000,52200,200,1044,2622,0,,,5546700,28855315,52300,51700,51900,52000,52200,52300,52400,52500,52600,52700,52800,52900,53000,53100,444000,608400,753500,933300,727800,759600,805000,498900,562800,209100,52100,52000,51900,51800,51700,51600,51500,51400,51300,51200,403300,1090200,374800,467400,933400,1203200,1389900,401800,293800,408100,53770,51360,10909800,10168900,0,0,0,0,0,
600027.SH,600027,20251209,93700000,52200,600,3132,2623,0,,,5547300,28858447,52300,51700,51900,52000,52200,52300,52400,52500,52600,52700,52800,52900,53000,53100,560900,608400,753500,933300,727800,759600,805000,498900,562800,209100,52100,52000,51900,51800,51700,51600,51500,51400,51300,51200,404600,1088600,374800,467400,935400,1203200,1389900,401800,293800,408100,53760,51360,11041200,10172600,0,0,0,0,0,
600027.SH,600027,20251209,93703000,52100,5200,27092,2641,0,,,5552500,28885539,52300,51700,51900,52000,52200,52300,52400,52500,52600,52700,52800,52900,53000,53100,561100,608400,753500,933300,727800,759600,805000,498900,562800,209100,52100,52000,51900,51800,51700,51600,51500,51400,51300,51200,409600,1088600,376800,467400,935400,1203200,1389900,401800,293800,408100,53760,51360,11041400,10184600,0,0,0,0,0,
600027.SH,600027,20251209,93706000,52200,1100,5732,2644,0,,,5553600,28891271,52300,51700,51900,52000,52200,52300,52400,52500,52600,52700,52800,52900,53000,53100,563100,608400,768500,933300,729800,759600,805000,498900,562800,209100,52100,52000,51900,51800,51700,51600,51500,51400,51300,51200,337100,1088600,372800,468900,935400,1203200,1389900,401800,293800,408100,53760,51350,11060400,10109600,0,0,0,0,0,
600027.SH,600027,20251209,93709000,52100,52600,274046,2654,0,,,5606200,29165317,52300,51700,51900,52000,52200,52300,52400,52500,52600,52700,52800,52900,53000,53100,605500,608400,768500,933300,729800,759600,805000,498900,567800,209100,52100,52000,51900,51800,51700,51600,51500,51400,51300,51200,287000,1088700,372800,465900,935400,1203200,1388900,401800,293800,408100,53750,51350,11107800,10055600,0,0,0,0,0,
600027.SH,600027,20251209,93712000,52200,3700,19278,2665,0,,,5609900,29184595,52300,51700,51900,52000,52200,52300,52400,52500,52600,52700,52800,52900,53000,53100,610600,608400,799700,933300,729800,759600,805000,498900,570300,209100,52100,52000,51900,51800,51700,51600,51500,51400,51300,51200,134100,1088700,372800,465900,935400,1203200,1388900,401800,293800,408100,53750,51340,11146600,9904700,0,0,0,0,0,
600027.SH,600027,20251209,93715000,52100,200,1042,2667,0,,,5610100,29185637,52300,51700,51900,52000,52200,52300,52400,52500,52600,52700,52800,52900,53000,53100,618700,608400,815700,937300,729800,761600,805000,498900,570300,209100,52100,52000,51900,51800,51700,51600,51500,51400,51300,51200,121800,1086700,373800,465300,935400,1202200,1388900,401800,293800,408100,53740,51340,11176700,9889800,0,0,0,0,0,
600027.SH,600027,20251209,93718000,52100,2400,12505,2672,0,,,5612500,29198142,52300,51700,51900,52000,52200,52300,52400,52500,52600,52700,52800,52900,53000,53100,625000,638400,815700,937300,729800,761600,805000,498900,570300,225000,52100,52000,51900,51800,51700,51600,51500,51400,51300,51200,123900,1090700,373800,465300,985400,1202200,1388900,401800,293800,408100,53740,51340,11228900,9950900,0,0,0,0,0,
600027.SH,600027,20251209,93721000,52100,67300,350653,2727,0,,,5679800,29548795,52300,51700,51900,52000,52200,52300,52400,52500,52600,52700,52800,52900,53000,53100,623000,638400,815700,939800,730000,761600,805000,498900,572300,225000,52100,52000,51900,51800,51700,51600,51500,51400,51300,51200,63600,1091000,373800,470300,985400,1202200,1388900,401800,293800,408100,53740,51330,11241700,9898900,0,0,0,0,0,
600027.SH,600027,20251209,93724000,52100,82900,431909,2798,0,,,5762700,29980704,52300,51700,51900,52000,52100,52200,52300,52400,52500,52600,52700,52800,52900,53000,11900,622900,640500,825700,939800,730000,761600,805000,498900,572300,52000,51900,51800,51700,51600,51500,51400,51300,51200,51100,1091100,373800,470300,985400,1202200,1388900,401800,293800,408100,558000,53730,51330,11265600,9835400,0,0,0,0,0,
600027.SH,600027,20251209,93727000,52100,0,0,2798,0,,,5762700,29980704,52300,51700,51900,52000,52100,52200,52300,52400,52500,52600,52700,52800,52900,53000,53100,587300,640500,825700,939800,730000,761600,805000,498900,572300,52000,51900,51800,51700,51600,51500,51400,51300,51200,51100,1090000,373800,470300,988400,1202200,1388900,401800,293800,408100,558000,53730,51330,11276700,9837300,0,0,0,0,0,
600027.SH,600027,20251209,93730000,52100,14500,75545,2811,0,,,5777200,30056249,52300,51700,51900,52000,52100,52200,52300,52400,52500,52600,52700,52800,52900,53000,71500,585500,640500,825700,939800,730000,761600,805000,498900,572300,52000,51900,51800,51700,51600,51500,51400,51300,51200,51100,1101900,373800,470300,988400,1202200,1388900,401800,293800,408100,558000,53730,51330,11288300,9849200,0,0,0,0,0,
600027.SH,600027,20251209,93733000,52100,100,521,2812,0,,,5777300,30056770,52300,51700,51900,52000,52100,52200,52300,52400,52500,52600,52700,52800,52900,53000,76400,585500,640500,825700,939800,672500,761600,805000,498900,572300,52000,51900,51800,51700,51600,51500,51400,51300,51200,51100,1107000,373800,470300,988400,1182100,1389100,401800,293800,408100,558000,53740,51330,11235700,9834100,0,0,0,0,0,
600027.SH,600027,20251209,93736000,52000,200,1040,2813,0,,,5777500,30057810,52300,51700,51900,52000,52100,52200,52300,52400,52500,52600,52700,52800,52900,53000,76200,586000,640000,825700,939800,672500,761600,805000,498900,572300,52000,51900,51800,51700,51600,51500,51400,51300,51200,51100,1058600,373900,470300,988400,1182100,1389100,401800,293800,408100,558000,53740,51330,11235500,9785800,0,0,0,0,0,
600027.SH,600027,20251209,93739000,52000,2400,12480,2814,0,,,5779900,30070290,52300,51700,51900,52000,52100,52200,52300,52400,52500,52600,52700,52800,52900,53000,92200,586000,642000,823700,941000,672500,761600,805000,498900,572300,52000,51900,51800,51700,51600,51500,51400,51300,51200,51100,1061600,387900,470300,988400,1182100,1389100,401800,293800,408100,558000,53730,51330,11254700,9802800,0,0,0,0,0,
