万得代码,交易所代码,自然日,时间,委托编号,交易所委托号,委托类型,委托代码,委托价格,委托数量,
600027.SH,600027,20251209,91400370,0,0,S,I,0,0,
600027.SH,600027,20251209,91500080,0,398,A,S,52600,10000,
600027.SH,600027,20251209,91500080,0,453,A,S,52100,9700,
600027.SH,600027,20251209,91500120,0,958,A,S,54500,5400,
600027.SH,600027,20251209,91500280,0,1201,A,S,53000,6000,
600027.SH,600027,20251209,91500280,0,1211,A,S,52200,9600,
600027.SH,600027,20251209,91501850,0,2018,A,S,52800,3000,
600027.SH,600027,20251209,91501850,0,2070,A,S,52200,183400,
600027.SH,600027,20251209,91501850,0,2179,A,S,53000,19100,
600027.SH,600027,20251209,91501870,0,2407,A,S,52100,183400,
600027.SH,600027,20251209,91501870,0,2658,A,S,54900,4400,
600027.SH,600027,20251209,91501910,0,2775,A,S,52400,1500,
600027.SH,600027,20251209,91501910,0,2776,A,S,52800,1500,
600027.SH,600027,20251209,91501910,0,3271,A,B,51500,800,
600027.SH,600027,20251209,91501910,0,3332,A,S,52300,5000,
600027.SH,600027,20251209,91501910,0,3904,A,S,57100,1700,
600027.SH,600027,20251209,91501910,0,3928,A,S,53200,1000,
600027.SH,600027,20251209,91501910,0,4099,A,S,57200,200,
600027.SH,600027,20251209,91502020,0,4173,A,S,53900,1500,
600027.SH,600027,20251209,91502390,0,4465,A,S,52300,1800,
600027.SH,600027,20251209,91502390,0,4524,A,B,51500,3500,
600027.SH,600027,20251209,91502400,0,4596,A,B,53000,500,
600027.SH,600027,20251209,91502440,0,4794,A,S,52100,20200,
600027.SH,600027,20251209,91502470,0,4939,A,S,53900,200,
600027.SH,600027,20251209,91502470,0,4966,A,S,54800,200,
600027.SH,600027,20251209,91502470,0,5012,A,S,55800,300,
600027.SH,600027,20251209,91502500,0,5497,A,S,51900,7100,
600027.SH,600027,20251209,91502500,0,5562,A,S,52600,10000,
600027.SH,600027,20251209,91502500,0,5820,A,S,51900,300,
600027.SH,600027,20251209,91502500,0,5952,A,S,57200,100,
600027.SH,600027,20251209,91502560,0,6187,A,S,53100,10000,
600027.SH,600027,20251209,91502560,0,6263,A,S,56000,600,
600027.SH,600027,20251209,91502560,0,6398,A,S,52600,3900,
600027.SH,600027,20251209,91502560,0,6422,A,S,53200,4000,
600027.SH,600027,20251209,91502560,0,6423,A,B,50800,5000,
600027.SH,600027,20251209,91502560,0,6760,A,B,51400,4700,
600027.SH,600027,20251209,91502560,0,7057,A,S,53000,4900,
600027.SH,600027,20251209,91502560,0,7104,A,S,52900,5000,
600027.SH,600027,20251209,91502620,0,7208,A,B,50400,1000,
600027.SH,600027,20251209,91502620,0,7232,A,S,55300,1000,
600027.SH,600027,20251209,91502620,0,7436,A,S,53900,1000,
600027.SH,600027,20251209,91502620,0,7457,A,S,54900,1000,
600027.SH,600027,20251209,91502620,0,7463,A,S,56400,500,
600027.SH,600027,20251209,91502620,0,7474,A,S,57100,400,
600027.SH,600027,20251209,91502620,0,7751,A,B,51100,3000,
600027.SH,600027,20251209,91502620,0,7982,A,S,57000,1800,
600027.SH,600027,20251209,91502620,0,8404,A,B,51300,8900,
600027.SH,600027,20251209,91502750,0,8532,A,S,55000,12000,
600027.SH,600027,20251209,91502750,0,8571,A,S,53500,4800,
600027.SH,600027,20251209,91502750,0,8894,A,B,51000,11600,
600027.SH,600027,20251209,91502750,0,10111,A,B,51000,6000,
600027.SH,600027,20251209,91502750,0,10264,A,S,52200,37800,
600027.SH,600027,20251209,91502880,0,10460,A,S,55900,20000,
600027.SH,600027,20251209,91502880,0,10463,A,S,55000,500,
600027.SH,600027,20251209,91502880,0,10478,A,S,55900,600,
600027.SH,600027,20251209,91502880,0,10621,A,S,52300,7000,
600027.SH,600027,20251209,91502880,0,10675,A,S,57200,300,
600027.SH,600027,20251209,91502880,0,10990,A,S,52700,30000,
600027.SH,600027,20251209,91502880,0,11006,A,S,52900,60000,
600027.SH,600027,20251209,91502880,0,11007,A,S,53200,50000,
600027.SH,600027,20251209,91502880,0,11008,A,S,53400,60000,
600027.SH,600027,20251209,91502880,0,11018,A,B,51600,20000,
600027.SH,600027,20251209,91502880,0,11019,A,B,51100,20000,
600027.SH,600027,20251209,91502880,0,11020,A,B,50700,30000,
600027.SH,600027,20251209,91502880,0,11021,A,B,51700,10000,
600027.SH,600027,20251209,91502880,0,11275,A,S,57100,2700,
600027.SH,600027,20251209,91502880,0,11564,A,S,57000,300,
600027.SH,600027,20251209,91502880,0,11635,A,B,51500,1000,
600027.SH,600027,20251209,91502880,0,11676,A,S,57200,1000,
600027.SH,600027,20251209,91502880,0,11846,A,S,54800,4000,
600027.SH,600027,20251209,91502880,0,11860,A,S,56300,4000,
600027.SH,600027,20251209,91502880,0,12316,A,S,57000,2000,
600027.SH,600027,20251209,91502880,0,12330,A,B,48000,1000,
600027.SH,600027,20251209,91503030,0,12650,A,S,52500,3600,
600027.SH,600027,20251209,91503030,0,12666,A,S,52700,3900,
600027.SH,600027,20251209,91503030,0,12722,A,B,51200,4000,
600027.SH,600027,20251209,91503030,0,12772,A,S,56200,200,
600027.SH,600027,20251209,91503030,0,13391,A,S,55500,500,
600027.SH,600027,20251209,91503030,0,13555,A,S,57000,1500,
600027.SH,600027,20251209,91503030,0,13792,A,S,56200,400,
600027.SH,600027,20251209,91503030,0,13868,A,S,52800,5000,
600027.SH,600027,20251209,91503030,0,14006,A,S,57200,200,
600027.SH,600027,20251209,91503030,0,14105,A,B,51000,1000,
600027.SH,600027,20251209,91503030,0,14246,A,B,50500,103000,
600027.SH,600027,20251209,91503030,0,14331,A,B,51400,600,
600027.SH,600027,20251209,91503030,0,14336,A,S,52800,10000,
600027.SH,600027,20251209,91503160,0,14626,A,B,52000,500,
600027.SH,600027,20251209,91503160,0,14682,A,S,57200,5900,
600027.SH,600027,20251209,91503160,0,14991,A,S,52400,9600,
600027.SH,600027,20251209,91503160,0,15238,A,S,53500,4000,
600027.SH,600027,20251209,91503160,0,15252,A,B,51000,4000,
600027.SH,600027,20251209,91503160,0,15456,A,S,52900,1000,
600027.SH,600027,20251209,91503160,0,15808,A,S,55500,6000,
600027.SH,600027,20251209,91503160,0,15952,A,S,52300,28000,
600027.SH,600027,20251209,91503160,0,15953,A,S,52200,28000,
600027.SH,600027,20251209,91503160,0,16094,A,S,52300,9600,
600027.SH,600027,20251209,91503160,0,16141,A,S,56900,400,
600027.SH,600027,20251209,91503160,0,16298,A,S,57200,20000,
600027.SH,600027,20251209,91503280,0,16457,A,S,53200,200,
600027.SH,600027,20251209,91503280,0,16476,A,S,53600,300,
600027.SH,600027,20251209,91503280,0,16498,A,S,54600,400,
600027.SH,600027,20251209,91503280,0,16518,A,S,55600,400,
600027.SH,600027,20251209,91503280,0,16533,A,S,53100,2000,
600027.SH,600027,20251209,91503280,0,16538,A,S,55700,500,
600027.SH,600027,20251209,91503280,0,16560,A,S,54000,2000,
600027.SH,600027,20251209,91503280,0,16588,A,S,54800,300,
600027.SH,600027,20251209,91503280,0,16611,A,S,55000,100,
600027.SH,600027,20251209,91503280,0,16769,A,S,52500,4000,
600027.SH,600027,20251209,91503280,0,16795,A,S,53000,4000,
600027.SH,600027,20251209,91503280,0,16796,A,S,54000,4000,
600027.SH,600027,20251209,91503280,0,16797,A,S,55000,4000,
600027.SH,600027,20251209,91503280,0,16798,A,B,50000,4000,
600027.SH,600027,20251209,91503280,0,16840,A,B,50000,400,
600027.SH,600027,20251209,91503280,0,16871,A,S,54500,4000,
600027.SH,600027,20251209,91503280,0,16872,A,B,50500,4000,
600027.SH,600027,20251209,91503280,0,16873,A,B,51500,4000,
600027.SH,600027,20251209,91503280,0,17158,A,S,53000,3000,
600027.SH,600027,20251209,91503280,0,17185,A,B,50300,400,
600027.SH,600027,20251209,91503280,0,17250,A,S,55900,800,
600027.SH,600027,20251209,91503340,0,17647,A,S,57200,500,
600027.SH,600027,20251209,91503340,0,17690,A,S,53600,3000,
600027.SH,600027,20251209,91503340,0,18701,A,S,53000,3000,
600027.SH,600027,20251209,91503340,0,18742,A,S,53700,3000,
600027.SH,600027,20251209,91503340,0,18779,A,S,53500,500,
600027.SH,600027,20251209,91503340,0,18780,A,S,57200,4000,
600027.SH,600027,20251209,91503340,0,18865,A,S,53900,500,
600027.SH,600027,20251209,91503340,0,18881,A,S,54900,500,
600027.SH,600027,20251209,91503340,0,18882,A,S,55900,500,
600027.SH,600027,20251209,91503340,0,18883,A,S,56900,500,
600027.SH,600027,20251209,91503340,0,18908,A,S,57100,500,
600027.SH,600027,20251209,91503340,0,18947,A,B,51100,500,
600027.SH,600027,20251209,91503340,0,18948,A,B,50100,500,
600027.SH,600027,20251209,91503340,0,19162,A,S,52900,1000,
600027.SH,600027,20251209,91503340,0,19208,A,B,51100,1200,
600027.SH,600027,20251209,91503340,0,19232,A,B,51000,1000,
600027.SH,600027,20251209,91503460,0,19299,A,B,51300,400,
600027.SH,600027,20251209,91503460,0,19300,A,B,50900,300,
600027.SH,600027,20251209,91503460,0,19307,A,B,50400,300,
600027.SH,600027,20251209,91503460,0,19572,A,S,53500,700,
600027.SH,600027,20251209,91503460,0,20092,A,S,52700,10000,
600027.SH,600027,20251209,91503460,0,20093,A,S,53000,10000,
600027.SH,600027,20251209,91503460,0,20094,A,S,54400,10000,
600027.SH,600027,20251209,91503460,0,20114,A,S,55200,10000,
600027.SH,600027,20251209,91503460,0,20115,A,B,51300,9000,
600027.SH,600027,20251209,91503460,0,20133,A,B,51000,200,
600027.SH,600027,20251209,91503460,0,20213,A,B,51500,15000,
600027.SH,600027,20251209,91503460,0,20374,A,S,54000,300,
600027.SH,600027,20251209,91503460,0,20380,A,S,56000,300,
600027.SH,600027,20251209,91503460,0,20399,A,S,52100,2500,
600027.SH,600027,20251209,91503460,0,20405,A,S,52200,2500,
600027.SH,600027,20251209,91503460,0,20425,A,S,52300,2500,
600027.SH,600027,20251209,91503460,0,20433,A,S,52400,2500,
600027.SH,600027,20251209,91503460,0,20441,A,S,52500,2500,
600027.SH,600027,20251209,91503460,0,20445,A,S,52600,2500,
600027.SH,600027,20251209,91503460,0,20446,A,S,52700,2500,
600027.SH,600027,20251209,91503460,0,20455,A,S,52800,2500,
600027.SH,600027,20251209,91503460,0,20458,A,S,52900,2500,
600027.SH,600027,20251209,91503460,0,20462,A,S,53000,2500,
600027.SH,600027,20251209,91503460,0,20464,A,B,51800,2500,
600027.SH,600027,20251209,91503460,0,20465,A,B,51700,2500,
600027.SH,600027,20251209,91503460,0,20466,A,B,51600,2500,
600027.SH,600027,20251209,91503460,0,20471,A,B,51500,2500,
600027.SH,600027,20251209,91503460,0,20472,A,B,51400,2500,
600027.SH,600027,20251209,91503460,0,20473,A,B,51300,2500,
600027.SH,600027,20251209,91503460,0,20485,A,B,51200,2500,
600027.SH,600027,20251209,91503460,0,20486,A,B,51100,2500,
600027.SH,600027,20251209,91503460,0,20487,A,B,51000,2500,
600027.SH,600027,20251209,91503460,0,20604,A,B,50000,300,
600027.SH,600027,20251209,91503460,0,20738,A,B,48200,200,
600027.SH,600027,20251209,91503460,0,20783,A,S,52500,4300,
600027.SH,600027,20251209,91503460,0,20792,A,S,52700,5000,
600027.SH,600027,20251209,91503460,0,20806,A,S,52800,5000,
600027.SH,600027,20251209,91503460,0,20817,A,S,52900,5000,
600027.SH,600027,20251209,91503460,0,20826,A,S,53000,5000,
600027.SH,600027,20251209,91503460,0,20837,A,S,53000,5000,
600027.SH,600027,20251209,91503460,0,20851,A,S,53000,5000,
600027.SH,600027,20251209,91503460,0,21133,A,S,57200,3800,
600027.SH,600027,20251209,91503590,0,21474,A,S,57200,200,
600027.SH,600027,20251209,91503590,0,21476,A,S,53900,25000,
600027.SH,600027,20251209,91503590,0,21487,A,S,53800,25000,
600027.SH,600027,20251209,91503590,0,21734,A,S,53900,7000,
600027.SH,600027,20251209,91503590,0,21737,A,B,51200,4000,
600027.SH,600027,20251209,91503590,0,21755,A,B,50200,6000,
600027.SH,600027,20251209,91503590,0,21778,A,S,53300,2000,
600027.SH,600027,20251209,91503590,0,21780,A,S,54900,6000,
600027.SH,600027,20251209,91503590,0,22605,A,S,55600,20000,
600027.SH,600027,20251209,91503590,0,22736,A,S,54000,5000,
600027.SH,600027,20251209,91503590,0,22829,A,B,51200,700,
600027.SH,600027,20251209,91503590,0,23034,A,B,51200,2000,
600027.SH,600027,20251209,91503590,0,23037,A,S,53700,2000,
600027.SH,600027,20251209,91503590,0,23040,A,S,57200,2000,
600027.SH,600027,20251209,91503590,0,23049,A,S,55700,2000,
600027.SH,600027,20251209,91503590,0,23195,A,S,51900,200,
600027.SH,600027,20251209,91503710,0,23248,A,S,51900,100,
600027.SH,600027,20251209,91503750,0,23602,A,S,53100,500,
600027.SH,600027,20251209,91503750,0,23837,A,S,56000,300,
600027.SH,600027,20251209,91503750,0,23844,A,B,51300,500,
600027.SH,600027,20251209,91503750,0,24293,A,S,52200,100000,
600027.SH,600027,20251209,91503750,0,24486,A,B,51000,500,
600027.SH,600027,20251209,91503750,0,25282,A,B,51300,1600,
600027.SH,600027,20251209,91503870,0,25298,A,B,51200,400,
600027.SH,600027,20251209,91503870,0,26050,A,S,56900,100,
600027.SH,600027,20251209,91504000,0,27792,A,S,56000,45900,
600027.SH,600027,20251209,91504000,0,27919,A,S,52900,5000,
600027.SH,600027,20251209,91504000,0,28216,A,S,52500,2500,
600027.SH,600027,20251209,91504000,0,28251,A,B,51100,5000,
600027.SH,600027,20251209,91504000,0,29007,A,B,50900,200,
600027.SH,600027,20251209,91504000,0,29054,A,S,54000,500,
600027.SH,600027,20251209,91504000,0,29232,A,S,57200,500,
600027.SH,600027,20251209,91504130,0,29691,A,S,52900,500,
600027.SH,600027,20251209,91504130,0,29742,A,B,50500,21800,
600027.SH,600027,20251209,91504130,0,29808,A,S,51900,500,
600027.SH,600027,20251209,91504130,0,29902,A,B,51300,2000,
600027.SH,600027,20251209,91504130,0,30090,A,S,53100,500,
600027.SH,600027,20251209,91504130,0,30091,A,S,55300,500,
600027.SH,600027,20251209,91504130,0,30102,A,S,55600,500,
600027.SH,600027,20251209,91504130,0,30103,A,S,55900,500,
600027.SH,600027,20251209,91504130,0,30129,A,S,56300,500,
600027.SH,600027,20251209,91504130,0,30130,A,S,56800,500,
600027.SH,600027,20251209,91504130,0,30152,A,S,57200,3000,
600027.SH,600027,20251209,91504130,0,30194,A,S,53300,500,
600027.SH,600027,20251209,91504130,0,30195,A,S,53500,500,
600027.SH,600027,20251209,91504130,0,30213,A,S,53800,500,
600027.SH,600027,20251209,91504130,0,30214,A,S,54300,500,
600027.SH,600027,20251209,91504130,0,30223,A,S,54600,500,
600027.SH,600027,20251209,91504130,0,30224,A,S,54900,500,
600027.SH,600027,20251209,91504130,0,30226,A,S,55100,500,
600027.SH,600027,20251209,91504130,0,30228,A,B,51800,1000,
600027.SH,600027,20251209,91504130,0,30234,A,B,51500,1000,
600027.SH,600027,20251209,91504130,0,30235,A,B,51200,1000,
600027.SH,600027,20251209,91504130,0,30420,A,B,50800,2000,
600027.SH,600027,20251209,91504130,0,30598,A,S,52400,2500,
600027.SH,600027,20251209,91504130,0,30599,A,S,52800,2000,
600027.SH,600027,20251209,91504130,0,30934,A,B,51100,3000,
600027.SH,600027,20251209,91504130,0,30935,A,B,51600,2000,
600027.SH,600027,20251209,91504260,0,31425,A,S,57200,100,
600027.SH,600027,20251209,91504260,0,31789,A,B,46800,2000,
600027.SH,600027,20251209,91504260,0,31821,A,B,51200,4000,
600027.SH,600027,20251209,91504260,0,31826,A,B,51500,1000,
600027.SH,600027,20251209,91504260,0,31856,A,S,53500,2000,
600027.SH,600027,20251209,91504260,0,32120,A,S,53100,500,
600027.SH,600027,20251209,91504260,0,32736,A,S,52800,3900,
600027.SH,600027,20251209,91504260,0,32787,A,S,56900,200,
600027.SH,600027,20251209,91504260,0,32924,A,S,55500,1000,
600027.SH,600027,20251209,91504260,0,33186,A,B,51100,11400,
600027.SH,600027,20251209,91504380,0,33194,A,S,54000,5000,
600027.SH,600027,20251209,91504380,0,33380,A,S,57100,8100,
600027.SH,600027,20251209,91504380,0,33393,A,S,54800,8400,
600027.SH,600027,20251209,91504380,0,33496,A,S,55500,2000,
600027.SH,600027,20251209,91504380,0,33533,A,S,56600,2000,
600027.SH,600027,20251209,91504380,0,33603,A,S,52500,25000,
600027.SH,600027,20251209,91504380,0,33637,A,S,52700,20000,
600027.SH,600027,20251209,91504380,0,33905,A,B,51800,10000,
600027.SH,600027,20251209,91504380,0,33908,A,S,53700,700,
600027.SH,600027,20251209,91504380,0,33917,A,B,51700,5000,
600027.SH,600027,20251209,91504380,0,33920,A,S,52700,10000,
600027.SH,600027,20251209,91504380,0,33926,A,B,51600,5000,
600027.SH,600027,20251209,91504380,0,33937,A,B,51500,5000,
600027.SH,600027,20251209,91504380,0,33943,A,B,51400,5000,
600027.SH,600027,20251209,91504380,0,33955,A,B,51300,5000,
600027.SH,600027,20251209,91504380,0,33963,A,B,51200,5000,
600027.SH,600027,20251209,91504380,0,33974,A,B,51200,1000,
600027.SH,600027,20251209,91504380,0,33982,A,B,51100,5000,
600027.SH,600027,20251209,91504380,0,33999,A,B,51000,5000,
600027.SH,600027,20251209,91504380,0,34010,A,B,50900,5000,
600027.SH,600027,20251209,91504380,0,34020,A,B,50800,5000,
600027.SH,600027,20251209,91504380,0,34046,A,B,50700,5000,
600027.SH,600027,20251209,91504380,0,34047,A,B,50600,5000,
600027.SH,600027,20251209,91504380,0,34048,A,B,50500,5000,
600027.SH,600027,20251209,91504380,0,34049,A,B,50400,5000,
600027.SH,600027,20251209,91504380,0,34050,A,B,50300,5000,
600027.SH,600027,20251209,91504380,0,34064,A,B,50200,15000,
600027.SH,600027,20251209,91504380,0,34092,A,B,50100,5000,
600027.SH,600027,20251209,91504380,0,34115,A,B,50000,5000,
600027.SH,600027,20251209,91504380,0,34206,A,S,52000,5000,
600027.SH,600027,20251209,91504380,0,34229,A,S,52100,5000,
600027.SH,600027,20251209,91504380,0,34236,A,S,52200,5000,
600027.SH,600027,20251209,91504380,0,34242,A,S,52300,5000,
600027.SH,600027,20251209,91504380,0,34251,A,S,52400,5000,
600027.SH,600027,20251209,91504380,0,34252,A,S,52500,5000,
600027.SH,600027,20251209,91504380,0,34261,A,S,52600,5000,
600027.SH,600027,20251209,91504380,0,34264,A,S,52700,5000,
600027.SH,600027,20251209,91504380,0,34267,A,S,52800,5000,
600027.SH,600027,20251209,91504380,0,34268,A,S,52900,5000,
600027.SH,600027,20251209,91504380,0,34275,A,S,53000,5000,
600027.SH,600027,20251209,91504380,0,34285,A,S,53100,5000,
600027.SH,600027,20251209,91504380,0,34298,A,S,53600,10000,
600027.SH,600027,20251209,91504380,0,34299,A,S,54100,10000,
600027.SH,600027,20251209,91504380,0,34316,A,S,54600,10000,
600027.SH,600027,20251209,91504380,0,34760,A,B,51000,5000,
600027.SH,600027,20251209,91504520,0,35208,A,B,51000,2200,
600027.SH,600027,20251209,91504520,0,35212,A,S,53300,1000,
600027.SH,600027,20251209,91504520,0,35226,A,B,51100,1000,
600027.SH,600027,20251209,91504520,0,35336,A,S,57200,100,
600027.SH,600027,20251209,91504520,0,35558,A,S,53000,97300,
600027.SH,600027,20251209,91504520,0,36326,A,B,51500,1000,
600027.SH,600027,20251209,91504520,0,36396,A,S,52900,11500,
600027.SH,600027,20251209,91504520,0,36591,A,B,51600,600,
600027.SH,600027,20251209,91504520,0,36672,A,S,55000,1000,
600027.SH,600027,20251209,91504520,0,36826,A,S,57200,700,
600027.SH,600027,20251209,91504520,0,36962,A,B,51500,2000,
600027.SH,600027,20251209,91504520,0,37048,A,S,54700,800,
600027.SH,600027,20251209,91504520,0,37076,A,S,52400,2600,
600027.SH,600027,20251209,91504660,0,37255,A,S,52800,40000,
600027.SH,600027,20251209,91504660,0,37450,A,B,51100,200,
600027.SH,600027,20251209,91504660,0,37534,A,B,50800,300,
600027.SH,600027,20251209,91504660,0,37536,A,S,53700,7200,
600027.SH,600027,20251209,91504660,0,37554,A,S,54500,1800,
600027.SH,600027,20251209,91504660,0,37568,A,S,55200,7200,
600027.SH,600027,20251209,91504660,0,37580,A,S,56000,7200,
600027.SH,600027,20251209,91504660,0,37591,A,S,56700,7200,
600027.SH,600027,20251209,91504660,0,37605,A,S,57200,7200,
600027.SH,600027,20251209,91504720,0,38010,A,S,53500,300,
600027.SH,600027,20251209,91504720,0,38455,A,S,57200,800,
600027.SH,600027,20251209,91504720,0,38701,A,S,53300,1000,
600027.SH,600027,20251209,91504790,0,39066,A,B,51000,800,
600027.SH,600027,20251209,91504790,0,39397,A,S,52600,800,
600027.SH,600027,20251209,91504790,0,40266,A,B,51500,1000,
600027.SH,600027,20251209,91504790,0,40267,A,B,51000,1000,
600027.SH,600027,20251209,91504790,0,40395,A,S,57200,22000,
600027.SH,600027,20251209,91504790,0,40416,A,B,51800,1000,
600027.SH,600027,20251209,91504790,0,40451,A,S,53000,400,
600027.SH,600027,20251209,91504940,0,41000,A,B,51000,15700,
600027.SH,600027,20251209,91504940,0,41113,A,B,51100,29400,
600027.SH,600027,20251209,91504940,0,41127,A,S,52900,500,
600027.SH,600027,20251209,91504940,0,41667,A,S,52500,3000,
600027.SH,600027,20251209,91504940,0,41790,A,S,54900,800,
600027.SH,600027,20251209,91504940,0,41875,A,S,53200,10000,
600027.SH,600027,20251209,91504940,0,41969,A,S,53900,1000,
600027.SH,600027,20251209,91504940,0,42016,A,S,53900,1000,
600027.SH,600027,20251209,91504940,0,42379,A,S,52900,2000,
600027.SH,600027,20251209,91504940,0,42406,A,B,50000,200,
600027.SH,600027,20251209,91504940,0,42408,A,S,53400,3000,
600027.SH,600027,20251209,91504940,0,42595,A,S,57200,1000,
600027.SH,600027,20251209,91504940,0,42863,A,S,57100,400,
600027.SH,600027,20251209,91505060,0,43053,A,S,53900,1000,
600027.SH,600027,20251209,91505060,0,43128,A,S,54000,10000,
600027.SH,600027,20251209,91505060,0,43424,A,B,51200,300,
600027.SH,600027,20251209,91505060,0,43427,A,S,54800,200,
600027.SH,600027,20251209,91505060,0,43461,A,S,56100,400,
600027.SH,600027,20251209,91505060,0,43669,A,S,57100,1000,
600027.SH,600027,20251209,91505060,0,44289,A,S,54500,500,
600027.SH,600027,20251209,91505060,0,44342,A,B,49300,500,
600027.SH,600027,20251209,91505060,0,44388,A,B,50800,600,
600027.SH,600027,20251209,91505060,0,44418,A,S,52500,1000,
600027.SH,600027,20251209,91505060,0,44425,A,S,53700,200,
600027.SH,600027,20251209,91505060,0,44708,A,S,57200,2000,
600027.SH,600027,20251209,91505060,0,44725,A,S,56600,500,
600027.SH,600027,20251209,91505060,0,44731,A,B,50000,500,
600027.SH,600027,20251209,91505060,0,44735,A,B,48000,500,
600027.SH,600027,20251209,91505060,0,44740,A,B,49000,500,
600027.SH,600027,20251209,91505060,0,44787,A,S,57200,20000,
600027.SH,600027,20251209,91505060,0,44798,A,S,54000,200,
600027.SH,600027,20251209,91505210,0,44914,A,S,52500,4000,
600027.SH,600027,20251209,91505210,0,44952,A,B,50100,1000,
600027.SH,600027,20251209,91505210,0,44972,A,B,49100,1000,
600027.SH,600027,20251209,91505210,0,45054,A,S,57200,500,
600027.SH,600027,20251209,91505250,0,45575,A,S,56800,900,
600027.SH,600027,20251209,91505250,0,45692,A,S,52600,2000,
600027.SH,600027,20251209,91505250,0,45726,A,S,53300,2000,
600027.SH,600027,20251209,91505250,0,45735,A,S,57100,100,
600027.SH,600027,20251209,91505250,0,45819,A,B,51300,300,
600027.SH,600027,20251209,91505250,0,45855,A,S,54800,100,
600027.SH,600027,20251209,91505250,0,46293,A,S,54100,500,
600027.SH,600027,20251209,91505250,0,46405,A,S,52800,1000,
600027.SH,600027,20251209,91505380,0,47343,A,B,51400,2000,
600027.SH,600027,20251209,91505380,0,47344,A,B,49400,3000,
600027.SH,600027,20251209,91505380,0,47345,A,B,47300,5000,
600027.SH,600027,20251209,91505380,0,47413,A,S,52500,3300,
600027.SH,600027,20251209,91505380,0,47600,A,S,52600,3300,
600027.SH,600027,20251209,91505390,0,47860,A,S,52700,3400,
600027.SH,600027,20251209,91505390,0,48184,A,S,54000,100,
600027.SH,600027,20251209,91505390,0,48286,A,B,51600,100,
600027.SH,600027,20251209,91505390,0,48293,A,S,53900,700,
600027.SH,600027,20251209,91505390,0,48330,A,S,53500,100,
600027.SH,600027,20251209,91505390,0,48490,A,B,51300,200,
600027.SH,600027,20251209,91505390,0,48496,A,S,54000,400,
600027.SH,600027,20251209,91505390,0,48726,A,S,56000,100,
600027.SH,600027,20251209,91505390,0,48801,A,S,56000,5000,
600027.SH,600027,20251209,91505530,0,49454,A,S,55000,1000,
600027.SH,600027,20251209,91505530,0,49722,A,S,57100,100,
600027.SH,600027,20251209,91505530,0,49903,A,B,51000,1000,
600027.SH,600027,20251209,91505530,0,50178,A,S,53500,400,
600027.SH,600027,20251209,91505530,0,50272,A,B,50000,500,
600027.SH,600027,20251209,91505530,0,50456,A,B,51100,500,
600027.SH,600027,20251209,91505530,0,50527,A,S,56500,5000,
600027.SH,600027,20251209,91505530,0,50870,A,S,55300,300,
600027.SH,600027,20251209,91505530,0,51047,A,B,51000,3200,
600027.SH,600027,20251209,91505660,0,51364,A,S,57200,10500,
600027.SH,600027,20251209,91505660,0,51686,A,B,50800,300,
600027.SH,600027,20251209,91505660,0,51699,A,S,55100,300,
600027.SH,600027,20251209,91505660,0,51705,A,S,57200,1500,
600027.SH,600027,20251209,91505660,0,51764,A,S,56900,700,
600027.SH,600027,20251209,91505660,0,51765,A,B,49000,100,
600027.SH,600027,20251209,91505660,0,51771,A,S,56100,700,
600027.SH,600027,20251209,91505660,0,51863,A,B,51500,5000,
600027.SH,600027,20251209,91505660,0,51866,A,S,53500,5000,
600027.SH,600027,20251209,91505660,0,52421,A,B,51500,2000,
600027.SH,600027,20251209,91505660,0,52423,A,B,51000,2000,
600027.SH,600027,20251209,91505760,0,52548,A,B,50700,4000,
600027.SH,600027,20251209,91505770,0,53042,A,S,55200,2200,
600027.SH,600027,20251209,91505770,0,53196,A,B,51700,2000,
600027.SH,600027,20251209,91505770,0,53212,A,B,50700,4000,
600027.SH,600027,20251209,91505770,0,53228,A,S,52800,1000,
600027.SH,600027,20251209,91505770,0,53241,A,S,53800,4000,
600027.SH,600027,20251209,91505770,0,53243,A,B,51600,2000,
600027.SH,600027,20251209,91505770,0,53330,A,B,51500,100,
600027.SH,600027,20251209,91505770,0,53429,A,B,51700,2000,
600027.SH,600027,20251209,91505770,0,53433,A,B,51300,2000,
600027.SH,600027,20251209,91505770,0,53459,A,B,50300,4000,
600027.SH,600027,20251209,91505770,0,53515,A,S,53700,5400,
600027.SH,600027,20251209,91505770,0,53518,A,S,54500,7200,
600027.SH,600027,20251209,91505770,0,53524,A,S,55200,7200,
600027.SH,600027,20251209,91505770,0,53530,A,S,56000,7200,
600027.SH,600027,20251209,91505770,0,53531,A,S,56700,7200,
600027.SH,600027,20251209,91505770,0,53537,A,S,57200,7200,
600027.SH,600027,20251209,91505770,0,54031,A,S,53100,400,
600027.SH,600027,20251209,91505770,0,54068,A,S,52500,2000,
600027.SH,600027,20251209,91505910,0,54517,A,B,51800,3000,
600027.SH,600027,20251209,91505910,0,54828,A,S,53100,5000,
600027.SH,600027,20251209,91505910,0,55092,A,B,51100,2000,
600027.SH,600027,20251209,91505910,0,55115,A,S,53800,2800,
600027.SH,600027,20251209,91505910,0,55964,A,B,51000,5000,
600027.SH,600027,20251209,91505910,0,55988,A,S,52800,700,
600027.SH,600027,20251209,91505910,0,56158,A,S,52500,100,
600027.SH,600027,20251209,91505910,0,56197,A,S,52200,6000,
600027.SH,600027,20251209,91505910,0,56217,A,B,51600,6000,
600027.SH,600027,20251209,91505910,0,56313,A,S,53300,2300,
600027.SH,600027,20251209,91505910,0,56379,A,S,53200,2000,
600027.SH,600027,20251209,91506060,0,56428,A,B,51500,2000,
600027.SH,600027,20251209,91506060,0,56591,A,S,55500,300,
600027.SH,600027,20251209,91506060,0,56669,A,S,56800,700,
600027.SH,600027,20251209,91506060,0,57508,A,B,50000,100,
600027.SH,600027,20251209,91506060,0,57570,A,S,52700,28000,
600027.SH,600027,20251209,91506060,0,57588,A,S,52600,28000,
600027.SH,600027,20251209,91506060,0,57611,A,S,52500,28000,
600027.SH,600027,20251209,91506060,0,57626,A,S,52400,28000,
600027.SH,600027,20251209,91506060,0,57648,A,S,52100,14000,
600027.SH,600027,20251209,91506060,0,57663,A,B,51800,14000,
600027.SH,600027,20251209,91506060,0,57906,A,B,51400,1000,
600027.SH,600027,20251209,91506060,0,57953,A,B,50500,200,
600027.SH,600027,20251209,91506060,0,58359,A,B,51500,1000,
600027.SH,600027,20251209,91506060,0,58364,A,S,56400,10000,
600027.SH,600027,20251209,91506060,0,58370,A,S,57200,9200,
600027.SH,600027,20251209,91506210,0,58821,A,S,57200,500,
600027.SH,600027,20251209,91506210,0,59398,A,S,52700,1000,
600027.SH,600027,20251209,91506210,0,59430,A,B,51200,2000,
600027.SH,600027,20251209,91506210,0,59752,A,S,52800,170000,
600027.SH,600027,20251209,91506210,0,60100,A,S,56900,20000,
600027.SH,600027,20251209,91506350,0,60512,A,B,51700,100,
600027.SH,600027,20251209,91506350,0,60651,A,S,52500,4900,
600027.SH,600027,20251209,91506350,0,60736,A,S,51900,100,
600027.SH,600027,20251209,91506350,0,61168,A,B,51200,800,
600027.SH,600027,20251209,91506350,0,61225,A,B,50200,1200,
600027.SH,600027,20251209,91506350,0,61234,A,S,53200,600,
600027.SH,600027,20251209,91506350,0,62017,A,S,54800,200,
600027.SH,600027,20251209,91506350,0,62036,A,S,57200,300,
600027.SH,600027,20251209,91506350,0,62163,A,S,52900,4100,
600027.SH,600027,20251209,91506350,0,62218,A,S,52900,400,
600027.SH,600027,20251209,91506350,0,62289,A,S,57200,20200,
600027.SH,600027,20251209,91506490,0,62469,A,S,52700,13800,
600027.SH,600027,20251209,91506490,0,62722,A,S,53500,1000,
600027.SH,600027,20251209,91506490,0,62723,A,S,54500,1000,
600027.SH,600027,20251209,91506490,0,64060,A,S,52200,2000,
600027.SH,600027,20251209,91506490,0,64065,A,S,52300,2000,
600027.SH,600027,20251209,91506490,0,64105,A,B,51700,1000,
600027.SH,600027,20251209,91506490,0,64106,A,B,51800,500,
600027.SH,600027,20251209,91506660,0,64826,A,S,56500,500,
600027.SH,600027,20251209,91506660,0,65448,A,B,50100,200,
600027.SH,600027,20251209,91506660,0,65459,A,S,52300,80000,
600027.SH,600027,20251209,91506660,0,65644,A,S,53400,1000,
600027.SH,600027,20251209,91506660,0,66008,A,B,51600,300,
600027.SH,600027,20251209,91506660,0,66018,A,S,53600,800,
600027.SH,600027,20251209,91506660,0,66024,A,S,54100,800,
600027.SH,600027,20251209,91506660,0,66033,A,S,54500,600,
600027.SH,600027,20251209,91506660,0,66152,A,S,52700,5000,
600027.SH,600027,20251209,91506660,0,66159,A,B,51500,5000,
600027.SH,600027,20251209,91506660,0,66173,A,S,57200,500,
600027.SH,600027,20251209,91506810,0,66248,A,S,52800,10100,
600027.SH,600027,20251209,91506810,0,66434,A,S,52200,5000,
600027.SH,600027,20251209,91506880,0,67619,A,S,55000,300,
600027.SH,600027,20251209,91506880,0,67766,A,S,57000,500,
600027.SH,600027,20251209,91506960,0,67856,A,B,51500,1000,
600027.SH,600027,20251209,91506990,0,68276,A,B,51500,500,
600027.SH,600027,20251209,91506990,0,68391,A,B,51500,1000,
600027.SH,600027,20251209,91506990,0,68403,A,B,51000,1000,
600027.SH,600027,20251209,91506990,0,68985,A,S,53700,5400,
600027.SH,600027,20251209,91506990,0,69006,A,S,54500,7200,
600027.SH,600027,20251209,91506990,0,69042,A,S,55200,7200,
600027.SH,600027,20251209,91506990,0,69057,A,S,56000,7200,
600027.SH,600027,20251209,91506990,0,69083,A,S,56700,7200,
600027.SH,600027,20251209,91506990,0,69092,A,S,57200,1000,
600027.SH,600027,20251209,91506990,0,69097,A,S,57200,7200,
600027.SH,600027,20251209,91507100,0,70620,A,S,54400,10000,
600027.SH,600027,20251209,91507100,0,70800,A,S,53300,300,
600027.SH,600027,20251209,91507100,0,70871,A,B,51000,5000,
600027.SH,600027,20251209,91507100,0,70964,A,S,54300,900,
600027.SH,600027,20251209,91507100,0,71080,A,S,52400,5000,
600027.SH,600027,20251209,91507100,0,71092,A,B,51000,300,
600027.SH,600027,20251209,91507100,0,71313,A,B,51500,100,
600027.SH,600027,20251209,91507240,0,71470,A,B,51700,3600,
600027.SH,600027,20251209,91507240,0,71562,A,B,51500,4000,
600027.SH,600027,20251209,91507240,0,72168,A,B,51200,3000,
600027.SH,600027,20251209,91507240,0,72433,A,S,52400,2000,
600027.SH,600027,20251209,91507240,0,72739,A,S,53300,15000,
600027.SH,600027,20251209,91507240,0,72946,A,B,51500,100,
600027.SH,600027,20251209,91507240,0,73084,A,S,57200,3000,
600027.SH,600027,20251209,91507240,0,73098,A,B,47000,1500,
600027.SH,600027,20251209,91507240,0,73228,A,B,50100,200,
600027.SH,600027,20251209,91507390,0,73826,A,S,52600,5000,
600027.SH,600027,20251209,91507390,0,73863,A,S,52500,5000,
600027.SH,600027,20251209,91507390,0,74208,A,S,54000,1000,
600027.SH,600027,20251209,91507390,0,74278,A,S,54000,11000,
600027.SH,600027,20251209,91507390,0,74584,A,B,51000,100,
600027.SH,600027,20251209,91507390,0,75228,A,S,57000,600,
600027.SH,600027,20251209,91507560,0,75746,A,B,51500,100,
600027.SH,600027,20251209,91507560,0,75766,A,S,53000,4000,
600027.SH,600027,20251209,91507560,0,75771,A,S,56500,45900,
600027.SH,600027,20251209,91507560,0,75772,A,S,57000,46000,
600027.SH,600027,20251209,91507560,0,75808,A,S,57200,10000,
600027.SH,600027,20251209,91507560,0,75844,A,S,52800,29000,
600027.SH,600027,20251209,91507560,0,76362,A,S,52500,14200,
600027.SH,600027,20251209,91507560,0,76461,A,S,53500,800,
600027.SH,600027,20251209,91507560,0,77313,A,S,53100,1700,
600027.SH,600027,20251209,91507700,0,77458,A,B,51500,500,
600027.SH,600027,20251209,91507700,0,77631,A,S,52700,5000,
600027.SH,600027,20251209,91507700,0,77647,A,B,51500,5000,
600027.SH,600027,20251209,91507700,0,77922,A,B,51600,900,
600027.SH,600027,20251209,91507700,0,77942,A,B,51500,900,
600027.SH,600027,20251209,91507700,0,77955,A,B,51400,900,
600027.SH,600027,20251209,91507700,0,77965,A,B,51300,900,
600027.SH,600027,20251209,91507700,0,77970,A,B,51200,900,
600027.SH,600027,20251209,91507700,0,77980,A,B,51100,900,
600027.SH,600027,20251209,91507700,0,77984,A,B,51000,900,
600027.SH,600027,20251209,91507700,0,77990,A,B,50900,1000,
600027.SH,600027,20251209,91507700,0,77997,A,B,50800,1000,
600027.SH,600027,20251209,91507700,0,78102,A,S,52300,900,
600027.SH,600027,20251209,91507700,0,78105,A,S,52400,900,
600027.SH,600027,20251209,91507700,0,78128,A,S,52500,900,
600027.SH,600027,20251209,91507700,0,78147,A,S,52600,1000,
600027.SH,600027,20251209,91507700,0,78150,A,S,52700,1000,
600027.SH,600027,20251209,91507700,0,78158,A,S,52800,1000,
600027.SH,600027,20251209,91507700,0,78161,A,S,52900,1000,
600027.SH,600027,20251209,91507700,0,78170,A,S,53000,1000,
600027.SH,600027,20251209,91507700,0,78187,A,S,53100,1000,
600027.SH,600027,20251209,91507700,0,78195,A,S,53200,1000,
600027.SH,600027,20251209,91507700,0,78201,A,S,53300,1000,
600027.SH,600027,20251209,91507700,0,78842,A,S,53200,10000,
600027.SH,600027,20251209,91507700,0,79003,A,B,50800,3000,
600027.SH,600027,20251209,91507860,0,79443,A,S,55000,200,
600027.SH,600027,20251209,91507860,0,79587,A,B,51100,10000,
600027.SH,600027,20251209,91507860,0,79620,A,S,52500,9200,
600027.SH,600027,20251209,91507860,0,80001,A,S,56900,400,
600027.SH,600027,20251209,91507860,0,80492,A,B,51400,5000,
600027.SH,600027,20251209,91507860,0,80961,A,S,52800,9400,
600027.SH,600027,20251209,91507860,0,80965,A,S,52500,4700,
600027.SH,600027,20251209,91507860,0,81208,A,S,54700,6000,
600027.SH,600027,20251209,91508000,0,81993,A,S,55800,2000,
600027.SH,600027,20251209,91508000,0,82025,A,S,53000,1600,
600027.SH,600027,20251209,91508000,0,82233,A,S,53600,700,
600027.SH,600027,20251209,91508000,0,82395,A,S,56600,1000,
600027.SH,600027,20251209,91508000,0,82432,A,S,57200,96800,
600027.SH,600027,20251209,91508000,0,82511,A,S,53200,400,
600027.SH,600027,20251209,91508000,0,82666,A,S,52600,2000,
600027.SH,600027,20251209,91508000,0,82673,A,S,53200,2000,
600027.SH,600027,20251209,91508000,0,82745,A,B,51700,4000,
600027.SH,600027,20251209,91508000,0,82758,A,S,54300,4000,
600027.SH,600027,20251209,91508120,0,83044,A,B,50000,500,
600027.SH,600027,20251209,91508120,0,83555,A,S,52500,10000,
600027.SH,600027,20251209,91508120,0,83699,A,S,54300,1000,
600027.SH,600027,20251209,91508120,0,83729,A,S,57200,1900,
600027.SH,600027,20251209,91508120,0,83985,A,S,52600,30000,
600027.SH,600027,20251209,91508120,0,83988,A,B,49800,1000,
600027.SH,600027,20251209,91508120,0,84015,A,S,52600,5000,
600027.SH,600027,20251209,91508120,0,84018,A,S,53000,5000,
600027.SH,600027,20251209,91508120,0,84187,A,B,51500,2000,
600027.SH,600027,20251209,91508120,0,84195,A,S,53800,1900,
600027.SH,600027,20251209,91508120,0,84196,A,S,54800,1900,
600027.SH,600027,20251209,91508120,0,84204,A,B,50500,2300,
600027.SH,600027,20251209,91508120,0,84216,A,S,57200,5800,
600027.SH,600027,20251209,91508120,0,84351,A,S,56500,100,
600027.SH,600027,20251209,91508120,0,84527,A,S,56600,500,
600027.SH,600027,20251209,91508260,0,84616,A,B,51400,20000,
600027.SH,600027,20251209,91508260,0,84622,A,S,56900,100,
600027.SH,600027,20251209,91508260,0,84627,A,S,53900,110600,
600027.SH,600027,20251209,91508260,0,84936,A,S,52800,2000,
600027.SH,600027,20251209,91508260,0,85171,A,S,52700,10000,
600027.SH,600027,20251209,91508260,0,85571,A,S,53000,2000,
600027.SH,600027,20251209,91508260,0,85595,A,S,53500,1000,
600027.SH,600027,20251209,91508260,0,85596,A,S,53800,1000,
600027.SH,600027,20251209,91508260,0,85597,A,S,54100,1000,
600027.SH,600027,20251209,91508360,0,85626,A,S,54400,1000,
600027.SH,600027,20251209,91508360,0,85695,A,B,51500,1000,
600027.SH,600027,20251209,91508360,0,85696,A,B,51300,1000,
600027.SH,600027,20251209,91508360,0,85723,A,B,51100,1000,
600027.SH,600027,20251209,91508360,0,85724,A,B,50900,2000,
600027.SH,600027,20251209,91508360,0,86276,A,S,53200,3000,
600027.SH,600027,20251209,91508420,0,86490,A,S,53500,1000,
600027.SH,600027,20251209,91508420,0,86519,A,S,52000,150000,
600027.SH,600027,20251209,91508550,0,86760,A,B,51300,2000,
600027.SH,600027,20251209,91508590,0,87279,A,B,51500,900,
600027.SH,600027,20251209,91508590,0,87343,A,S,57000,1000,
600027.SH,600027,20251209,91508620,0,87681,A,B,51700,900,
600027.SH,600027,20251209,91508700,0,88488,A,B,51200,500,
600027.SH,600027,20251209,91508700,0,88489,A,B,50200,1000,
600027.SH,600027,20251209,91508700,0,88596,A,B,49700,200,
600027.SH,600027,20251209,91508700,0,88606,A,S,53700,200,
600027.SH,600027,20251209,91508700,0,88673,A,S,55300,500,
600027.SH,600027,20251209,91508700,0,88675,A,S,57100,700,
600027.SH,600027,20251209,91508700,0,88754,A,B,50600,800,
600027.SH,600027,20251209,91508700,0,88755,A,B,51400,700,
600027.SH,600027,20251209,91508700,0,88781,A,S,55000,2000,
600027.SH,600027,20251209,91508760,0,88996,A,B,51200,1000,
600027.SH,600027,20251209,91508760,0,89042,A,B,50000,3000,
600027.SH,600027,20251209,91508760,0,89208,A,S,52800,1000,
600027.SH,600027,20251209,91508760,0,89215,A,B,51800,900,
600027.SH,600027,20251209,91508760,0,89222,A,S,52900,900,
600027.SH,600027,20251209,91508810,0,89474,A,S,53200,50000,
600027.SH,600027,20251209,91508950,0,90065,A,B,51500,6200,
600027.SH,600027,20251209,91508950,0,90066,A,B,50900,8300,
600027.SH,600027,20251209,91508950,0,90229,A,S,53100,10000,
600027.SH,600027,20251209,91508990,0,90428,A,S,57000,1000,
600027.SH,600027,20251209,91509100,0,90822,A,S,53100,300,
600027.SH,600027,20251209,91509120,0,91158,A,S,55500,300,
600027.SH,600027,20251209,91509120,0,91493,A,B,51500,10000,
600027.SH,600027,20251209,91509120,0,91665,A,B,49500,200,
600027.SH,600027,20251209,91509120,0,91667,A,B,49600,200,
600027.SH,600027,20251209,91509120,0,91668,A,B,49700,200,
600027.SH,600027,20251209,91509120,0,91669,A,B,49800,200,
600027.SH,600027,20251209,91509120,0,91778,A,S,52800,1900,
600027.SH,600027,20251209,91509320,0,92575,A,S,53600,900,
600027.SH,600027,20251209,91509390,0,93308,A,S,55100,2000,
600027.SH,600027,20251209,91509490,0,93788,A,B,50000,800,
600027.SH,600027,20251209,91509520,0,94029,A,S,57200,300,
600027.SH,600027,20251209,91509520,0,94074,A,B,51800,2000,
600027.SH,600027,20251209,91509520,0,94078,A,S,52900,2000,
600027.SH,600027,20251209,91509520,0,94079,A,S,53000,2000,
600027.SH,600027,20251209,91509520,0,94080,A,S,53100,2000,
600027.SH,600027,20251209,91509540,0,94082,A,S,53200,2000,
600027.SH,600027,20251209,91509540,0,94408,A,S,52600,5000,
600027.SH,600027,20251209,91509590,0,94524,A,S,57200,2000,
600027.SH,600027,20251209,91509590,0,94676,A,B,51600,1000,
600027.SH,600027,20251209,91509590,0,94884,A,S,55900,2400,
600027.SH,600027,20251209,91509650,0,95367,A,S,53300,800,
600027.SH,600027,20251209,91509770,0,95646,A,S,53200,2000,
600027.SH,600027,20251209,91509780,0,96083,A,B,50800,2000,
600027.SH,600027,20251209,91509840,0,96544,A,B,50200,2000,
600027.SH,600027,20251209,91509840,0,96585,A,S,55200,10000,
600027.SH,600027,20251209,91509840,0,96588,A,S,56000,15000,
600027.SH,600027,20251209,91509840,0,96590,A,S,56500,15000,
600027.SH,600027,20251209,91509840,0,96657,A,S,53200,2000,
600027.SH,600027,20251209,91509840,0,96658,A,S,57200,4000,
600027.SH,600027,20251209,91509970,0,96986,A,B,51400,2500,
600027.SH,600027,20251209,91509970,0,97012,A,B,51400,2000,
600027.SH,600027,20251209,91509970,0,97083,A,S,54800,2000,
600027.SH,600027,20251209,91509970,0,97124,A,S,53500,2900,
600027.SH,600027,20251209,91509970,0,97125,A,B,51200,1500,
600027.SH,600027,20251209,91509970,0,97130,A,S,57200,1700,
600027.SH,600027,20251209,91509970,0,97187,A,B,49900,200,
600027.SH,600027,20251209,91510020,0,97514,A,B,51500,2000,
600027.SH,600027,20251209,91510020,0,97605,A,B,50800,500,
600027.SH,600027,20251209,91510020,0,97742,A,B,47500,1000,
600027.SH,600027,20251209,91510020,0,97772,A,B,51600,2000,
600027.SH,600027,20251209,91510020,0,98074,A,S,52500,100,
600027.SH,600027,20251209,91510020,0,98096,A,B,51000,600,
600027.SH,600027,20251209,91510100,0,98139,A,B,51800,1000,
600027.SH,600027,20251209,91510120,0,98328,A,S,53200,1000,
600027.SH,600027,20251209,91510120,0,98329,A,S,53900,1000,
600027.SH,600027,20251209,91510120,0,98386,A,S,54400,26000,
600027.SH,600027,20251209,91510120,0,98433,A,B,50600,17000,
600027.SH,600027,20251209,91510120,0,98555,A,S,57200,200,
600027.SH,600027,20251209,91510160,0,98648,A,B,46800,300,
600027.SH,600027,20251209,91510160,0,98649,A,B,49300,300,
600027.SH,600027,20251209,91510180,0,98808,A,B,51800,500,
600027.SH,600027,20251209,91510290,0,99182,A,S,57000,400,
600027.SH,600027,20251209,91510290,0,99196,A,S,53000,3200,
600027.SH,600027,20251209,91510320,0,99629,A,S,56300,200,
600027.SH,600027,20251209,91510320,0,99630,A,S,54600,200,
600027.SH,600027,20251209,91510320,0,99656,A,S,55500,2000,
600027.SH,600027,20251209,91510320,0,99714,A,S,55000,1400,
600027.SH,600027,20251209,91510320,0,99797,A,S,54600,100,
600027.SH,600027,20251209,91510320,0,99803,A,S,52800,100,
600027.SH,600027,20251209,91510320,0,99947,A,S,54000,10000,
600027.SH,600027,20251209,91510320,0,100052,A,S,52400,4000,
600027.SH,600027,20251209,91510320,0,100055,A,B,51600,4000,
600027.SH,600027,20251209,91510320,0,100232,A,S,55200,200,
600027.SH,600027,20251209,91510320,0,100233,A,S,53200,200,
600027.SH,600027,20251209,91510320,0,100234,A,B,47800,300,
600027.SH,600027,20251209,91510320,0,100237,A,B,50300,200,
600027.SH,600027,20251209,91510320,0,101232,A,B,49400,600,
600027.SH,600027,20251209,91510480,0,101479,A,S,55300,100,
600027.SH,600027,20251209,91510480,0,101510,A,S,56400,1400,
600027.SH,600027,20251209,91510480,0,101650,A,S,56700,5300,
600027.SH,600027,20251209,91510530,0,101814,A,S,55600,300,
600027.SH,600027,20251209,91510530,0,101839,A,S,57200,500,
600027.SH,600027,20251209,91510530,0,102034,A,S,56000,500,
600027.SH,600027,20251209,91510530,0,102051,A,S,54000,2900,
600027.SH,600027,20251209,91510530,0,102513,A,S,52800,5600,
600027.SH,600027,20251209,91510530,0,102694,A,S,53000,1300,
600027.SH,600027,20251209,91510530,0,102978,A,B,51500,10000,
600027.SH,600027,20251209,91510530,0,102980,A,B,51100,69900,
600027.SH,600027,20251209,91510530,0,103115,A,B,50600,2000,
600027.SH,600027,20251209,91510640,0,103222,A,B,49400,1200,
600027.SH,600027,20251209,91510640,0,103609,A,S,54800,400,
600027.SH,600027,20251209,91510640,0,103729,A,B,50000,1000,
600027.SH,600027,20251209,91510640,0,103953,A,S,55100,200,
600027.SH,600027,20251209,91510640,0,104046,A,B,50000,500,
600027.SH,600027,20251209,91510640,0,104090,A,B,49000,500,
600027.SH,600027,20251209,91510640,0,104092,A,B,48000,500,
600027.SH,600027,20251209,91510640,0,104164,A,B,47000,500,
600027.SH,600027,20251209,91510640,0,104288,A,S,50400,100,
600027.SH,600027,20251209,91510640,0,104692,A,B,46800,500,
600027.SH,600027,20251209,91510770,0,104765,A,S,53400,10000,
600027.SH,600027,20251209,91510770,0,104868,A,S,53600,10000,
600027.SH,600027,20251209,91510770,0,105219,A,B,50000,200,
600027.SH,600027,20251209,91510770,0,105220,A,B,50100,200,
600027.SH,600027,20251209,91510770,0,105221,A,B,50200,200,
600027.SH,600027,20251209,91510770,0,105222,A,B,50300,200,
600027.SH,600027,20251209,91510770,0,105223,A,B,50400,200,
600027.SH,600027,20251209,91510770,0,105224,A,B,50500,200,
600027.SH,600027,20251209,91510770,0,105226,A,B,50600,200,
600027.SH,600027,20251209,91510770,0,105245,A,B,50700,200,
600027.SH,600027,20251209,91510770,0,105246,A,B,50800,200,
600027.SH,600027,20251209,91510770,0,105247,A,B,50900,200,
600027.SH,600027,20251209,91510770,0,105261,A,B,51000,200,
600027.SH,600027,20251209,91510770,0,105268,A,S,52500,3800,
600027.SH,600027,20251209,91510770,0,105277,A,B,51100,200,
600027.SH,600027,20251209,91510770,0,105287,A,B,51200,200,
600027.SH,600027,20251209,91510770,0,105288,A,B,51300,200,
600027.SH,600027,20251209,91510770,0,105289,A,B,51400,200,
600027.SH,600027,20251209,91510770,0,105290,A,B,51500,200,
600027.SH,600027,20251209,91510770,0,105300,A,B,51600,200,
600027.SH,600027,20251209,91510770,0,105301,A,B,51700,200,
600027.SH,600027,20251209,91510770,0,105302,A,B,51800,200,
600027.SH,600027,20251209,91510770,0,105380,A,B,51700,1000,
600027.SH,600027,20251209,91510770,0,105539,A,S,52900,100,
600027.SH,600027,20251209,91510770,0,105540,A,S,53000,100,
600027.SH,600027,20251209,91510770,0,105541,A,S,53100,100,
600027.SH,600027,20251209,91510770,0,105542,A,S,53200,100,
600027.SH,600027,20251209,91510770,0,105543,A,S,53300,100,
600027.SH,600027,20251209,91510770,0,105544,A,S,53400,100,
600027.SH,600027,20251209,91510770,0,105545,A,S,53500,100,
600027.SH,600027,20251209,91510770,0,105546,A,S,53600,100,
600027.SH,600027,20251209,91510770,0,105547,A,S,53700,100,
600027.SH,600027,20251209,91510770,0,105548,A,S,53800,100,
600027.SH,600027,20251209,91510770,0,105549,A,S,53900,100,
600027.SH,600027,20251209,91510770,0,105550,A,S,54000,100,
600027.SH,600027,20251209,91510770,0,105551,A,S,54100,100,
600027.SH,600027,20251209,91510770,0,105552,A,S,54200,100,
600027.SH,600027,20251209,91510770,0,105553,A,S,54300,100,
600027.SH,600027,20251209,91510770,0,105554,A,S,54400,100,
600027.SH,600027,20251209,91510770,0,105555,A,S,54500,100,
600027.SH,600027,20251209,91510770,0,105556,A,S,54600,100,
600027.SH,600027,20251209,91510770,0,105557,A,S,54700,100,
600027.SH,600027,20251209,91510770,0,105558,A,S,54800,100,
600027.SH,600027,20251209,91510770,0,105559,A,S,54900,100,
600027.SH,600027,20251209,91510770,0,105560,A,S,55000,100,
600027.SH,600027,20251209,91510770,0,106071,A,S,53200,6700,
600027.SH,600027,20251209,91510770,0,106131,A,S,53000,1000,
600027.SH,600027,20251209,91510770,0,106487,A,B,51300,2000,
600027.SH,600027,20251209,91510910,0,106766,A,S,52100,10000,
600027.SH,600027,20251209,91510910,0,106909,A,S,53700,10000,
600027.SH,600027,20251209,91510910,0,106910,A,S,53900,10000,
600027.SH,600027,20251209,91510910,0,106948,A,B,51000,2000,
600027.SH,600027,20251209,91510910,0,107057,A,S,54900,2000,
600027.SH,600027,20251209,91510910,0,107434,A,S,54600,2900,
600027.SH,600027,20251209,91510910,0,107942,A,B,52000,200,
600027.SH,600027,20251209,91510910,0,108180,A,B,50700,1100,
600027.SH,600027,20251209,91510910,0,108237,A,S,54000,2000,
600027.SH,600027,20251209,91510910,0,108512,A,B,51700,200,
600027.SH,600027,20251209,91510910,0,108520,A,B,51600,300,
600027.SH,600027,20251209,91510910,0,108525,A,B,50400,5000,
600027.SH,600027,20251209,91510910,0,108594,A,S,55000,2000,
600027.SH,600027,20251209,91511080,0,108708,A,B,51500,600,
600027.SH,600027,20251209,91511080,0,109169,A,B,50000,2000,
600027.SH,600027,20251209,91511080,0,109984,A,S,52200,20000,
600027.SH,600027,20251209,91511080,0,110390,A,B,51600,700,
600027.SH,600027,20251209,91511080,0,110394,A,B,51400,700,
600027.SH,600027,20251209,91511080,0,110423,A,S,56400,2000,
600027.SH,600027,20251209,91511080,0,110478,A,B,51300,800,
600027.SH,600027,20251209,91511080,0,110480,A,B,51200,500,
600027.SH,600027,20251209,91511080,0,110522,A,S,53000,7000,
600027.SH,600027,20251209,91511080,0,110578,A,B,51100,600,
600027.SH,600027,20251209,91511250,0,110641,A,B,51000,700,
600027.SH,600027,20251209,91511250,0,110645,A,B,50800,500,
600027.SH,600027,20251209,91511250,0,110649,A,B,50700,600,
600027.SH,600027,20251209,91511250,0,110653,A,B,50600,900,
600027.SH,600027,20251209,91511250,0,110655,A,B,50500,1000,
600027.SH,600027,20251209,91511250,0,110656,A,B,50400,1100,
600027.SH,600027,20251209,91511250,0,110780,A,B,47900,800,
600027.SH,600027,20251209,91511250,0,110860,A,S,52300,20000,
600027.SH,600027,20251209,91511250,0,110861,A,S,52400,20000,
600027.SH,600027,20251209,91511250,0,110862,A,S,52500,20000,
600027.SH,600027,20251209,91511250,0,110864,A,S,52500,40000,
600027.SH,600027,20251209,91511250,0,110865,A,S,52600,20000,
600027.SH,600027,20251209,91511250,0,110870,A,S,52600,20000,
600027.SH,600027,20251209,91511250,0,110921,A,S,52600,40000,
600027.SH,600027,20251209,91511250,0,110922,A,S,52700,20000,
600027.SH,600027,20251209,91511250,0,110923,A,S,52700,40000,
600027.SH,600027,20251209,91511250,0,110927,A,S,52100,20000,
600027.SH,600027,20251209,91511250,0,110932,A,B,51900,20000,
600027.SH,600027,20251209,91511250,0,110933,A,B,51800,20000,
600027.SH,600027,20251209,91511250,0,110934,A,B,51500,1000,
600027.SH,600027,20251209,91511250,0,110935,A,B,51500,1000,
600027.SH,600027,20251209,91511250,0,110937,A,B,51500,1000,
600027.SH,600027,20251209,91511250,0,110938,A,B,51700,20000,
600027.SH,600027,20251209,91511250,0,110966,A,B,51500,400,
600027.SH,600027,20251209,91511250,0,110969,A,B,51500,300,
600027.SH,600027,20251209,91511250,0,110972,A,S,57000,5000,
600027.SH,600027,20251209,91511250,0,111007,A,B,51100,2500,
600027.SH,600027,20251209,91511250,0,111008,A,B,50600,3000,
600027.SH,600027,20251209,91511250,0,111009,A,B,49900,5000,
600027.SH,600027,20251209,91511250,0,111083,A,S,53700,600,
600027.SH,600027,20251209,91511250,0,111197,A,B,51900,14300,
600027.SH,600027,20251209,91511250,0,111683,A,B,51500,2000,
600027.SH,600027,20251209,91511250,0,111689,A,B,51000,7000,
600027.SH,600027,20251209,91511250,0,112022,A,B,51500,3800,
600027.SH,600027,20251209,91511250,0,112177,A,S,57200,900,
600027.SH,600027,20251209,91511250,0,112216,A,B,51600,20000,
600027.SH,600027,20251209,91511250,0,112238,A,S,57200,500,
600027.SH,600027,20251209,91511250,0,112389,A,B,50300,800,
600027.SH,600027,20251209,91511430,0,112526,A,S,55500,1000,
600027.SH,600027,20251209,91511430,0,112534,A,S,52800,5200,
600027.SH,600027,20251209,91511430,0,112787,A,B,51500,20000,
600027.SH,600027,20251209,91511430,0,112831,A,S,54300,600,
600027.SH,600027,20251209,91511430,0,112845,A,B,51000,1000,
600027.SH,600027,20251209,91511430,0,112858,A,B,50000,2000,
600027.SH,600027,20251209,91511430,0,112926,A,S,56900,1900,
600027.SH,600027,20251209,91511430,0,113085,A,S,52700,2200,
600027.SH,600027,20251209,91511430,0,113252,A,B,51000,3900,
600027.SH,600027,20251209,91511430,0,113514,A,S,57200,5000,
600027.SH,600027,20251209,91511430,0,113874,A,B,51600,1000,
600027.SH,600027,20251209,91511430,0,114045,A,S,52900,300,
600027.SH,600027,20251209,91511430,0,114048,A,S,53900,300,
600027.SH,600027,20251209,91511430,0,114052,A,S,54900,500,
600027.SH,600027,20251209,91511430,0,114102,A,B,51700,4300,
600027.SH,600027,20251209,91511430,0,114128,A,B,51600,500,
600027.SH,600027,20251209,91511430,0,114230,A,S,52100,10000,
600027.SH,600027,20251209,91511600,0,114626,A,S,52500,11700,
600027.SH,600027,20251209,91511600,0,114644,A,S,54800,200,
600027.SH,600027,20251209,91511600,0,114935,A,S,55500,1000,
600027.SH,600027,20251209,91511600,0,115381,A,S,57000,500,
600027.SH,600027,20251209,91511600,0,115814,A,B,51100,800,
600027.SH,600027,20251209,91511600,0,115870,A,S,55000,500,
600027.SH,600027,20251209,91511600,0,115935,A,S,56800,2600,
600027.SH,600027,20251209,91511600,0,116206,A,S,53400,1000,
600027.SH,600027,20251209,91511600,0,116346,A,B,51300,500,
600027.SH,600027,20251209,91511760,0,117141,A,S,56000,9900,
600027.SH,600027,20251209,91511760,0,117389,A,S,52300,500,
600027.SH,600027,20251209,91511760,0,117448,A,B,51700,500,
600027.SH,600027,20251209,91511760,0,117449,A,B,51000,500,
600027.SH,600027,20251209,91511760,0,117599,A,B,51600,900,
600027.SH,600027,20251209,91511760,0,117609,A,B,50200,100,
600027.SH,600027,20251209,91511760,0,117764,A,S,55300,200,
600027.SH,600027,20251209,91511760,0,117792,A,S,57200,6000,
600027.SH,600027,20251209,91511760,0,118050,A,S,57200,2000,
600027.SH,600027,20251209,91511760,0,118051,A,S,56500,2000,
600027.SH,600027,20251209,91511760,0,118080,A,S,55000,6000,
600027.SH,600027,20251209,91511760,0,118166,A,S,55000,1700,
600027.SH,600027,20251209,91511760,0,118185,A,S,55900,2200,
600027.SH,600027,20251209,91511930,0,118437,A,S,57200,1000,
600027.SH,600027,20251209,91511930,0,118441,A,S,55300,1000,
600027.SH,600027,20251209,91511930,0,118817,A,S,55800,500,
600027.SH,600027,20251209,91511930,0,118867,A,B,50000,500,
600027.SH,600027,20251209,91511930,0,119119,A,S,52600,300,
600027.SH,600027,20251209,91511930,0,119123,A,B,51100,100,
600027.SH,600027,20251209,91511930,0,119135,A,B,48100,200,
600027.SH,600027,20251209,91511930,0,119284,A,S,52200,4000,
600027.SH,600027,20251209,91511930,0,119340,A,S,56900,4700,
600027.SH,600027,20251209,91511930,0,119409,A,S,52500,3000,
600027.SH,600027,20251209,91511930,0,119447,A,S,57200,1000,
600027.SH,600027,20251209,91511930,0,119488,A,B,51400,2000,
600027.SH,600027,20251209,91511930,0,119837,A,S,56000,2000,
600027.SH,600027,20251209,91511930,0,119948,A,S,53500,10000,
600027.SH,600027,20251209,91511930,0,120139,A,S,52700,50000,
600027.SH,600027,20251209,91511930,0,120140,A,S,52700,50000,
600027.SH,600027,20251209,91511930,0,120141,A,S,52800,50000,
600027.SH,600027,20251209,91511930,0,120142,A,S,52800,50000,
600027.SH,600027,20251209,91511930,0,120277,A,B,50900,300,
600027.SH,600027,20251209,91511930,0,120313,A,S,57100,300,
600027.SH,600027,20251209,91512100,0,120390,A,S,52500,1000,
600027.SH,600027,20251209,91512100,0,120940,A,B,51500,500,
600027.SH,600027,20251209,91512100,0,121119,A,S,56800,100000,
600027.SH,600027,20251209,91512100,0,121595,A,S,57200,2100,
600027.SH,600027,20251209,91512100,0,121783,A,S,53300,500,
600027.SH,600027,20251209,91512100,0,122257,A,S,57200,1500,
600027.SH,600027,20251209,91512250,0,122304,A,S,53700,1900,
600027.SH,600027,20251209,91512250,0,122305,A,S,54800,1900,
600027.SH,600027,20251209,91512250,0,122307,A,S,55900,1800,
600027.SH,600027,20251209,91512250,0,122309,A,S,57200,1800,
600027.SH,600027,20251209,91512250,0,122465,A,S,57100,4600,
600027.SH,600027,20251209,91512250,0,123593,A,S,55900,2000,
600027.SH,600027,20251209,91512250,0,123653,A,S,57200,400,
600027.SH,600027,20251209,91512250,0,124140,A,S,55500,400,
600027.SH,600027,20251209,91512250,0,124141,A,S,53500,400,
600027.SH,600027,20251209,91512250,0,124175,A,S,52200,10000,
600027.SH,600027,20251209,91512430,0,124311,A,S,53900,800,
600027.SH,600027,20251209,91512430,0,124686,A,S,53800,500,
600027.SH,600027,20251209,91512430,0,124761,A,B,51400,13200,
600027.SH,600027,20251209,91512430,0,126201,A,S,53100,60000,
600027.SH,600027,20251209,91512600,0,126330,A,B,49900,100,
600027.SH,600027,20251209,91512600,0,126333,A,B,49400,200,
600027.SH,600027,20251209,91512600,0,126335,A,B,48800,300,
600027.SH,600027,20251209,91512600,0,126337,A,S,52300,100,
600027.SH,600027,20251209,91512600,0,126896,A,S,54600,200,
600027.SH,600027,20251209,91512600,0,127049,A,B,51600,3000,
600027.SH,600027,20251209,91512600,0,127763,A,B,51600,500,
600027.SH,600027,20251209,91512600,0,127765,A,B,50900,500,
600027.SH,600027,20251209,91512600,0,127902,A,B,50000,500,
600027.SH,600027,20251209,91512600,0,128123,A,B,51500,7200,
600027.SH,600027,20251209,91512780,0,128552,A,S,55400,600,
600027.SH,600027,20251209,91512780,0,128976,A,S,56200,400,
600027.SH,600027,20251209,91512780,0,129057,A,S,57200,400,
600027.SH,600027,20251209,91512880,0,129607,A,B,51200,1600,
600027.SH,600027,20251209,91512880,0,129732,A,S,52800,200,
600027.SH,600027,20251209,91512880,0,129838,A,B,50000,100,
600027.SH,600027,20251209,91512880,0,130014,A,B,49300,1100,
600027.SH,600027,20251209,91512880,0,130015,A,S,54700,1000,
600027.SH,600027,20251209,91512990,0,130136,A,S,57200,100,
600027.SH,600027,20251209,91512990,0,130192,A,S,56000,2000,
600027.SH,600027,20251209,91512990,0,130279,A,S,57200,7600,
600027.SH,600027,20251209,91512990,0,130283,A,B,51600,400,
600027.SH,600027,20251209,91512990,0,130420,A,B,51000,500,
600027.SH,600027,20251209,91512990,0,130439,A,S,57200,500,
600027.SH,600027,20251209,91512990,0,130717,A,S,53800,5000,
600027.SH,600027,20251209,91512990,0,130998,A,S,52100,400,
600027.SH,600027,20251209,91512990,0,131141,A,B,50400,1000,
600027.SH,600027,20251209,91512990,0,131145,A,S,53900,1500,
600027.SH,600027,20251209,91512990,0,131685,A,S,54000,8800,
600027.SH,600027,20251209,91512990,0,131686,A,S,57200,8500,
600027.SH,600027,20251209,91512990,0,131706,A,B,50000,9500,
600027.SH,600027,20251209,91512990,0,131842,A,B,51500,9500,
600027.SH,600027,20251209,91513160,0,132104,A,S,57100,2000,
600027.SH,600027,20251209,91513160,0,132433,A,S,53800,1000,
600027.SH,600027,20251209,91513210,0,132770,A,S,53800,10000,
600027.SH,600027,20251209,91513210,0,132909,A,S,53600,1000,
600027.SH,600027,20251209,91513210,0,133152,A,B,51800,200,
600027.SH,600027,20251209,91513210,0,133153,A,S,53200,200,
600027.SH,600027,20251209,91513210,0,133900,A,B,51600,1000,
600027.SH,600027,20251209,91513210,0,134191,A,B,51200,3000,
600027.SH,600027,20251209,91513210,0,134240,A,S,53900,2000,
600027.SH,600027,20251209,91513390,0,134615,A,B,51000,2000,
600027.SH,600027,20251209,91513390,0,134987,A,B,51500,1000,
600027.SH,600027,20251209,91513390,0,134989,A,B,50500,2000,
600027.SH,600027,20251209,91513500,0,135696,A,S,54000,2900,
600027.SH,600027,20251209,91513500,0,135698,A,S,55200,2900,
600027.SH,600027,20251209,91513500,0,135772,A,S,52600,9200,
600027.SH,600027,20251209,91513500,0,135784,A,B,51300,8000,
600027.SH,600027,20251209,91513500,0,135808,A,S,56500,1100,
600027.SH,600027,20251209,91513500,0,135891,A,S,56300,2600,
600027.SH,600027,20251209,91513500,0,135959,A,B,51000,500,
600027.SH,600027,20251209,91513500,0,135960,A,B,51500,200,
600027.SH,600027,20251209,91513500,0,136188,A,S,56600,2000,
600027.SH,600027,20251209,91513500,0,136314,A,B,50900,400,
600027.SH,600027,20251209,91513500,0,136377,A,B,51200,2000,
600027.SH,600027,20251209,91513500,0,136478,A,S,55000,300,
600027.SH,600027,20251209,91513500,0,136662,A,S,54600,2900,
600027.SH,600027,20251209,91513500,0,136850,A,S,52100,4000,
600027.SH,600027,20251209,91513500,0,136855,A,S,52300,2000,
600027.SH,600027,20251209,91513500,0,136857,A,S,52200,1500,
600027.SH,600027,20251209,91513500,0,137137,A,B,51000,4100,
600027.SH,600027,20251209,91513500,0,137213,A,B,50000,500,
600027.SH,600027,20251209,91513660,0,137594,A,B,51100,1000,
600027.SH,600027,20251209,91513660,0,137623,A,S,55100,800,
600027.SH,600027,20251209,91513660,0,137683,A,B,51500,3000,
600027.SH,600027,20251209,91513660,0,137768,A,S,52400,2000,
600027.SH,600027,20251209,91513660,0,137984,A,S,52500,2000,
600027.SH,600027,20251209,91513660,0,138021,A,S,53500,300,
600027.SH,600027,20251209,91513660,0,138022,A,S,54300,300,
600027.SH,600027,20251209,91513660,0,138298,A,S,56000,4500,
600027.SH,600027,20251209,91513660,0,138831,A,B,50800,190800,
600027.SH,600027,20251209,91513660,0,139013,A,S,54000,100,
600027.SH,600027,20251209,91513850,0,139391,A,S,53000,1000,
600027.SH,600027,20251209,91513850,0,139598,A,B,50500,400,
600027.SH,600027,20251209,91513850,0,139599,A,S,55000,400,
600027.SH,600027,20251209,91513850,0,140161,A,B,51200,3000,
600027.SH,600027,20251209,91513850,0,140219,A,S,57200,1000,
600027.SH,600027,20251209,91513850,0,140939,A,S,52500,4300,
600027.SH,600027,20251209,91513850,0,141092,A,B,48500,400,
600027.SH,600027,20251209,91513850,0,141095,A,S,55000,300,
600027.SH,600027,20251209,91513850,0,141096,A,S,57200,300,
600027.SH,600027,20251209,91513850,0,141120,A,B,51200,2000,
600027.SH,600027,20251209,91514040,0,141228,A,B,50600,500,
600027.SH,600027,20251209,91514040,0,141368,A,S,57200,7500,
600027.SH,600027,20251209,91514040,0,141404,A,B,52000,500,
600027.SH,600027,20251209,91514040,0,141622,A,B,50600,2000,
600027.SH,600027,20251209,91514040,0,142077,A,B,51000,5000,
600027.SH,600027,20251209,91514040,0,142079,A,S,52900,5000,
600027.SH,600027,20251209,91514040,0,142080,A,S,53500,5000,
600027.SH,600027,20251209,91514040,0,142082,A,S,54100,5000,
600027.SH,600027,20251209,91514040,0,142083,A,S,57200,10000,
600027.SH,600027,20251209,91514040,0,142460,A,S,52400,2000,
600027.SH,600027,20251209,91514040,0,142461,A,S,52500,2000,
600027.SH,600027,20251209,91514040,0,142465,A,S,52600,2000,
600027.SH,600027,20251209,91514040,0,142467,A,S,52700,2000,
600027.SH,600027,20251209,91514040,0,142468,A,S,52800,2000,
600027.SH,600027,20251209,91514160,0,142675,A,S,56500,5100,
600027.SH,600027,20251209,91514160,0,142719,A,S,56900,400,
600027.SH,600027,20251209,91514160,0,142998,A,B,51500,3000,
600027.SH,600027,20251209,91514160,0,143006,A,B,50800,3500,
600027.SH,600027,20251209,91514160,0,143038,A,S,53300,3000,
600027.SH,600027,20251209,91514160,0,143123,A,B,51800,5000,
600027.SH,600027,20251209,91514160,0,143290,A,S,53300,1000,
600027.SH,600027,20251209,91514160,0,143354,A,B,51300,3000,
600027.SH,600027,20251209,91514160,0,143360,A,S,57200,700,
600027.SH,600027,20251209,91514160,0,143603,A,S,53600,7500,
600027.SH,600027,20251209,91514160,0,143992,A,S,57200,7500,
600027.SH,600027,20251209,91514160,0,144175,A,S,56600,100,
600027.SH,600027,20251209,91514310,0,144597,A,S,57200,5000,
600027.SH,600027,20251209,91514310,0,144971,A,S,53500,100,
600027.SH,600027,20251209,91514310,0,144972,A,B,50500,100,
600027.SH,600027,20251209,91514310,0,144995,A,S,52800,10000,
600027.SH,600027,20251209,91514310,0,145172,A,S,57200,200,
600027.SH,600027,20251209,91514310,0,145188,A,B,52800,1000,
600027.SH,600027,20251209,91514310,0,145363,A,S,57100,1900,
600027.SH,600027,20251209,91514310,0,145526,A,S,53000,2000,
600027.SH,600027,20251209,91514310,0,145654,A,B,51800,400,
600027.SH,600027,20251209,91514310,0,145660,A,S,52600,2000,
600027.SH,600027,20251209,91514310,0,146246,A,S,52500,2000,
600027.SH,600027,20251209,91514500,0,147211,A,S,53000,900,
600027.SH,600027,20251209,91514500,0,147619,A,B,51000,1000,
600027.SH,600027,20251209,91514500,0,147620,A,B,51500,1000,
600027.SH,600027,20251209,91514500,0,147647,A,S,54100,4200,
600027.SH,600027,20251209,91514500,0,147648,A,S,57200,4200,
600027.SH,600027,20251209,91514500,0,147716,A,B,51400,500,
600027.SH,600027,20251209,91514500,0,147834,A,S,51700,100,
600027.SH,600027,20251209,91514500,0,147909,A,S,53900,7700,
600027.SH,600027,20251209,91514500,0,148021,A,S,56300,20000,
600027.SH,600027,20251209,91514500,0,148372,A,B,49600,1000,
600027.SH,600027,20251209,91514670,0,148400,A,S,53600,8000,
600027.SH,600027,20251209,91514670,0,148403,A,S,53900,7000,
600027.SH,600027,20251209,91514670,0,148788,A,S,55500,1000,
600027.SH,600027,20251209,91514670,0,148803,A,S,57200,2000,
600027.SH,600027,20251209,91514670,0,149123,A,S,53300,400,
600027.SH,600027,20251209,91514670,0,149129,A,S,53200,100,
600027.SH,600027,20251209,91514670,0,149200,A,S,52100,4000,
600027.SH,600027,20251209,91514670,0,149208,A,S,52200,4000,
600027.SH,600027,20251209,91514670,0,149211,A,S,52500,4000,
600027.SH,600027,20251209,91514670,0,149247,A,B,50000,1000,
600027.SH,600027,20251209,91514670,0,149553,A,B,52000,100,
600027.SH,600027,20251209,91514670,0,149642,A,B,50300,1000,
600027.SH,600027,20251209,91514670,0,149971,A,B,50200,7800,
600027.SH,600027,20251209,91514670,0,150050,A,S,55600,7500,
600027.SH,600027,20251209,91514670,0,150051,A,S,57000,100,
600027.SH,600027,20251209,91514850,0,150928,A,S,55000,2000,
600027.SH,600027,20251209,91514850,0,151710,A,B,51300,17500,
600027.SH,600027,20251209,91514850,0,151715,A,B,51100,17600,
600027.SH,600027,20251209,91514850,0,151765,A,S,53700,2000,
600027.SH,600027,20251209,91514850,0,152121,A,B,51600,2000,
600027.SH,600027,20251209,91514850,0,152291,A,S,53000,4000,
600027.SH,600027,20251209,91515040,0,152884,A,S,53500,200,
600027.SH,600027,20251209,91515040,0,152899,A,S,55000,10000,
600027.SH,600027,20251209,91515040,0,152905,A,S,55500,11100,
600027.SH,600027,20251209,91515040,0,153568,A,S,57000,1000,
600027.SH,600027,20251209,91515040,0,153598,A,S,57200,1000,
600027.SH,600027,20251209,91515040,0,153714,A,S,57000,14900,
600027.SH,600027,20251209,91515040,0,153735,A,S,56000,11100,
600027.SH,600027,20251209,91515040,0,153883,A,B,51000,300,
600027.SH,600027,20251209,91515040,0,153884,A,B,50700,300,
600027.SH,600027,20251209,91515040,0,153886,A,B,50400,300,
600027.SH,600027,20251209,91515040,0,153887,A,B,50000,800,
600027.SH,600027,20251209,91515040,0,153888,A,S,53600,200,
600027.SH,600027,20251209,91515040,0,153890,A,S,53900,200,
600027.SH,600027,20251209,91515040,0,154180,A,S,56500,11100,
600027.SH,600027,20251209,91515260,0,154294,A,B,51000,10000,
600027.SH,600027,20251209,91515260,0,154381,A,S,53300,300,
600027.SH,600027,20251209,91515260,0,154513,A,S,53300,5000,
600027.SH,600027,20251209,91515260,0,154526,A,S,57000,11200,
600027.SH,600027,20251209,91515260,0,154663,A,B,51100,4000,
600027.SH,600027,20251209,91515260,0,154674,A,S,54800,4000,
600027.SH,600027,20251209,91515260,0,154813,A,B,50900,500,
600027.SH,600027,20251209,91515260,0,154962,A,S,52900,2800,
600027.SH,600027,20251209,91515260,0,155079,A,S,57100,2600,
600027.SH,600027,20251209,91515260,0,155312,A,S,53000,800,
600027.SH,600027,20251209,91515260,0,155496,A,B,51400,1000,
600027.SH,600027,20251209,91515260,0,155521,A,S,57200,5500,
600027.SH,600027,20251209,91515260,0,155535,A,B,49500,100,
600027.SH,600027,20251209,91515260,0,155633,A,B,51100,4000,
600027.SH,600027,20251209,91515260,0,155745,A,B,49100,2100,
600027.SH,600027,20251209,91515260,0,155891,A,S,57200,1500,
600027.SH,600027,20251209,91515260,0,155976,A,B,51700,5000,
600027.SH,600027,20251209,91515260,0,156023,A,S,54200,1000,
600027.SH,600027,20251209,91515260,0,156036,A,S,54500,1000,
600027.SH,600027,20251209,91515260,0,156037,A,S,54800,2000,
600027.SH,600027,20251209,91515430,0,156256,A,S,52800,4000,
600027.SH,600027,20251209,91515430,0,156373,A,S,55100,2000,
600027.SH,600027,20251209,91515430,0,156379,A,S,55300,2000,
600027.SH,600027,20251209,91515430,0,156380,A,S,55600,2000,
600027.SH,600027,20251209,91515430,0,156688,A,B,51800,100,
600027.SH,600027,20251209,91515430,0,156689,A,S,52700,100,
600027.SH,600027,20251209,91515430,0,156747,A,S,55900,2000,
600027.SH,600027,20251209,91515430,0,156861,A,S,53300,6000,
600027.SH,600027,20251209,91515430,0,157168,A,B,51500,200,
600027.SH,600027,20251209,91515430,0,157169,A,B,51400,200,
600027.SH,600027,20251209,91515430,0,157200,A,S,56200,2000,
600027.SH,600027,20251209,91515430,0,158064,A,S,56500,2000,
600027.SH,600027,20251209,91515430,0,158065,A,S,56800,2000,
600027.SH,600027,20251209,91515430,0,158066,A,S,57100,2000,
600027.SH,600027,20251209,91515590,0,158083,A,B,51600,500,
600027.SH,600027,20251209,91515590,0,158084,A,B,50100,1000,
600027.SH,600027,20251209,91515590,0,158504,A,S,53000,1000,
600027.SH,600027,20251209,91515590,0,158512,A,B,51000,1000,
600027.SH,600027,20251209,91515590,0,158939,A,S,53000,1000,
600027.SH,600027,20251209,91515590,0,158955,A,B,50000,1000,
600027.SH,600027,20251209,91515590,0,159516,A,S,52900,2000,
600027.SH,600027,20251209,91515590,0,159525,A,S,53300,2000,
600027.SH,600027,20251209,91515590,0,159526,A,B,51600,2000,
600027.SH,600027,20251209,91515590,0,159603,A,B,51500,5000,
600027.SH,600027,20251209,91515590,0,159655,A,S,57200,200,
600027.SH,600027,20251209,91515590,0,159664,A,B,51600,2000,
600027.SH,600027,20251209,91515590,0,159665,A,B,51000,2000,
600027.SH,600027,20251209,91515590,0,159830,A,S,55200,200,
600027.SH,600027,20251209,91515590,0,159837,A,S,53200,200,
600027.SH,600027,20251209,91515590,0,159839,A,B,46800,300,
600027.SH,600027,20251209,91515590,0,159845,A,B,49300,300,
600027.SH,600027,20251209,91515590,0,159846,A,B,50300,200,
600027.SH,600027,20251209,91515770,0,160171,A,S,56000,12000,
600027.SH,600027,20251209,91515770,0,160398,A,S,53800,1100,
600027.SH,600027,20251209,91515770,0,160443,A,S,55400,6100,
600027.SH,600027,20251209,91515770,0,160548,A,S,57200,110000,
600027.SH,600027,20251209,91515770,0,160943,A,S,56400,6100,
600027.SH,600027,20251209,91515770,0,161089,A,S,57200,6100,
600027.SH,600027,20251209,91515770,0,161558,A,S,56500,100,
600027.SH,600027,20251209,91515770,0,161809,A,S,57200,1000,
600027.SH,600027,20251209,91515950,0,161940,A,S,52500,30000,
600027.SH,600027,20251209,91515950,0,161941,A,S,52900,17100,
600027.SH,600027,20251209,91515950,0,162085,A,B,51200,30000,
600027.SH,600027,20251209,91515950,0,162783,A,B,51500,1000,
600027.SH,600027,20251209,91515950,0,162935,A,S,52500,3000,
600027.SH,600027,20251209,91516100,0,164488,A,B,51800,100,
600027.SH,600027,20251209,91516100,0,164833,A,S,54100,2000,
600027.SH,600027,20251209,91516100,0,164861,A,B,51000,1000,
600027.SH,600027,20251209,91516290,0,165271,A,S,56000,400,
600027.SH,600027,20251209,91516290,0,165285,A,B,51000,100,
600027.SH,600027,20251209,91516290,0,165308,A,S,53100,2000,
600027.SH,600027,20251209,91516290,0,165328,A,B,50800,2000,
600027.SH,600027,20251209,91516290,0,165415,A,S,53000,1000,
600027.SH,600027,20251209,91516290,0,165421,A,S,53000,3100,
600027.SH,600027,20251209,91516290,0,165426,A,B,51000,3500,
600027.SH,600027,20251209,91516290,0,165459,A,S,53500,2000,
600027.SH,600027,20251209,91516290,0,165479,A,B,51800,2000,
600027.SH,600027,20251209,91516290,0,165480,A,B,51600,2000,
600027.SH,600027,20251209,91516290,0,165580,A,B,51000,2000,
600027.SH,600027,20251209,91516290,0,165702,A,S,54800,1500,
600027.SH,600027,20251209,91516290,0,165837,A,S,54300,400,
600027.SH,600027,20251209,91516290,0,166188,A,B,51400,2000,
600027.SH,600027,20251209,91516290,0,166189,A,B,51200,2000,
600027.SH,600027,20251209,91516290,0,166610,A,B,51100,1000,
600027.SH,600027,20251209,91516440,0,166809,A,B,51700,1000,
600027.SH,600027,20251209,91516440,0,166810,A,B,51400,1000,
600027.SH,600027,20251209,91516500,0,167032,A,B,47600,8000,
600027.SH,600027,20251209,91516500,0,167075,A,B,51100,1500,
600027.SH,600027,20251209,91516500,0,167076,A,S,52700,10000,
600027.SH,600027,20251209,91516500,0,167079,A,S,52600,10000,
600027.SH,600027,20251209,91516500,0,167407,A,S,57200,50800,
600027.SH,600027,20251209,91516570,0,168062,A,S,52500,20000,
600027.SH,600027,20251209,91516570,0,168141,A,B,50300,1600,
600027.SH,600027,20251209,91516570,0,168511,A,B,50900,9700,
600027.SH,600027,20251209,91516570,0,168578,A,B,51300,2000,
600027.SH,600027,20251209,91516570,0,168579,A,S,57000,400,
600027.SH,600027,20251209,91516570,0,168580,A,S,56500,400,
600027.SH,600027,20251209,91516570,0,168614,A,S,52000,1400,
600027.SH,600027,20251209,91516570,0,168635,A,B,50800,3000,
600027.SH,600027,20251209,91516570,0,168693,A,S,56000,3000,
600027.SH,600027,20251209,91516570,0,168739,A,B,49500,3000,
600027.SH,600027,20251209,91516570,0,168856,A,B,53400,300,
600027.SH,600027,20251209,91516570,0,168885,A,B,53400,700,
600027.SH,600027,20251209,91516570,0,168996,A,B,46800,3000,
600027.SH,600027,20251209,91516570,0,169258,A,B,47000,200,
600027.SH,600027,20251209,91516570,0,169286,A,B,51700,3000,
600027.SH,600027,20251209,91516570,0,169350,A,B,51200,1600,
600027.SH,600027,20251209,91516570,0,169583,A,S,57200,500,
600027.SH,600027,20251209,91516750,0,169757,A,S,57000,200,
600027.SH,600027,20251209,91516800,0,170097,A,S,52300,10000,
600027.SH,600027,20251209,91516800,0,170320,A,B,51500,3000,
600027.SH,600027,20251209,91516800,0,170596,A,S,54900,16000,
600027.SH,600027,20251209,91516800,0,170730,A,B,51900,2000,
600027.SH,600027,20251209,91516800,0,170876,A,S,52400,10000,
600027.SH,600027,20251209,91516800,0,171364,A,S,57200,1000,
600027.SH,600027,20251209,91516800,0,171700,A,B,46800,500,
600027.SH,600027,20251209,91516990,0,171984,A,S,52800,17300,
600027.SH,600027,20251209,91517030,0,172194,A,B,51400,3700,
600027.SH,600027,20251209,91517030,0,172195,A,B,51200,3900,
600027.SH,600027,20251209,91517030,0,173132,A,S,53100,200,
600027.SH,600027,20251209,91517030,0,173133,A,S,54000,200,
600027.SH,600027,20251209,91517030,0,173157,A,B,51900,3000,
600027.SH,600027,20251209,91517030,0,173273,A,B,51700,3000,
600027.SH,600027,20251209,91517030,0,173325,A,S,53600,10000,
600027.SH,600027,20251209,91517030,0,173344,A,B,50500,20000,
600027.SH,600027,20251209,91517170,0,173526,A,B,50300,1200,
600027.SH,600027,20251209,91517170,0,173645,A,S,52600,1000,
600027.SH,600027,20251209,91517170,0,173743,A,B,50100,400,
600027.SH,600027,20251209,91517170,0,173810,A,S,55000,500,
600027.SH,600027,20251209,91517170,0,173990,A,B,51000,300,
600027.SH,600027,20251209,91517170,0,174362,A,B,51700,6700,
600027.SH,600027,20251209,91517170,0,174426,A,S,55500,1000,
600027.SH,600027,20251209,91517170,0,174429,A,S,56300,1500,
600027.SH,600027,20251209,91517170,0,174776,A,S,53300,1200,
600027.SH,600027,20251209,91517170,0,175206,A,B,51500,100,
600027.SH,600027,20251209,91517170,0,175283,A,S,52200,1000,
600027.SH,600027,20251209,91517350,0,175406,A,S,52400,1000,
600027.SH,600027,20251209,91517350,0,175621,A,S,55000,500,
600027.SH,600027,20251209,91517350,0,175845,A,S,51900,300,
600027.SH,600027,20251209,91517350,0,176389,A,S,57200,400,
600027.SH,600027,20251209,91517350,0,176688,A,B,50000,16500,
600027.SH,600027,20251209,91517350,0,177238,A,S,57200,2900,
600027.SH,600027,20251209,91517520,0,177312,A,B,51500,500,
600027.SH,600027,20251209,91517520,0,177313,A,S,52800,500,
600027.SH,600027,20251209,91517520,0,177314,A,S,53300,500,
600027.SH,600027,20251209,91517520,0,177387,A,S,53600,3700,
600027.SH,600027,20251209,91517520,0,177752,A,S,57200,1000,
600027.SH,600027,20251209,91517520,0,177841,A,S,52400,200000,
600027.SH,600027,20251209,91517520,0,178219,A,S,53000,700,
600027.SH,600027,20251209,91517520,0,179011,A,S,53500,3000,
600027.SH,600027,20251209,91517520,0,179113,A,S,52300,37000,
600027.SH,600027,20251209,91517710,0,179240,A,S,53900,3200,
600027.SH,600027,20251209,91517710,0,179424,A,B,51700,1000,
600027.SH,600027,20251209,91517710,0,179425,A,B,51300,1000,
600027.SH,600027,20251209,91517710,0,180504,A,S,57100,900,
600027.SH,600027,20251209,91517710,0,180755,A,S,57200,5500,
600027.SH,600027,20251209,91517710,0,181022,A,B,51200,1000,
600027.SH,600027,20251209,91517710,0,181023,A,B,51500,1000,
600027.SH,600027,20251209,91517710,0,181050,A,S,52800,900,
600027.SH,600027,20251209,91517710,0,181093,A,B,50200,100,
600027.SH,600027,20251209,91517710,0,181104,A,B,50500,1000,
600027.SH,600027,20251209,91517890,0,181686,A,S,53900,4800,
600027.SH,600027,20251209,91517890,0,181898,A,S,54200,7000,
600027.SH,600027,20251209,91517890,0,182030,A,S,54500,10400,
600027.SH,600027,20251209,91517890,0,182296,A,S,54600,5200,
600027.SH,600027,20251209,91517890,0,182404,A,S,54100,200,
600027.SH,600027,20251209,91517890,0,182406,A,S,54400,200,
600027.SH,600027,20251209,91517890,0,182407,A,S,54700,200,
600027.SH,600027,20251209,91517890,0,182408,A,S,55000,200,
600027.SH,600027,20251209,91517890,0,182409,A,S,55300,200,
600027.SH,600027,20251209,91517890,0,182411,A,S,55600,200,
600027.SH,600027,20251209,91517890,0,182412,A,S,56000,300,
600027.SH,600027,20251209,91517890,0,182716,A,B,50000,5500,
600027.SH,600027,20251209,91517890,0,182846,A,B,50000,5000,
600027.SH,600027,20251209,91517890,0,183085,A,S,46800,100,
600027.SH,600027,20251209,91518090,0,183902,A,B,51400,20000,
600027.SH,600027,20251209,91518090,0,183903,A,S,52600,10000,
600027.SH,600027,20251209,91518090,0,183978,A,B,46800,200,
600027.SH,600027,20251209,91518090,0,184461,A,S,53100,2500,
600027.SH,600027,20251209,91518090,0,184462,A,S,53200,2400,
600027.SH,600027,20251209,91518090,0,184569,A,B,50900,2000,
600027.SH,600027,20251209,91518090,0,184603,A,S,53100,1000,
600027.SH,600027,20251209,91518250,0,185144,A,S,52700,1000,
600027.SH,600027,20251209,91518250,0,185177,A,S,54800,15000,
600027.SH,600027,20251209,91518250,0,185191,A,S,57200,2000,
600027.SH,600027,20251209,91518250,0,185194,A,S,57200,2000,
600027.SH,600027,20251209,91518250,0,185283,A,B,51400,10000,
600027.SH,600027,20251209,91518250,0,185402,A,S,57200,1700,
600027.SH,600027,20251209,91518340,0,185501,A,S,53300,5000,
600027.SH,600027,20251209,91518340,0,185838,A,S,52100,20000,
600027.SH,600027,20251209,91518340,0,185978,A,S,52200,24000,
600027.SH,600027,20251209,91518340,0,186376,A,S,52200,24000,
600027.SH,600027,20251209,91518340,0,186628,A,B,51200,4000,
600027.SH,600027,20251209,91518340,0,186633,A,B,51000,4500,
600027.SH,600027,20251209,91518340,0,186972,A,S,54100,2000,
600027.SH,600027,20251209,91518340,0,187294,A,S,57200,100,
600027.SH,600027,20251209,91518520,0,187585,A,B,51700,5000,
600027.SH,600027,20251209,91518520,0,187606,A,B,51300,5000,
600027.SH,600027,20251209,91518520,0,187830,A,B,50900,5000,
600027.SH,600027,20251209,91518520,0,187957,A,S,55500,6500,
600027.SH,600027,20251209,91518520,0,188024,A,B,51600,500,
600027.SH,600027,20251209,91518520,0,188025,A,S,53600,500,
600027.SH,600027,20251209,91518520,0,188036,A,S,52300,3500,
600027.SH,600027,20251209,91518520,0,188037,A,S,52500,4500,
600027.SH,600027,20251209,91518520,0,188110,A,S,57200,1400,
600027.SH,600027,20251209,91518520,0,188267,A,S,52900,9400,
600027.SH,600027,20251209,91518520,0,188285,A,S,52900,9400,
600027.SH,600027,20251209,91518630,0,188464,A,S,57200,2000,
600027.SH,600027,20251209,91518630,0,188519,A,S,55100,1600,
600027.SH,600027,20251209,91518630,0,188723,A,B,51800,300,
600027.SH,600027,20251209,91518630,0,188724,A,B,51700,200,
600027.SH,600027,20251209,91518630,0,188725,A,B,51600,300,
600027.SH,600027,20251209,91518630,0,189049,A,S,52500,300,
600027.SH,600027,20251209,91518630,0,189050,A,S,52400,200,
600027.SH,600027,20251209,91518630,0,189057,A,B,51800,1000,
600027.SH,600027,20251209,91518630,0,189403,A,S,52400,1300,
600027.SH,600027,20251209,91518630,0,189534,A,B,52300,200,
600027.SH,600027,20251209,91518630,0,189558,A,B,52200,200,
600027.SH,600027,20251209,91518630,0,189618,A,B,52100,200,
600027.SH,600027,20251209,91518630,0,189619,A,B,52000,200,
600027.SH,600027,20251209,91518630,0,189667,A,B,51900,200,
600027.SH,600027,20251209,91518630,0,189669,A,B,51800,200,
600027.SH,600027,20251209,91518630,0,189672,A,B,51700,200,
600027.SH,600027,20251209,91518630,0,190021,A,B,50300,2900,
600027.SH,600027,20251209,91518630,0,190062,A,B,51500,3000,
600027.SH,600027,20251209,91518630,0,190087,A,B,51200,3000,
600027.SH,600027,20251209,91518630,0,190104,A,B,51600,200,
600027.SH,600027,20251209,91518630,0,190116,A,B,51500,200,
600027.SH,600027,20251209,91518630,0,190117,A,B,51400,200,
600027.SH,600027,20251209,91518630,0,190277,A,S,55900,500,
600027.SH,600027,20251209,91518830,0,190333,A,B,51300,200,
600027.SH,600027,20251209,91518830,0,190659,A,S,54100,1000,
600027.SH,600027,20251209,91518830,0,190664,A,S,55100,1000,
600027.SH,600027,20251209,91518830,0,190759,A,S,52800,8100,
600027.SH,600027,20251209,91518830,0,191238,A,B,51600,20400,
600027.SH,600027,20251209,91518830,0,191811,A,S,56600,3000,
600027.SH,600027,20251209,91518830,0,191879,A,B,50800,300,
600027.SH,600027,20251209,91518830,0,192011,A,B,51400,4000,
600027.SH,600027,20251209,91518830,0,192033,A,S,57200,1100,
600027.SH,600027,20251209,91518830,0,192057,A,B,51200,3000,
600027.SH,600027,20251209,91518830,0,192087,A,B,50800,600,
600027.SH,600027,20251209,91519110,0,192905,A,B,53500,900,
600027.SH,600027,20251209,91519110,0,193248,A,S,53600,1500,
600027.SH,600027,20251209,91519110,0,193293,A,S,56700,2600,
600027.SH,600027,20251209,91519110,0,193422,A,S,57200,600,
600027.SH,600027,20251209,91519110,0,193648,A,B,49600,1100,
600027.SH,600027,20251209,91519110,0,193818,A,S,53100,2000,
600027.SH,600027,20251209,91519110,0,193829,A,B,51800,2600,
600027.SH,600027,20251209,91519110,0,194322,A,S,52400,5000,
600027.SH,600027,20251209,91519110,0,194625,A,B,51700,1000,
600027.SH,600027,20251209,91519300,0,194906,A,B,51700,10000,
600027.SH,600027,20251209,91519300,0,195351,A,S,52200,2000,
600027.SH,600027,20251209,91519300,0,195400,A,S,53300,2600,
600027.SH,600027,20251209,91519300,0,195555,A,B,51300,3000,
600027.SH,600027,20251209,91519300,0,195607,A,S,52200,2000,
600027.SH,600027,20251209,91519300,0,195719,A,B,51300,300,
600027.SH,600027,20251209,91519300,0,195742,A,S,53200,44200,
600027.SH,600027,20251209,91519300,0,195745,A,S,52900,20000,
600027.SH,600027,20251209,91519300,0,196002,A,S,53500,20000,
600027.SH,600027,20251209,91519300,0,196014,A,S,54300,11000,
600027.SH,600027,20251209,91519300,0,196314,A,B,50500,1000,
600027.SH,600027,20251209,91519300,0,196558,A,B,51000,5000,
600027.SH,600027,20251209,91519300,0,196559,A,S,53000,1000,
600027.SH,600027,20251209,91519300,0,196560,A,S,53500,500,
600027.SH,600027,20251209,91519300,0,196561,A,S,54000,500,
600027.SH,600027,20251209,91519500,0,196704,A,S,52500,900,
600027.SH,600027,20251209,91519500,0,196963,A,B,51900,1000,
600027.SH,600027,20251209,91519500,0,197459,A,B,51400,10000,
600027.SH,600027,20251209,91519500,0,197466,A,B,48700,4000,
600027.SH,600027,20251209,91519500,0,197714,A,S,53000,1000,
600027.SH,600027,20251209,91519500,0,197717,A,S,54000,1000,
600027.SH,600027,20251209,91519500,0,197769,A,S,57200,500,
600027.SH,600027,20251209,91519500,0,197801,A,B,51100,10000,
600027.SH,600027,20251209,91519500,0,197889,A,S,54900,200,
600027.SH,600027,20251209,91519690,0,198588,A,B,49800,1000,
600027.SH,600027,20251209,91519690,0,198737,A,S,52700,2000,
600027.SH,600027,20251209,91519690,0,198971,A,B,51500,1000,
600027.SH,600027,20251209,91519690,0,199044,A,S,52800,2000,
600027.SH,600027,20251209,91519690,0,199097,A,S,52900,2000,
600027.SH,600027,20251209,91519690,0,199215,A,S,53200,2000,
600027.SH,600027,20251209,91519690,0,199430,A,B,51700,10000,
600027.SH,600027,20251209,91519690,0,199434,A,B,51300,3000,
600027.SH,600027,20251209,91519690,0,199435,A,S,53800,3000,
600027.SH,600027,20251209,91519690,0,199542,A,B,51500,2000,
600027.SH,600027,20251209,91519690,0,199546,A,S,53500,5000,
600027.SH,600027,20251209,91519690,0,200150,A,S,56000,3000,
600027.SH,600027,20251209,91519690,0,200449,A,S,52900,400,
600027.SH,600027,20251209,91519890,0,200522,A,S,53000,10000,
600027.SH,600027,20251209,91519890,0,200631,A,S,53500,10000,
600027.SH,600027,20251209,91519890,0,200760,A,B,51500,600,
600027.SH,600027,20251209,91519890,0,200850,A,B,51100,600,
600027.SH,600027,20251209,91519890,0,200890,A,S,53700,800,
600027.SH,600027,20251209,91519890,0,201021,A,B,51700,1100,
600027.SH,600027,20251209,91519890,0,201208,A,B,49100,200,
600027.SH,600027,20251209,91519890,0,201289,A,S,55800,7000,
600027.SH,600027,20251209,91519890,0,201290,A,S,56800,7000,
600027.SH,600027,20251209,91519890,0,201291,A,S,57200,7000,
600027.SH,600027,20251209,91519890,0,201950,A,B,49500,200,
600027.SH,600027,20251209,91519890,0,202197,A,S,56500,100,
600027.SH,600027,20251209,91519890,0,202362,A,S,53800,3000,
600027.SH,600027,20251209,91520080,0,202854,A,B,51200,200,
600027.SH,600027,20251209,91520080,0,202872,A,S,55600,2000,
600027.SH,600027,20251209,91520080,0,202909,A,S,57200,5200,
600027.SH,600027,20251209,91520080,0,203494,A,S,53900,30000,
600027.SH,600027,20251209,91520080,0,203750,A,S,52600,5000,
600027.SH,600027,20251209,91520290,0,204342,A,S,57200,300,
600027.SH,600027,20251209,91520360,0,204509,A,S,52900,300,
600027.SH,600027,20251209,91520380,0,204654,A,S,53200,4000,
600027.SH,600027,20251209,91520380,0,205198,A,S,53600,2000,
600027.SH,600027,20251209,91520380,0,205783,A,S,52500,200000,
600027.SH,600027,20251209,91520380,0,205978,A,S,53500,1000,
600027.SH,600027,20251209,91520380,0,205985,A,S,52700,10000,
600027.SH,600027,20251209,91520380,0,206001,A,S,56000,500,
600027.SH,600027,20251209,91520380,0,206021,A,S,52700,2000,
600027.SH,600027,20251209,91520380,0,206034,A,S,53100,16000,
600027.SH,600027,20251209,91520380,0,206085,A,S,52600,10000,
600027.SH,600027,20251209,91520380,0,206087,A,B,51000,300,
600027.SH,600027,20251209,91520560,0,206566,A,S,52400,100,
600027.SH,600027,20251209,91520560,0,206650,A,S,57200,200,
600027.SH,600027,20251209,91520560,0,206752,A,S,54700,2000,
600027.SH,600027,20251209,91520560,0,206755,A,S,53500,500,
600027.SH,600027,20251209,91520560,0,207123,A,S,52200,9600,
600027.SH,600027,20251209,91520560,0,207190,A,S,54500,500,
600027.SH,600027,20251209,91520660,0,207447,A,S,56900,1600,
600027.SH,600027,20251209,91520660,0,207555,A,B,51500,300000,
600027.SH,600027,20251209,91520660,0,207679,A,B,51600,200,
600027.SH,600027,20251209,91520660,0,207773,A,S,52400,100,
600027.SH,600027,20251209,91520660,0,207846,A,B,50300,800,
600027.SH,600027,20251209,91520660,0,207942,A,B,51200,200,
600027.SH,600027,20251209,91520660,0,208188,A,B,53100,400,
600027.SH,600027,20251209,91520660,0,208214,A,S,52600,10000,
600027.SH,600027,20251209,91520660,0,208227,A,B,51500,5000,
600027.SH,600027,20251209,91520660,0,208387,A,B,52000,100,
600027.SH,600027,20251209,91520660,0,208440,A,S,53300,1900,
600027.SH,600027,20251209,91520660,0,208499,A,B,51300,5000,
600027.SH,600027,20251209,91520660,0,208659,A,B,50300,400,
600027.SH,600027,20251209,91520660,0,208671,A,S,53500,1000,
600027.SH,600027,20251209,91520660,0,208945,A,S,52700,1900,
600027.SH,600027,20251209,91520660,0,208946,A,S,52200,200,
600027.SH,600027,20251209,91520660,0,209069,A,S,52800,2000,
600027.SH,600027,20251209,91520860,0,209279,A,B,51000,100,
600027.SH,600027,20251209,91520950,0,209860,A,B,50000,200,
600027.SH,600027,20251209,91520950,0,209965,A,S,52400,2000,
600027.SH,600027,20251209,91520950,0,210283,A,B,51500,4000,
600027.SH,600027,20251209,91520950,0,210361,A,S,57200,8400,
600027.SH,600027,20251209,91520950,0,210842,A,S,53500,400,
600027.SH,600027,20251209,91520950,0,210927,A,S,55200,800,
600027.SH,600027,20251209,91520950,0,211368,A,S,52900,3000,
600027.SH,600027,20251209,91520950,0,211370,A,S,53200,3200,
600027.SH,600027,20251209,91520950,0,211371,A,S,53800,2200,
600027.SH,600027,20251209,91520950,0,211372,A,S,54500,2200,
600027.SH,600027,20251209,91520950,0,211501,A,S,55500,2200,
600027.SH,600027,20251209,91521140,0,211775,A,S,57200,2000,
600027.SH,600027,20251209,91521140,0,211913,A,S,52700,200000,
600027.SH,600027,20251209,91521140,0,212005,A,S,54000,200,
600027.SH,600027,20251209,91521140,0,212158,A,S,57100,500,
600027.SH,600027,20251209,91521140,0,212223,A,S,53200,200,
600027.SH,600027,20251209,91521140,0,212479,A,S,54500,200,
600027.SH,600027,20251209,91521140,0,212664,A,S,55500,1800,
600027.SH,600027,20251209,91521140,0,212772,A,S,53000,2000,
600027.SH,600027,20251209,91521140,0,213561,A,S,53200,11700,
600027.SH,600027,20251209,91521140,0,213588,A,S,52800,30000,
600027.SH,600027,20251209,91521140,0,213622,A,S,56500,200,
600027.SH,600027,20251209,91521140,0,213623,A,S,57000,200,
600027.SH,600027,20251209,91521320,0,213812,A,B,51600,1000,
600027.SH,600027,20251209,91521320,0,214269,A,B,51200,30000,
600027.SH,600027,20251209,91521320,0,214362,A,B,51500,200,
600027.SH,600027,20251209,91521420,0,215040,A,S,57200,14300,
600027.SH,600027,20251209,91521420,0,215136,A,S,57200,500,
600027.SH,600027,20251209,91521420,0,215169,A,S,53300,700,
600027.SH,600027,20251209,91521420,0,215284,A,B,51000,200,
600027.SH,600027,20251209,91521420,0,215314,A,S,57200,300,
600027.SH,600027,20251209,91521420,0,215391,A,B,51500,10000,
600027.SH,600027,20251209,91521420,0,215547,A,S,53800,1000,
600027.SH,600027,20251209,91521420,0,215830,A,B,51100,5700,
600027.SH,600027,20251209,91521420,0,215903,A,S,53700,2000,
600027.SH,600027,20251209,91521420,0,215973,A,S,52500,1300,
600027.SH,600027,20251209,91521600,0,216461,A,B,51600,20000,
600027.SH,600027,20251209,91521600,0,216496,A,B,51600,500,
600027.SH,600027,20251209,91521600,0,216501,A,S,54000,3000,
600027.SH,600027,20251209,91521600,0,216782,A,S,54500,3000,
600027.SH,600027,20251209,91521600,0,216886,A,S,53300,25200,
600027.SH,600027,20251209,91521600,0,216986,A,S,55000,3000,
600027.SH,600027,20251209,91521600,0,217219,A,S,55500,3000,
600027.SH,600027,20251209,91521600,0,217220,A,S,56000,3000,
600027.SH,600027,20251209,91521600,0,217233,A,S,52400,4000,
600027.SH,600027,20251209,91521600,0,217248,A,S,57200,3600,
600027.SH,600027,20251209,91521600,0,217458,A,B,51200,2000,
600027.SH,600027,20251209,91521600,0,217804,A,S,56000,400,
600027.SH,600027,20251209,91521600,0,217988,A,S,51900,11500,
600027.SH,600027,20251209,91521790,0,218569,A,S,52200,4000,
600027.SH,600027,20251209,91521790,0,218796,A,B,51700,2000,
600027.SH,600027,20251209,91521790,0,218838,A,B,51500,5000,
600027.SH,600027,20251209,91521790,0,218952,A,B,51200,8000,
600027.SH,600027,20251209,91521790,0,218976,A,S,54500,1700,
600027.SH,600027,20251209,91521790,0,218979,A,B,51500,2000,
600027.SH,600027,20251209,91521790,0,219117,A,B,51400,8000,
600027.SH,600027,20251209,91521790,0,219267,A,B,51400,8000,
600027.SH,600027,20251209,91521790,0,219308,A,B,51100,8000,
600027.SH,600027,20251209,91521790,0,219407,A,B,51600,4000,
600027.SH,600027,20251209,91521790,0,219937,A,B,51900,1000,
600027.SH,600027,20251209,91521790,0,219941,A,S,54000,8000,
600027.SH,600027,20251209,91521790,0,219942,A,B,52000,2000,
600027.SH,600027,20251209,91521790,0,219943,A,S,52900,2000,
600027.SH,600027,20251209,91521790,0,219947,A,S,54500,8000,
600027.SH,600027,20251209,91521790,0,219950,A,S,57200,16200,
600027.SH,600027,20251209,91521980,0,220074,A,S,53200,2000,
600027.SH,600027,20251209,91521980,0,220096,A,S,54300,2500,
600027.SH,600027,20251209,91521980,0,220149,A,B,51700,8000,
600027.SH,600027,20251209,91521980,0,220299,A,S,55800,7000,
600027.SH,600027,20251209,91521980,0,220306,A,S,56800,7000,
600027.SH,600027,20251209,91521980,0,220619,A,B,51300,8000,
600027.SH,600027,20251209,91521980,0,220713,A,B,50000,3000,
600027.SH,600027,20251209,91521980,0,220735,A,B,51600,1100,
600027.SH,600027,20251209,91521980,0,220780,A,S,55900,2000,
600027.SH,600027,20251209,91521980,0,220802,A,S,53500,5900,
600027.SH,600027,20251209,91521980,0,221328,A,S,53800,12900,
600027.SH,600027,20251209,91521980,0,221390,A,S,53600,2000,
600027.SH,600027,20251209,91521980,0,221430,A,B,50000,1000,
600027.SH,600027,20251209,91521980,0,221597,A,S,53900,2000,
600027.SH,600027,20251209,91521980,0,221598,A,B,51500,2200,
600027.SH,600027,20251209,91521980,0,221693,A,B,51300,4400,
600027.SH,600027,20251209,91522150,0,222024,A,B,53500,100,
600027.SH,600027,20251209,91522150,0,222118,A,S,53500,2000,
600027.SH,600027,20251209,91522150,0,222249,A,S,52800,1000,
600027.SH,600027,20251209,91522150,0,222308,A,B,49500,6000,
600027.SH,600027,20251209,91522150,0,222322,A,B,51300,1500,
600027.SH,600027,20251209,91522150,0,222397,A,S,52600,1000,
600027.SH,600027,20251209,91522150,0,222471,A,S,52900,1000,
600027.SH,600027,20251209,91522150,0,222662,A,S,53300,1000,
600027.SH,600027,20251209,91522150,0,222664,A,S,53600,1000,
600027.SH,600027,20251209,91522150,0,222665,A,B,51300,3000,
600027.SH,600027,20251209,91522150,0,222667,A,B,51100,1100,
600027.SH,600027,20251209,91522150,0,222868,A,S,52700,200,
600027.SH,600027,20251209,91522150,0,222926,A,B,51100,200,
600027.SH,600027,20251209,91522150,0,222962,A,B,51100,200,
600027.SH,600027,20251209,91522150,0,223429,A,S,55500,1000,
600027.SH,600027,20251209,91522150,0,223582,A,S,52600,10000,
600027.SH,600027,20251209,91522150,0,223674,A,B,51500,10000,
600027.SH,600027,20251209,91522410,0,223756,A,B,51500,10000,
600027.SH,600027,20251209,91522410,0,223930,A,S,54800,600,
600027.SH,600027,20251209,91522410,0,223931,A,B,51100,400,
600027.SH,600027,20251209,91522410,0,224295,A,B,51400,2000,
600027.SH,600027,20251209,91522410,0,224430,A,S,52900,30000,
600027.SH,600027,20251209,91522410,0,224442,A,S,57100,1300,
600027.SH,600027,20251209,91522410,0,224726,A,B,51500,8000,
600027.SH,600027,20251209,91522410,0,224729,A,B,51300,8000,
600027.SH,600027,20251209,91522410,0,224830,A,B,51200,8000,
600027.SH,600027,20251209,91522570,0,225752,A,B,51800,100,
600027.SH,600027,20251209,91522570,0,225753,A,S,52400,100,
600027.SH,600027,20251209,91522570,0,225980,A,B,50500,101200,
600027.SH,600027,20251209,91522570,0,226009,A,S,57000,3300,
600027.SH,600027,20251209,91522570,0,226644,A,S,56200,1000,
600027.SH,600027,20251209,91522570,0,226645,A,S,57200,1000,
600027.SH,600027,20251209,91522760,0,226886,A,B,50300,150000,
600027.SH,600027,20251209,91522760,0,227016,A,B,51500,6000,
600027.SH,600027,20251209,91522820,0,227552,A,B,51600,2000,
600027.SH,600027,20251209,91522820,0,227940,A,S,52300,1000,
600027.SH,600027,20251209,91522820,0,227957,A,S,52600,4000,
600027.SH,600027,20251209,91522820,0,227966,A,S,52400,1000,
600027.SH,600027,20251209,91522820,0,227980,A,B,51500,1000,
600027.SH,600027,20251209,91522820,0,228231,A,S,52500,1000,
600027.SH,600027,20251209,91522820,0,228257,A,S,52600,1000,
600027.SH,600027,20251209,91522820,0,228263,A,B,52000,900,
600027.SH,600027,20251209,91522820,0,228381,A,S,57200,26200,
600027.SH,600027,20251209,91522820,0,228390,A,B,48100,4500,
600027.SH,600027,20251209,91522820,0,228396,A,S,52200,1000,
600027.SH,600027,20251209,91522820,0,228533,A,S,55000,1000,
600027.SH,600027,20251209,91522820,0,228553,A,B,47000,400,
600027.SH,600027,20251209,91522820,0,228870,A,S,54800,3000,
600027.SH,600027,20251209,91523010,0,228974,A,B,46800,3000,
600027.SH,600027,20251209,91523010,0,229047,A,B,51500,1000,
600027.SH,600027,20251209,91523010,0,229082,A,S,56900,500,
600027.SH,600027,20251209,91523010,0,229743,A,S,53000,2000,
600027.SH,600027,20251209,91523010,0,229791,A,S,57200,1400,
600027.SH,600027,20251209,91523010,0,230172,A,B,51000,30000,
600027.SH,600027,20251209,91523140,0,230712,A,S,55800,2000,
600027.SH,600027,20251209,91523140,0,230898,A,B,51600,1000,
600027.SH,600027,20251209,91523140,0,230899,A,B,51100,1000,
600027.SH,600027,20251209,91523140,0,231077,A,B,51000,10000,
600027.SH,600027,20251209,91523140,0,231179,A,B,51500,2000,
600027.SH,600027,20251209,91523140,0,231181,A,B,51000,2000,
600027.SH,600027,20251209,91523140,0,231186,A,B,50500,2000,
600027.SH,600027,20251209,91523140,0,231187,A,S,52500,2000,
600027.SH,600027,20251209,91523140,0,231199,A,S,53000,2000,
600027.SH,600027,20251209,91523140,0,231253,A,S,56200,300,
600027.SH,600027,20251209,91523140,0,231498,A,S,53500,2000,
600027.SH,600027,20251209,91523340,0,232019,A,S,57000,600,
600027.SH,600027,20251209,91523340,0,232093,A,B,51700,2000,
600027.SH,600027,20251209,91523340,0,232096,A,B,51100,2000,
600027.SH,600027,20251209,91523340,0,232099,A,S,52900,2000,
600027.SH,600027,20251209,91523340,0,232190,A,S,55800,2000,
600027.SH,600027,20251209,91523340,0,232311,A,S,53600,1900,
600027.SH,600027,20251209,91523340,0,232315,A,S,54300,1900,
600027.SH,600027,20251209,91523340,0,232506,A,S,52200,5000,
600027.SH,600027,20251209,91523340,0,232621,A,S,52200,30000,
600027.SH,600027,20251209,91523340,0,232672,A,S,52300,30000,
600027.SH,600027,20251209,91523340,0,233094,A,S,55400,100,
600027.SH,600027,20251209,91523340,0,233197,A,S,55000,1900,
600027.SH,600027,20251209,91523340,0,233201,A,S,55700,1900,
600027.SH,600027,20251209,91523340,0,233272,A,S,54000,600,
600027.SH,600027,20251209,91523510,0,233578,A,S,55500,600,
600027.SH,600027,20251209,91523510,0,233747,A,B,51600,1500,
600027.SH,600027,20251209,91523510,0,233811,A,S,53200,3000,
600027.SH,600027,20251209,91523510,0,233889,A,B,46800,1300,
600027.SH,600027,20251209,91523510,0,234064,A,S,57200,500,
600027.SH,600027,20251209,91523510,0,234115,A,S,54000,300,
600027.SH,600027,20251209,91523510,0,234135,A,B,49000,100,
600027.SH,600027,20251209,91523510,0,234582,A,B,51300,1000,
600027.SH,600027,20251209,91523510,0,234633,A,S,53500,2000,
600027.SH,600027,20251209,91523510,0,234851,A,B,51500,2000,
600027.SH,600027,20251209,91523510,0,234936,A,B,51600,2000,
600027.SH,600027,20251209,91523510,0,234990,A,B,51100,2000,
600027.SH,600027,20251209,91523690,0,235224,A,S,53800,2000,
600027.SH,600027,20251209,91523690,0,235717,A,S,53500,10000,
600027.SH,600027,20251209,91523690,0,235725,A,S,54000,20000,
600027.SH,600027,20251209,91523690,0,235831,A,S,56000,40000,
600027.SH,600027,20251209,91523690,0,235858,A,S,56500,10000,
600027.SH,600027,20251209,91523690,0,236344,A,B,51300,500,
600027.SH,600027,20251209,91523690,0,236461,A,B,50500,5000,
600027.SH,600027,20251209,91523690,0,236579,A,S,52700,2200,
600027.SH,600027,20251209,91523690,0,236617,A,S,54500,10000,
600027.SH,600027,20251209,91523690,0,236627,A,S,57200,700,
600027.SH,600027,20251209,91523690,0,236658,A,S,55000,30000,
600027.SH,600027,20251209,91523690,0,236713,A,S,55300,7400,
600027.SH,600027,20251209,91523690,0,236907,A,B,51400,1500,
600027.SH,600027,20251209,91523870,0,237038,A,S,57000,5000,
600027.SH,600027,20251209,91523870,0,237049,A,S,55500,10000,
600027.SH,600027,20251209,91523910,0,237115,A,S,57000,50000,
600027.SH,600027,20251209,91523960,0,237424,A,S,54200,300,
600027.SH,600027,20251209,91523960,0,237712,A,B,51800,1900,
600027.SH,600027,20251209,91523960,0,238047,A,B,51000,200,
600027.SH,600027,20251209,91524050,0,238295,A,B,50700,700,
600027.SH,600027,20251209,91524050,0,238426,A,S,53500,3600,
600027.SH,600027,20251209,91524280,0,239847,A,B,50700,1000,
600027.SH,600027,20251209,91524280,0,240966,A,B,51600,3000,
600027.SH,600027,20251209,91524280,0,240978,A,B,51500,3000,
600027.SH,600027,20251209,91524280,0,241029,A,B,51400,4000,
600027.SH,600027,20251209,91524280,0,241042,A,B,51300,5000,
600027.SH,600027,20251209,91524280,0,241240,A,S,52500,3000,
600027.SH,600027,20251209,91524280,0,241298,A,S,52800,6000,
600027.SH,600027,20251209,91524280,0,241350,A,S,52600,4000,
600027.SH,600027,20251209,91524280,0,241362,A,S,52700,5000,
600027.SH,600027,20251209,91524440,0,241435,A,S,52400,3000,
600027.SH,600027,20251209,91524440,0,241465,A,B,52000,1000,
600027.SH,600027,20251209,91524490,0,241746,A,S,56000,5000,
600027.SH,600027,20251209,91524490,0,242189,A,S,56800,200,
600027.SH,600027,20251209,91524580,0,242424,A,B,51500,2000,
600027.SH,600027,20251209,91524650,0,242743,A,S,52900,5000,
600027.SH,600027,20251209,91524650,0,243114,A,B,50800,1600,
600027.SH,600027,20251209,91524720,0,243300,A,B,51600,100,
600027.SH,600027,20251209,91524720,0,243301,A,S,53800,100,
600027.SH,600027,20251209,91524720,0,243317,A,S,52400,100,
600027.SH,600027,20251209,91524720,0,243318,A,B,51600,100,
600027.SH,600027,20251209,91524720,0,243341,A,B,51100,1000,
600027.SH,600027,20251209,91524750,0,243419,A,S,52700,1000,
600027.SH,600027,20251209,91526070,0,244112,A,B,51100,100,
600027.SH,600027,20251209,91526070,0,244113,A,S,52700,100,
600027.SH,600027,20251209,91527060,0,244320,A,S,53500,10000,
600027.SH,600027,20251209,91527060,0,244321,A,B,50500,10000,
600027.SH,600027,20251209,91529300,0,244847,A,B,51500,600,
600027.SH,600027,20251209,91529390,0,244881,A,S,57200,100,
600027.SH,600027,20251209,91532230,0,245627,A,S,53400,700,
600027.SH,600027,20251209,91532230,0,245628,A,B,51400,700,
600027.SH,600027,20251209,91533060,0,245823,A,S,56400,200,
600027.SH,600027,20251209,91533110,0,245852,A,S,53000,1000,
600027.SH,600027,20251209,91533110,0,245854,A,B,51000,1000,
600027.SH,600027,20251209,91533850,0,245988,A,B,51500,500,
600027.SH,600027,20251209,91533930,0,246013,A,S,56800,2000,
600027.SH,600027,20251209,91534090,0,246049,A,S,53100,300,
600027.SH,600027,20251209,91534090,0,246050,A,B,51100,300,
600027.SH,600027,20251209,91536430,0,246725,A,B,51000,600,
600027.SH,600027,20251209,91537730,0,247014,A,B,51800,500,
600027.SH,600027,20251209,91541900,0,248179,A,B,50500,600,
600027.SH,600027,20251209,91542040,0,248200,A,B,51400,100,
600027.SH,600027,20251209,91542040,0,248201,A,S,52400,100,
600027.SH,600027,20251209,91543330,0,248672,A,B,51400,10000,
600027.SH,600027,20251209,91546400,0,138022,D,S,54300,300,
600027.SH,600027,20251209,91547250,0,249729,A,B,50000,400,
600027.SH,600027,20251209,91549540,0,250347,A,S,52700,1400,
600027.SH,600027,20251209,91550180,0,250511,A,S,53500,300,
600027.SH,600027,20251209,91550210,0,250527,A,B,51500,300,
600027.SH,600027,20251209,91552170,0,251026,A,B,50900,100,
600027.SH,600027,20251209,91552240,0,251045,A,S,53900,100,
600027.SH,600027,20251209,91553080,0,251265,A,S,54000,400,
600027.SH,600027,20251209,91553080,0,251266,A,B,51800,400,
600027.SH,600027,20251209,91554470,0,251614,A,S,52700,4000,
600027.SH,600027,20251209,91554470,0,251615,A,B,51700,4000,
600027.SH,600027,20251209,91554750,0,251700,A,B,51000,700,
600027.SH,600027,20251209,91554970,0,251752,A,B,51000,5000,
600027.SH,600027,20251209,91555130,0,192905,D,B,53500,900,
600027.SH,600027,20251209,91555200,0,222024,D,B,53500,100,
600027.SH,600027,20251209,91557480,0,252556,A,S,57100,2500,
600027.SH,600027,20251209,91600190,0,253245,A,S,53500,1000,
600027.SH,600027,20251209,91600670,0,253339,A,B,51500,1000,
600027.SH,600027,20251209,91601040,0,253525,A,B,51300,1000,
600027.SH,600027,20251209,91601430,0,253690,A,S,55000,1000,
600027.SH,600027,20251209,91602680,0,254020,A,S,46800,400,
600027.SH,600027,20251209,91603020,0,254098,A,S,53600,5000,
600027.SH,600027,20251209,91603140,0,254150,A,S,52200,10000,
600027.SH,600027,20251209,91603160,0,254162,A,B,51600,10000,
600027.SH,600027,20251209,91607550,0,255459,A,B,51500,5000,
600027.SH,600027,20251209,91612250,0,256286,A,B,51800,50000,
600027.SH,600027,20251209,91613730,0,256486,A,S,46800,2400,
600027.SH,600027,20251209,91614750,0,256588,A,S,53000,20000,
600027.SH,600027,20251209,91615070,0,256617,A,S,57200,2900,
600027.SH,600027,20251209,91619680,0,257223,A,S,53800,5000,
600027.SH,600027,20251209,91620310,0,257328,A,S,57200,300,
600027.SH,600027,20251209,91622140,0,257563,A,B,51700,50000,
600027.SH,600027,20251209,91622670,0,257641,A,S,55000,3000,
600027.SH,600027,20251209,91622730,0,257654,A,S,57200,2000,
600027.SH,600027,20251209,91624150,0,257825,A,B,51900,700,
600027.SH,600027,20251209,91632460,0,259152,A,B,51500,200,
600027.SH,600027,20251209,91634340,0,259416,A,B,51700,3000,
600027.SH,600027,20251209,91635390,0,259574,A,B,51600,100000,
600027.SH,600027,20251209,91636030,0,259663,A,S,57200,800,
600027.SH,600027,20251209,91640760,0,260338,A,B,51800,4000,
600027.SH,600027,20251209,91642150,0,260533,A,B,51700,2000,
600027.SH,600027,20251209,91642260,0,260553,A,B,51500,3000,
